<?xml version="1.0" encoding="UTF-8"?>
<!DOCTYPE html PUBLIC "-//W3C//DTD XHTML 1.0 Transitional//EN"
    "http://www.w3.org/TR/xhtml1/DTD/xhtml1-transitional.dtd">
<html xmlns="http://www.w3.org/1999/xhtml" xml:lang="en" lang="en">
 <head>
  <title>
</title>
<meta http-equiv="Content-Type" content="text/html;charset=utf-8" />
  <meta name='ocr-system' content='tesseract 3.04.00' />
  <meta name='ocr-capabilities' content='ocr_page ocr_carea ocr_par ocr_line ocrx_word'/>
</head>
<body>
  <div class='ocr_page' id='page_1' title='image "./opusepistolarum00flowgoog_0077.png"; bbox 0 0 3355 5380; ppageno 0'>
   <div class='ocr_carea' id='block_1_1' title="bbox 215 363 2614 449">
    <p class='ocr_par' dir='ltr' id='par_1_1' title="bbox 215 363 2614 449">
     <span class='ocr_line' id='line_1_1' title="bbox 215 363 2614 449; baseline 0.006 -23"><span class='ocrx_word' id='word_1_1' title='bbox 215 363 391 449; x_wconf 78' lang='lat'>1524]</span> <span class='ocrx_word' id='word_1_2' title='bbox 787 370 1357 435; x_wconf 77' lang='lat' dir='ltr'>COMPENDIVM</span> <span class='ocrx_word' id='word_1_3' title='bbox 1410 373 1679 435; x_wconf 81' lang='lat' dir='ltr'><strong>VITAE</strong></span> <span class='ocrx_word' id='word_1_4' title='bbox 1736 375 2062 438; x_wconf 85' lang='lat' dir='ltr'>ERASMI</span> <span class='ocrx_word' id='word_1_5' title='bbox 2536 383 2614 441; x_wconf 78' lang='lat'>49</span> 
     </span>
    </p>
   </div>
   <div class='ocr_carea' id='block_1_2' title="bbox 190 523 2703 4138">
    <p class='ocr_par' dir='ltr' id='par_1_2' title="bbox 214 523 2703 1293">
     <span class='ocr_line' id='line_1_2' title="bbox 217 523 2617 612; baseline 0.005 -27"><span class='ocrx_word' id='word_1_6' title='bbox 217 528 310 585; x_wconf 86' lang='lat' dir='ltr'>est</span> <span class='ocrx_word' id='word_1_7' title='bbox 348 523 419 585; x_wconf 90' lang='lat' dir='ltr'>in</span> <span class='ocrx_word' id='word_1_8' title='bbox 455 525 752 603; x_wconf 85' lang='lat' dir='ltr'>patriam.</span> <span class='ocrx_word' id='word_1_9' title='bbox 848 528 1158 590; x_wconf 86' lang='lat' dir='ltr'>Gerardus</span> <span class='ocrx_word' id='word_1_10' title='bbox 1192 532 1440 606; x_wconf 80' lang='lat' dir='ltr'>accepto</span> <span class='ocrx_word' id='word_1_11' title='bbox 1477 530 1644 591; x_wconf 91' lang='lat' dir='ltr'>tristi</span> <span class='ocrx_word' id='word_1_12' title='bbox 1682 531 1910 593; x_wconf 89' lang='lat' dir='ltr'>nuncio</span> <span class='ocrx_word' id='word_1_13' title='bbox 1952 533 2151 610; x_wconf 90' lang='lat' dir='ltr'>coepit</span> <span class='ocrx_word' id='word_1_14' title='bbox 2192 536 2504 612; x_wconf 78' lang='lat' dir='ltr'>aegrotare</span> <span class='ocrx_word' id='word_1_15' title='bbox 2547 554 2617 597; x_wconf 91' lang='lat' dir='ltr'>ac</span> 
     </span>
     <span class='ocr_line' id='line_1_3' title="bbox 225 623 2703 710; baseline 0.004 -25"><span class='ocrx_word' id='word_1_16' title='bbox 225 623 407 701; x_wconf 85' lang='lat' dir='ltr'>paulo</span> <span class='ocrx_word' id='word_1_17' title='bbox 436 628 578 702; x_wconf 85' lang='lat' dir='ltr'>post</span> <span class='ocrx_word' id='word_1_18' title='bbox 611 629 914 687; x_wconf 86' lang='lat' dir='ltr'>mortuus</span> <span class='ocrx_word' id='word_1_19' title='bbox 947 629 1057 688; x_wconf 86' lang='lat' dir='ltr'>est.</span> <span class='ocrx_word' id='word_1_20' title='bbox 1144 626 1420 705; x_wconf 79' lang='lat' dir='ltr'>Vterque</span> <span class='ocrx_word' id='word_1_21' title='bbox 1456 628 1718 691; x_wconf 77' lang='lat' dir='ltr'>decessit</span> <span class='ocrx_word' id='word_1_22' title='bbox 1755 650 1884 691; x_wconf 91' lang='lat' dir='ltr'>non</span> <span class='ocrx_word' id='word_1_23' title='bbox 1917 630 2120 692; x_wconf 88' lang='lat' dir='ltr'>multo</span> <span class='ocrx_word' id='word_1_24' title='bbox 2157 651 2341 710; x_wconf 89' lang='lat' dir='ltr'>supra</span> <span class='ocrx_word' id='word_1_25' title='bbox 2375 651 2617 694; x_wconf 90' lang='lat' dir='ltr'>annum</span> <span class='ocrx_word' id='word_1_26' title='bbox 2642 650 2703 702; x_wconf 85' lang='lat'>45</span> 
     </span>
     <span class='ocr_line' id='line_1_4' title="bbox 222 722 2609 804; baseline 0.004 -22"><span class='ocrx_word' id='word_1_27' title='bbox 222 722 778 800; x_wconf 69' lang='lat' dir='ltr'>quadragesimum.</span> <span class='ocrx_word' id='word_1_28' title='bbox 871 724 1025 785; x_wconf 82' lang='lat' dir='ltr'>Tres</span> <span class='ocrx_word' id='word_1_29' title='bbox 1080 727 1321 786; x_wconf 87' lang='lat' dir='ltr'>tutores</span> <span class='ocrx_word' id='word_1_30' title='bbox 1378 725 1657 788; x_wconf 81' lang='lat' dir='ltr'>instituit</span> <span class='ocrx_word' id='word_1_31' title='bbox 1718 747 1872 804; x_wconf 90' lang='lat' dir='ltr'>quos</span> <span class='ocrx_word' id='word_1_32' title='bbox 1930 727 2195 789; x_wconf 91' lang='lat' dir='ltr'>habebat</span> <span class='ocrx_word' id='word_1_33' title='bbox 2254 728 2609 792; x_wconf 88' lang='lat' dir='ltr'>fidissimos.</span> 
     </span>
     <span class='ocr_line' id='line_1_5' title="bbox 224 819 2617 906; baseline 0.004 -26"><span class='ocrx_word' id='word_1_34' title='bbox 224 819 473 882; x_wconf 84' lang='lat' dir='ltr'>Horum</span> <span class='ocrx_word' id='word_1_35' title='bbox 505 822 878 900; x_wconf 84' lang='lat' dir='ltr'>praecipuus</span> <span class='ocrx_word' id='word_1_36' title='bbox 905 826 1035 883; x_wconf 90' lang='lat' dir='ltr'>erat</span> <span class='ocrx_word' id='word_1_37' title='bbox 1062 823 1290 884; x_wconf 89' lang='lat' dir='ltr'>Petrus</span> <span class='ocrx_word' id='word_1_38' title='bbox 1313 822 1626 900; x_wconf 84' lang='lat' dir='ltr'>Winckel,</span> <span class='ocrx_word' id='word_1_39' title='bbox 1656 827 1797 885; x_wconf 87' lang='lat' dir='ltr'>tum</span> <span class='ocrx_word' id='word_1_40' title='bbox 1835 826 1969 886; x_wconf 92' lang='lat' dir='ltr'>ludi</span> <span class='ocrx_word' id='word_1_41' title='bbox 2005 826 2286 887; x_wconf 90' lang='lat' dir='ltr'>litterarii</span> <span class='ocrx_word' id='word_1_42' title='bbox 2323 828 2617 906; x_wconf 85' lang='lat' dir='ltr'>magister</span> 
     </span>
     <span class='ocr_line' id='line_1_6' title="bbox 220 918 2617 999; baseline 0.004 -20"><span class='ocrx_word' id='word_1_43' title='bbox 220 918 489 981; x_wconf 80' lang='lat' dir='ltr'>Gaudae.</span> <span class='ocrx_word' id='word_1_44' title='bbox 599 920 868 998; x_wconf 87' lang='lat' dir='ltr'>Legauit</span> <span class='ocrx_word' id='word_1_45' title='bbox 923 940 1055 982; x_wconf 91' lang='lat' dir='ltr'>rem</span> <span class='ocrx_word' id='word_1_46' title='bbox 1107 921 1502 999; x_wconf 82' lang='lat' dir='ltr'>mediocrem,</span> <span class='ocrx_word' id='word_1_47' title='bbox 1553 923 1609 983; x_wconf 91' lang='lat' dir='ltr'>si</span> <span class='ocrx_word' id='word_1_48' title='bbox 1663 926 1903 985; x_wconf 90' lang='lat' dir='ltr'>tutores</span> <span class='ocrx_word' id='word_1_49' title='bbox 1950 924 2114 986; x_wconf 90' lang='lat' dir='ltr'>bona</span> <span class='ocrx_word' id='word_1_50' title='bbox 2156 924 2278 985; x_wconf 91' lang='lat' dir='ltr'>fide</span> <span class='ocrx_word' id='word_1_51' title='bbox 2325 926 2617 988; x_wconf 86' lang='lat' dir='ltr'>adminis-</span> 
     </span>
     <span class='ocr_line' id='line_1_7' title="bbox 220 1018 2615 1100; baseline 0.004 -23"><span class='ocrx_word' id='word_1_52' title='bbox 220 1021 507 1080; x_wconf 78' lang='lat' dir='ltr'>trassent.</span> <span class='ocrx_word' id='word_1_53' title='bbox 598 1019 824 1098; x_wconf 81' lang='lat' dir='ltr'>Itaque</span> <span class='ocrx_word' id='word_1_54' title='bbox 876 1018 1193 1096; x_wconf 71' lang='lat' dir='ltr'>ablegatus</span> <span class='ocrx_word' id='word_1_55' title='bbox 1240 1024 1334 1080; x_wconf 83' lang='lat' dir='ltr'>est</span> <span class='ocrx_word' id='word_1_56' title='bbox 1380 1020 1449 1081; x_wconf 91' lang='lat' dir='ltr'>in</span> <span class='ocrx_word' id='word_1_57' title='bbox 1498 1022 1985 1099; x_wconf 88' lang='lat' dir='ltr'>Buscum-ducis,</span> <span class='ocrx_word' id='word_1_58' title='bbox 2040 1043 2235 1100; x_wconf 89' lang='lat' dir='ltr'>quum</span> <span class='ocrx_word' id='word_1_59' title='bbox 2284 1023 2410 1084; x_wconf 91' lang='lat' dir='ltr'>iam</span> <span class='ocrx_word' id='word_1_60' title='bbox 2465 1024 2615 1086; x_wconf 90' lang='lat' dir='ltr'>satis</span> 
     </span>
     <span class='ocr_line' id='line_1_8' title="bbox 217 1117 2703 1201; baseline 0.002 -24"><span class='ocrx_word' id='word_1_61' title='bbox 217 1119 506 1177; x_wconf 83' lang='lat' dir='ltr'>maturus</span> <span class='ocrx_word' id='word_1_62' title='bbox 545 1120 711 1178; x_wconf 89' lang='lat' dir='ltr'>esset</span> <span class='ocrx_word' id='word_1_63' title='bbox 748 1117 1110 1180; x_wconf 77' lang='lat' dir='ltr'>academiae.</span> <span class='ocrx_word' id='word_1_64' title='bbox 1198 1117 1436 1180; x_wconf 90' lang='lat' dir='ltr'>Verum</span> <span class='ocrx_word' id='word_1_65' title='bbox 1474 1118 1571 1180; x_wconf 90' lang='lat' dir='ltr'>illi</span> <span class='ocrx_word' id='word_1_66' title='bbox 1609 1120 1985 1182; x_wconf 85' lang='lat' dir='ltr'>academiam</span> <span class='ocrx_word' id='word_1_67' title='bbox 2026 1120 2404 1195; x_wconf 81' lang='lat' dir='ltr'>metuebant,</span> <span class='ocrx_word' id='word_1_68' title='bbox 2449 1123 2612 1201; x_wconf 89' lang='lat' dir='ltr'>quod</span> <span class='ocrx_word' id='word_1_69' title='bbox 2640 1133 2703 1183; x_wconf 87' lang='lat'>50</span> 
     </span>
     <span class='ocr_line' id='line_1_9' title="bbox 214 1215 1381 1293; baseline 0.002 -18"><span class='ocrx_word' id='word_1_70' title='bbox 214 1218 572 1276; x_wconf 72' lang='lat' dir='ltr'>statuerant</span> <span class='ocrx_word' id='word_1_71' title='bbox 595 1234 863 1293; x_wconf 88' lang='lat' dir='ltr'>puerum</span> <span class='ocrx_word' id='word_1_72' title='bbox 890 1215 1176 1293; x_wconf 79' lang='lat' dir='ltr'>religioni</span> <span class='ocrx_word' id='word_1_73' title='bbox 1201 1216 1381 1277; x_wconf 89' lang='lat' dir='ltr'>alere.</span> 
     </span>
    </p>

    <p class='ocr_par' dir='ltr' id='par_1_3' title="bbox 190 1312 2698 4138">
     <span class='ocr_line' id='line_1_10' title="bbox 293 1312 2608 1394; baseline 0.002 -21"><span class='ocrx_word' id='word_1_74' title='bbox 293 1312 442 1373; x_wconf 74' lang='lat' dir='ltr'>mie</span> <span class='ocrx_word' id='word_1_75' title='bbox 468 1313 652 1387; x_wconf 83' lang='lat' dir='ltr'>vixit,</span> <span class='ocrx_word' id='word_1_76' title='bbox 684 1313 803 1374; x_wconf 90' lang='lat' dir='ltr'>hoc</span> <span class='ocrx_word' id='word_1_77' title='bbox 830 1316 929 1375; x_wconf 90' lang='lat' dir='ltr'>est</span> <span class='ocrx_word' id='word_1_78' title='bbox 961 1313 1246 1391; x_wconf 86' lang='lat' dir='ltr'>perdidit,</span> <span class='ocrx_word' id='word_1_79' title='bbox 1276 1332 1477 1375; x_wconf 88' lang='lat' dir='ltr'>annos</span> <span class='ocrx_word' id='word_1_80' title='bbox 1511 1314 1708 1377; x_wconf 85' lang='lat' dir='ltr'>ferme</span> <span class='ocrx_word' id='word_1_81' title='bbox 1743 1318 1871 1377; x_wconf 89' lang='lat' dir='ltr'>tres</span> <span class='ocrx_word' id='word_1_82' title='bbox 1907 1315 1975 1376; x_wconf 88' lang='lat' dir='ltr'>in</span> <span class='ocrx_word' id='word_1_83' title='bbox 2011 1316 2274 1377; x_wconf 90' lang='lat' dir='ltr'>aedibus</span> <span class='ocrx_word' id='word_1_84' title='bbox 2301 1317 2608 1394; x_wconf 83' lang='lat' dir='ltr'>Fratrum,</span> 
     </span>
     <span class='ocr_line' id='line_1_11' title="bbox 212 1409 2612 1493; baseline 0.002 -21"><span class='ocrx_word' id='word_1_85' title='bbox 212 1414 284 1472; x_wconf 83' lang='lat' dir='ltr'>vt</span> <span class='ocrx_word' id='word_1_86' title='bbox 306 1414 586 1485; x_wconf 81' lang='lat' dir='ltr'>vocant3</span> <span class='ocrx_word' id='word_1_87' title='bbox 627 1409 696 1471; x_wconf 88' lang='lat' dir='ltr'>in</span> <span class='ocrx_word' id='word_1_88' title='bbox 730 1411 961 1489; x_wconf 87' lang='lat' dir='ltr'>quibus</span> <span class='ocrx_word' id='word_1_89' title='bbox 994 1414 1134 1473; x_wconf 90' lang='lat' dir='ltr'>tum</span> <span class='ocrx_word' id='word_1_90' title='bbox 1169 1411 1428 1474; x_wconf 87' lang='lat' dir='ltr'>docebat</span> <span class='ocrx_word' id='word_1_91' title='bbox 1467 1413 1869 1476; x_wconf 79' lang='lat' dir='ltr'>Romboldus.</span> <span class='ocrx_word' id='word_1_92' title='bbox 1958 1414 2134 1489; x_wconf 80' lang='lat' dir='ltr'>Quod</span> <span class='ocrx_word' id='word_1_93' title='bbox 2177 1434 2375 1493; x_wconf 89' lang='lat' dir='ltr'>genus</span> <span class='ocrx_word' id='word_1_94' title='bbox 2414 1414 2612 1477; x_wconf 88' lang='lat' dir='ltr'>homi·</span> 
     </span>
     <span class='ocr_line' id='line_1_12' title="bbox 211 1509 2611 1591; baseline 0.002 -22"><span class='ocrx_word' id='word_1_95' title='bbox 211 1528 369 1570; x_wconf 86' lang='lat' dir='ltr'>num</span> <span class='ocrx_word' id='word_1_96' title='bbox 420 1512 556 1571; x_wconf 90' lang='lat' dir='ltr'>iam</span> <span class='ocrx_word' id='word_1_97' title='bbox 597 1509 723 1570; x_wconf 87' lang='lat' dir='ltr'>late</span> <span class='ocrx_word' id='word_1_98' title='bbox 764 1528 834 1570; x_wconf 91' lang='lat' dir='ltr'>se</span> <span class='ocrx_word' id='word_1_99' title='bbox 879 1509 1110 1587; x_wconf 79' lang='lat' dir='ltr'>spargit</span> <span class='ocrx_word' id='word_1_100' title='bbox 1156 1529 1269 1588; x_wconf 89' lang='lat' dir='ltr'>per</span> <span class='ocrx_word' id='word_1_101' title='bbox 1315 1510 1542 1588; x_wconf 85' lang='lat' dir='ltr'>orbem,</span> <span class='ocrx_word' id='word_1_102' title='bbox 1592 1532 1786 1591; x_wconf 89' lang='lat' dir='ltr'>quum</span> <span class='ocrx_word' id='word_1_103' title='bbox 1829 1512 1914 1572; x_wconf 88' lang='lat' dir='ltr'>sit</span> <span class='ocrx_word' id='word_1_104' title='bbox 1958 1512 2263 1589; x_wconf 78' lang='lat' dir='ltr'>pernicies</span> <span class='ocrx_word' id='word_1_105' title='bbox 2304 1512 2611 1574; x_wconf 89' lang='lat' dir='ltr'>bonorum</span> 
     </span>
     <span class='ocr_line' id='line_1_13' title="bbox 210 1604 2698 1690; baseline 0.004 -22"><span class='ocrx_word' id='word_1_106' title='bbox 210 1607 616 1686; x_wconf 87' lang='lat' dir='ltr'>ingeniorum</span> <span class='ocrx_word' id='word_1_107' title='bbox 654 1611 720 1668; x_wconf 91' lang='lat' dir='ltr'>et</span> <span class='ocrx_word' id='word_1_108' title='bbox 759 1609 1089 1670; x_wconf 86' lang='lat' dir='ltr'>seminaria</span> <span class='ocrx_word' id='word_1_109' title='bbox 1126 1604 1591 1674; x_wconf 85' lang='lat' dir='ltr'>monachorum.</span> <span class='ocrx_word' id='word_1_110' title='bbox 1680 1610 2076 1687; x_wconf 87' lang='lat' dir='ltr'>Romboldus‚</span> <span class='ocrx_word' id='word_1_111' title='bbox 2122 1612 2228 1690; x_wconf 88' lang='lat' dir='ltr'>qui</span> <span class='ocrx_word' id='word_1_112' title='bbox 2274 1611 2433 1673; x_wconf 86' lang='lat' dir='ltr'>mire</span> <span class='ocrx_word' id='word_1_113' title='bbox 2471 1612 2609 1674; x_wconf 88' lang='lat' dir='ltr'>ada-</span> <span class='ocrx_word' id='word_1_114' title='bbox 2636 1625 2698 1677; x_wconf 84' lang='lat'>55</span> 
     </span>
     <span class='ocr_line' id='line_1_14' title="bbox 210 1705 2601 1789; baseline 0.003 -24"><span class='ocrx_word' id='word_1_115' title='bbox 210 1705 427 1766; x_wconf 76' lang='lat' dir='ltr'>mahat</span> <span class='ocrx_word' id='word_1_116' title='bbox 452 1705 779 1784; x_wconf 82' lang='lat' dir='ltr'>ingenium</span> <span class='ocrx_word' id='word_1_117' title='bbox 806 1705 1003 1783; x_wconf 86' lang='lat' dir='ltr'>pueri,</span> <span class='ocrx_word' id='word_1_118' title='bbox 1037 1706 1238 1784; x_wconf 89' lang='lat' dir='ltr'>coepit</span> <span class='ocrx_word' id='word_1_119' title='bbox 1263 1727 1409 1768; x_wconf 92' lang='lat' dir='ltr'>eum</span> <span class='ocrx_word' id='word_1_120' title='bbox 1442 1708 1778 1770; x_wconf 89' lang='lat' dir='ltr'>sollicitare</span> <span class='ocrx_word' id='word_1_121' title='bbox 1810 1712 1882 1770; x_wconf 83' lang='lat' dir='ltr'>vt</span> <span class='ocrx_word' id='word_1_122' title='bbox 1919 1729 2031 1770; x_wconf 88' lang='lat' dir='ltr'>suo</span> <span class='ocrx_word' id='word_1_123' title='bbox 2069 1709 2240 1789; x_wconf 84' lang='lat' dir='ltr'>gregi</span> <span class='ocrx_word' id='word_1_124' title='bbox 2275 1708 2601 1771; x_wconf 77' lang='lat' dir='ltr'>accederet.</span> 
     </span>
     <span class='ocr_line' id='line_1_15' title="bbox 211 1803 2608 1885; baseline 0.001 -19"><span class='ocrx_word' id='word_1_125' title='bbox 211 1803 380 1866; x_wconf 84' lang='lat' dir='ltr'>Puer</span> <span class='ocrx_word' id='word_1_126' title='bbox 445 1804 780 1866; x_wconf 63' lang='lat' dir='ltr'>excumbat</span> <span class='ocrx_word' id='word_1_127' title='bbox 844 1803 1154 1866; x_wconf 88' lang='lat' dir='ltr'>inscitiam</span> <span class='ocrx_word' id='word_1_128' title='bbox 1206 1807 1437 1868; x_wconf 87' lang='lat' dir='ltr'>aetatis.</span> <span class='ocrx_word' id='word_1_129' title='bbox 1525 1807 1651 1869; x_wconf 90' lang='lat' dir='ltr'>Hic</span> <span class='ocrx_word' id='word_1_130' title='bbox 1716 1810 1927 1869; x_wconf 84' lang='lat' dir='ltr'>exorta</span> <span class='ocrx_word' id='word_1_131' title='bbox 1988 1809 2178 1884; x_wconf 88' lang='lat' dir='ltr'>peste,</span> <span class='ocrx_word' id='word_1_132' title='bbox 2241 1826 2437 1885; x_wconf 90' lang='lat' dir='ltr'>quum</span> <span class='ocrx_word' id='word_1_133' title='bbox 2499 1807 2608 1869; x_wconf 91' lang='lat' dir='ltr'>diu</span> 
     </span>
     <span class='ocr_line' id='line_1_16' title="bbox 208 1902 2608 1985; baseline 0.001 -21"><span class='ocrx_word' id='word_1_134' title='bbox 208 1902 557 1964; x_wconf 82' lang='lat' dir='ltr'>laborasset</span> <span class='ocrx_word' id='word_1_135' title='bbox 593 1903 754 1964; x_wconf 89' lang='lat' dir='ltr'>febri</span> <span class='ocrx_word' id='word_1_136' title='bbox 789 1905 1099 1981; x_wconf 55' lang='lat' dir='ltr'>quartana</span> <span class='ocrx_word' id='word_1_137' title='bbox 1131 1923 1417 1967; x_wconf 87' lang='lat' dir='ltr'>reuersus</span> <span class='ocrx_word' id='word_1_138' title='bbox 1457 1910 1553 1967; x_wconf 90' lang='lat' dir='ltr'>est</span> <span class='ocrx_word' id='word_1_139' title='bbox 1592 1906 1670 1968; x_wconf 88' lang='lat' dir='ltr'>ad</span> <span class='ocrx_word' id='word_1_140' title='bbox 1712 1908 1962 1981; x_wconf 87' lang='lat' dir='ltr'>tutores,</span> <span class='ocrx_word' id='word_1_141' title='bbox 1995 1907 2119 1967; x_wconf 91' lang='lat' dir='ltr'>iam</span> <span class='ocrx_word' id='word_1_142' title='bbox 2161 1905 2326 1984; x_wconf 82' lang='lat' dir='ltr'>stylo</span> <span class='ocrx_word' id='word_1_143' title='bbox 2367 1926 2608 1985; x_wconf 89' lang='lat' dir='ltr'>quoque</span> 
     </span>
     <span class='ocr_line' id='line_1_17' title="bbox 207 2000 2609 2080; baseline 0.001 -19"><span class='ocrx_word' id='word_1_144' title='bbox 207 2000 363 2062; x_wconf 85' lang='lat' dir='ltr'>satis</span> <span class='ocrx_word' id='word_1_145' title='bbox 431 2003 727 2079; x_wconf 88' lang='lat' dir='ltr'>prompto</span> <span class='ocrx_word' id='word_1_146' title='bbox 795 2019 872 2063; x_wconf 83' lang='lat' dir='ltr'>ex</span> <span class='ocrx_word' id='word_1_147' title='bbox 930 2000 1167 2079; x_wconf 85' lang='lat' dir='ltr'>aliquot</span> <span class='ocrx_word' id='word_1_148' title='bbox 1224 2002 1577 2065; x_wconf 89' lang='lat' dir='ltr'>auctoribus</span> <span class='ocrx_word' id='word_1_149' title='bbox 1636 2003 1821 2064; x_wconf 87' lang='lat' dir='ltr'>bonis</span> <span class='ocrx_word' id='word_1_150' title='bbox 1880 2006 2107 2080; x_wconf 87' lang='lat' dir='ltr'>parato.</span> <span class='ocrx_word' id='word_1_151' title='bbox 2195 2003 2377 2067; x_wconf 86' lang='lat' dir='ltr'>Vnus</span> <span class='ocrx_word' id='word_1_152' title='bbox 2435 2006 2609 2065; x_wconf 88' lang='lat' dir='ltr'>tutor</span> 
     </span>
     <span class='ocr_line' id='line_1_18' title="bbox 209 2098 2696 2179; baseline 0 -20"><span class='ocrx_word' id='word_1_153' title='bbox 209 2098 482 2174; x_wconf 84' lang='lat' dir='ltr'>perierat</span> <span class='ocrx_word' id='word_1_154' title='bbox 522 2101 738 2176; x_wconf 85' lang='lat' dir='ltr'>peste;</span> <span class='ocrx_word' id='word_1_155' title='bbox 786 2098 1007 2159; x_wconf 82' lang='lat' dir='ltr'>caeteri</span> <span class='ocrx_word' id='word_1_156' title='bbox 1047 2099 1171 2161; x_wconf 90' lang='lat' dir='ltr'>duo</span> <span class='ocrx_word' id='word_1_157' title='bbox 1212 2120 1280 2161; x_wconf 90' lang='lat' dir='ltr'>re</span> <span class='ocrx_word' id='word_1_158' title='bbox 1321 2121 1449 2163; x_wconf 89' lang='lat' dir='ltr'>non</span> <span class='ocrx_word' id='word_1_159' title='bbox 1489 2101 1826 2163; x_wconf 85' lang='lat' dir='ltr'>admodum</span> <span class='ocrx_word' id='word_1_160' title='bbox 1863 2099 2023 2161; x_wconf 90' lang='lat' dir='ltr'>bene</span> <span class='ocrx_word' id='word_1_161' title='bbox 2061 2102 2234 2179; x_wconf 89' lang='lat' dir='ltr'>gesta</span> <span class='ocrx_word' id='word_1_162' title='bbox 2275 2105 2696 2178; x_wconf 86' lang='lat' dir='ltr'>coeperunt6o</span> 
     </span>
     <span class='ocr_line' id='line_1_19' title="bbox 202 2196 2606 2278; baseline 0.002 -21"><span class='ocrx_word' id='word_1_163' title='bbox 202 2215 389 2274; x_wconf 79' lang='lat' dir='ltr'>agere</span> <span class='ocrx_word' id='word_1_164' title='bbox 416 2196 496 2257; x_wconf 89' lang='lat' dir='ltr'>de</span> <span class='ocrx_word' id='word_1_165' title='bbox 518 2197 916 2258; x_wconf 87' lang='lat' dir='ltr'>monasterio.</span> <span class='ocrx_word' id='word_1_166' title='bbox 1002 2197 1385 2261; x_wconf 85' lang='lat' dir='ltr'>Adolescens</span> <span class='ocrx_word' id='word_1_167' title='bbox 1411 2200 1717 2278; x_wconf 87' lang='lat' dir='ltr'>languens</span> <span class='ocrx_word' id='word_1_168' title='bbox 1751 2199 1925 2273; x_wconf 87' lang='lat' dir='ltr'>febri,</span> <span class='ocrx_word' id='word_1_169' title='bbox 1957 2218 2111 2278; x_wconf 87' lang='lat' dir='ltr'>quae</span> <span class='ocrx_word' id='word_1_170' title='bbox 2148 2217 2332 2277; x_wconf 89' lang='lat' dir='ltr'>supra</span> <span class='ocrx_word' id='word_1_171' title='bbox 2367 2218 2606 2261; x_wconf 86' lang='lat' dir='ltr'>annum</span> 
     </span>
     <span class='ocr_line' id='line_1_20' title="bbox 206 2292 2607 2376; baseline 0.002 -23"><span class='ocrx_word' id='word_1_172' title='bbox 206 2292 397 2354; x_wconf 89' lang='lat' dir='ltr'>illum</span> <span class='ocrx_word' id='word_1_173' title='bbox 444 2296 751 2370; x_wconf 89' lang='lat' dir='ltr'>tenuerat,</span> <span class='ocrx_word' id='word_1_174' title='bbox 807 2314 935 2356; x_wconf 91' lang='lat' dir='ltr'>non</span> <span class='ocrx_word' id='word_1_175' title='bbox 977 2294 1345 2359; x_wconf 84' lang='lat' dir='ltr'>abhorrebat</span> <span class='ocrx_word' id='word_1_176' title='bbox 1390 2317 1429 2359; x_wconf 89' lang='lat' dir='ltr'>a</span> <span class='ocrx_word' id='word_1_177' title='bbox 1470 2298 1742 2376; x_wconf 89' lang='lat' dir='ltr'>pietate,</span> <span class='ocrx_word' id='word_1_178' title='bbox 1725 2318 1742 2333; x_wconf 92' lang='lat'><strong>·</strong></span> <span class='ocrx_word' id='word_1_179' title='bbox 1795 2300 2103 2359; x_wconf 87' lang='lat' dir='ltr'>caeterum</span> <span class='ocrx_word' id='word_1_180' title='bbox 2147 2315 2186 2357; x_wconf 90' lang='lat' dir='ltr'>a</span> <span class='ocrx_word' id='word_1_181' title='bbox 2230 2297 2607 2360; x_wconf 87' lang='lat' dir='ltr'>monasterio</span> 
     </span>
     <span class='ocr_line' id='line_1_21' title="bbox 207 2391 2605 2473; baseline 0.002 -20"><span class='ocrx_word' id='word_1_182' title='bbox 207 2391 599 2454; x_wconf 77' lang='lat' dir='ltr'>abhorrebat.</span> <span class='ocrx_word' id='word_1_183' title='bbox 688 2393 913 2471; x_wconf 86' lang='lat' dir='ltr'>Itaque</span> <span class='ocrx_word' id='word_1_184' title='bbox 965 2393 1182 2455; x_wconf 90' lang='lat' dir='ltr'>sinunt</span> <span class='ocrx_word' id='word_1_185' title='bbox 1212 2395 1401 2461; x_wconf 89' lang='lat' dir='ltr'>diem</span> <span class='ocrx_word' id='word_1_186' title='bbox 1456 2396 1534 2457; x_wconf 86' lang='lat' dir='ltr'>ad</span> <span class='ocrx_word' id='word_1_187' title='bbox 1599 2395 2014 2473; x_wconf 86' lang='lat' dir='ltr'>cogitandum.</span> <span class='ocrx_word' id='word_1_188' title='bbox 2104 2394 2372 2456; x_wconf 90' lang='lat' dir='ltr'>Interim</span> <span class='ocrx_word' id='word_1_189' title='bbox 2432 2399 2605 2457; x_wconf 88' lang='lat' dir='ltr'>tutor</span> 
     </span>
     <span class='ocr_line' id='line_1_22' title="bbox 202 2490 2604 2571; baseline 0.002 -21"><span class='ocrx_word' id='word_1_190' title='bbox 202 2490 510 2551; x_wconf 84' lang='lat' dir='ltr'>subornat</span> <span class='ocrx_word' id='word_1_191' title='bbox 566 2490 676 2569; x_wconf 87' lang='lat' dir='ltr'>qui</span> <span class='ocrx_word' id='word_1_192' title='bbox 733 2490 1080 2568; x_wconf 82' lang='lat' dir='ltr'>pelliceant,</span> <span class='ocrx_word' id='word_1_193' title='bbox 1137 2493 1243 2571; x_wconf 89' lang='lat' dir='ltr'>qui</span> <span class='ocrx_word' id='word_1_194' title='bbox 1299 2492 1687 2569; x_wconf 86' lang='lat' dir='ltr'>minitentur,</span> <span class='ocrx_word' id='word_1_195' title='bbox 1747 2492 1854 2570; x_wconf 89' lang='lat' dir='ltr'>qui</span> <span class='ocrx_word' id='word_1_196' title='bbox 1911 2491 2265 2570; x_wconf 88' lang='lat' dir='ltr'>perpellant</span> <span class='ocrx_word' id='word_1_197' title='bbox 2319 2492 2604 2555; x_wconf 89' lang='lat' dir='ltr'>animum</span> 
     </span>
     <span class='ocr_line' id='line_1_23' title="bbox 202 2587 2692 2668; baseline 0.002 -20"><span class='ocrx_word' id='word_1_198' title='bbox 202 2587 606 2650; x_wconf 87' lang='lat' dir='ltr'>imbecillem.</span> <span class='ocrx_word' id='word_1_199' title='bbox 688 2589 900 2666; x_wconf 87' lang='lat' dir='ltr'>Atque</span> <span class='ocrx_word' id='word_1_200' title='bbox 939 2588 1176 2651; x_wconf 86' lang='lat' dir='ltr'>interea</span> <span class='ocrx_word' id='word_1_201' title='bbox 1214 2594 1521 2668; x_wconf 87' lang='lat' dir='ltr'>repererat</span> <span class='ocrx_word' id='word_1_202' title='bbox 1568 2592 1775 2651; x_wconf 91' lang='lat' dir='ltr'>locum</span> <span class='ocrx_word' id='word_1_203' title='bbox 1822 2590 1891 2651; x_wconf 91' lang='lat' dir='ltr'>in</span> <span class='ocrx_word' id='word_1_204' title='bbox 1939 2590 2314 2651; x_wconf 84' lang='lat' dir='ltr'>monasterio</span> <span class='ocrx_word' id='word_1_205' title='bbox 2362 2590 2604 2653; x_wconf 90' lang='lat' dir='ltr'>canoni·</span> <span class='ocrx_word' id='word_1_206' title='bbox 2630 2597 2692 2661; x_wconf 84' lang='lat'>65</span> 
     </span>
     <span class='ocr_line' id='line_1_24' title="bbox 200 2686 2599 2767; baseline 0.001 -19"><span class='ocrx_word' id='word_1_207' title='bbox 200 2707 420 2749; x_wconf 77' lang='lat' dir='ltr'>eorum</span> <span class='ocrx_word' id='word_1_208' title='bbox 445 2686 563 2765; x_wconf 88' lang='lat' dir='ltr'>qui</span> <span class='ocrx_word' id='word_1_209' title='bbox 595 2686 789 2764; x_wconf 80' lang='lat' dir='ltr'>vulgo</span> <span class='ocrx_word' id='word_1_210' title='bbox 814 2690 1116 2749; x_wconf 81' lang='lat' dir='ltr'>vocantur</span> <span class='ocrx_word' id='word_1_211' title='bbox 1151 2688 1531 2767; x_wconf 87' lang='lat' dir='ltr'>regulares,</span> <span class='ocrx_word' id='word_1_212' title='bbox 1512 2710 1582 2750; x_wconf 89' lang='lat' dir='ltr'>m</span> <span class='ocrx_word' id='word_1_213' title='bbox 1608 2688 1869 2767; x_wconf 83' lang='lat' dir='ltr'>collegio</span> <span class='ocrx_word' id='word_1_214' title='bbox 1895 2689 2059 2766; x_wconf 88' lang='lat' dir='ltr'>quod</span> <span class='ocrx_word' id='word_1_215' title='bbox 2088 2690 2183 2749; x_wconf 89' lang='lat' dir='ltr'>est</span> <span class='ocrx_word' id='word_1_216' title='bbox 2209 2688 2384 2750; x_wconf 84' lang='lat' dir='ltr'>iuxta</span> <span class='ocrx_word' id='word_1_217' title='bbox 2408 2688 2599 2765; x_wconf 83' lang='lat' dir='ltr'>Delft,</span> 
     </span>
     <span class='ocr_line' id='line_1_25' title="bbox 202 2785 2606 2865; baseline 0.001 -20"><span class='ocrx_word' id='word_1_218' title='bbox 202 2785 368 2846; x_wconf 81' lang='lat' dir='ltr'>dicto</span> <span class='ocrx_word' id='word_1_219' title='bbox 422 2785 623 2860; x_wconf 80' lang='lat' dir='ltr'>Sion3</span> <span class='ocrx_word' id='word_1_220' title='bbox 682 2804 839 2862; x_wconf 87' lang='lat' dir='ltr'>quae</span> <span class='ocrx_word' id='word_1_221' title='bbox 891 2785 1116 2847; x_wconf 88' lang='lat' dir='ltr'>domus</span> <span class='ocrx_word' id='word_1_222' title='bbox 1178 2789 1274 2848; x_wconf 91' lang='lat' dir='ltr'>est</span> <span class='ocrx_word' id='word_1_223' title='bbox 1324 2786 1689 2865; x_wconf 86' lang='lat' dir='ltr'>principalis</span> <span class='ocrx_word' id='word_1_224' title='bbox 1743 2787 1878 2847; x_wconf 89' lang='lat' dir='ltr'>eius</span> <span class='ocrx_word' id='word_1_225' title='bbox 1932 2785 2207 2863; x_wconf 89' lang='lat' dir='ltr'>capituli.</span> <span class='ocrx_word' id='word_1_226' title='bbox 2295 2786 2421 2846; x_wconf 91' lang='lat' dir='ltr'>Vbi</span> <span class='ocrx_word' id='word_1_227' title='bbox 2474 2787 2606 2848; x_wconf 89' lang='lat' dir='ltr'>dies</span> 
     </span>
     <span class='ocr_line' id='line_1_26' title="bbox 201 2882 2605 2962; baseline 0 -18"><span class='ocrx_word' id='word_1_228' title='bbox 201 2885 484 2945; x_wconf 76' lang='lat' dir='ltr'>venisset</span> <span class='ocrx_word' id='word_1_229' title='bbox 530 2882 965 2960; x_wconf 84' lang='lat' dir='ltr'>respondendi,</span> <span class='ocrx_word' id='word_1_230' title='bbox 1009 2884 1333 2962; x_wconf 88' lang='lat' dir='ltr'>respondit</span> <span class='ocrx_word' id='word_1_231' title='bbox 1375 2885 1712 2962; x_wconf 86' lang='lat' dir='ltr'>prudenter</span> <span class='ocrx_word' id='word_1_232' title='bbox 1759 2882 2144 2946; x_wconf 86' lang='lat' dir='ltr'>adolescens:</span> <span class='ocrx_word' id='word_1_233' title='bbox 2206 2902 2273 2943; x_wconf 89' lang='lat' dir='ltr'>se</span> <span class='ocrx_word' id='word_1_234' title='bbox 2320 2882 2605 2945; x_wconf 91' lang='lat' dir='ltr'>nondum</span> 
     </span>
     <span class='ocr_line' id='line_1_27' title="bbox 199 2979 2606 3061; baseline 0 -19"><span class='ocrx_word' id='word_1_235' title='bbox 199 2981 355 3042; x_wconf 82' lang='lat' dir='ltr'>scire</span> <span class='ocrx_word' id='word_1_236' title='bbox 382 3001 591 3058; x_wconf 89' lang='lat' dir='ltr'>neque</span> <span class='ocrx_word' id='word_1_237' title='bbox 617 2979 767 3058; x_wconf 88' lang='lat' dir='ltr'>quid</span> <span class='ocrx_word' id='word_1_238' title='bbox 793 2983 959 3042; x_wconf 89' lang='lat' dir='ltr'>esset</span> <span class='ocrx_word' id='word_1_239' title='bbox 983 2981 1274 3059; x_wconf 89' lang='lat' dir='ltr'>mundus,</span> <span class='ocrx_word' id='word_1_240' title='bbox 1306 3003 1507 3061; x_wconf 90' lang='lat' dir='ltr'>neque</span> <span class='ocrx_word' id='word_1_241' title='bbox 1534 2981 1686 3061; x_wconf 88' lang='lat' dir='ltr'>quid</span> <span class='ocrx_word' id='word_1_242' title='bbox 1715 2985 1879 3043; x_wconf 64' lang='lat' dir='ltr'>emet</span> <span class='ocrx_word' id='word_1_243' title='bbox 1905 2979 2369 3059; x_wconf 86' lang='lat' dir='ltr'>monasterium,</span> <span class='ocrx_word' id='word_1_244' title='bbox 2404 3001 2606 3060; x_wconf 90' lang='lat' dir='ltr'>neque</span> 
     </span>
     <span class='ocr_line' id='line_1_28' title="bbox 198 3079 2694 3159; baseline -0.001 -18"><span class='ocrx_word' id='word_1_245' title='bbox 198 3080 348 3157; x_wconf 89' lang='lat' dir='ltr'>quid</span> <span class='ocrx_word' id='word_1_246' title='bbox 400 3082 569 3141; x_wconf 67' lang='lat' dir='ltr'>emet</span> <span class='ocrx_word' id='word_1_247' title='bbox 614 3079 781 3156; x_wconf 74' lang='lat' dir='ltr'>ipoe:</span> <span class='ocrx_word' id='word_1_248' title='bbox 838 3080 1096 3157; x_wconf 90' lang='lat' dir='ltr'>proinde</span> <span class='ocrx_word' id='word_1_249' title='bbox 1141 3080 1344 3143; x_wconf 84' lang='lat' dir='ltr'>videri</span> <span class='ocrx_word' id='word_1_250' title='bbox 1386 3081 1733 3143; x_wconf 87' lang='lat' dir='ltr'>consultius</span> <span class='ocrx_word' id='word_1_251' title='bbox 1773 3084 1845 3142; x_wconf 84' lang='lat' dir='ltr'>vt</span> <span class='ocrx_word' id='word_1_252' title='bbox 1884 3080 2086 3142; x_wconf 90' lang='lat' dir='ltr'>adhuc</span> <span class='ocrx_word' id='word_1_253' title='bbox 2125 3100 2323 3141; x_wconf 88' lang='lat' dir='ltr'>annos</span> <span class='ocrx_word' id='word_1_254' title='bbox 2365 3080 2604 3159; x_wconf 86' lang='lat' dir='ltr'>aliquot</span> <span class='ocrx_word' id='word_1_255' title='bbox 2631 3097 2694 3153; x_wconf 82' lang='lat'>70</span> 
     </span>
     <span class='ocr_line' id='line_1_29' title="bbox 196 3176 2604 3257; baseline -0 -17"><span class='ocrx_word' id='word_1_256' title='bbox 196 3182 341 3256; x_wconf 77' lang='lat' dir='ltr'>agat</span> <span class='ocrx_word' id='word_1_257' title='bbox 378 3177 454 3240; x_wconf 85' lang='lat' dir='ltr'>in</span> <span class='ocrx_word' id='word_1_258' title='bbox 496 3176 750 3251; x_wconf 85' lang='lat' dir='ltr'>scholis,</span> <span class='ocrx_word' id='word_1_259' title='bbox 800 3177 995 3239; x_wconf 91' lang='lat' dir='ltr'>donec</span> <span class='ocrx_word' id='word_1_260' title='bbox 1043 3178 1164 3240; x_wconf 87' lang='lat' dir='ltr'>sibi</span> <span class='ocrx_word' id='word_1_261' title='bbox 1211 3179 1419 3241; x_wconf 88' lang='lat' dir='ltr'>notior</span> <span class='ocrx_word' id='word_1_262' title='bbox 1463 3182 1640 3241; x_wconf 83' lang='lat' dir='ltr'>esset.</span> <span class='ocrx_word' id='word_1_263' title='bbox 1728 3178 1901 3240; x_wconf 84' lang='lat' dir='ltr'>Haec</span> <span class='ocrx_word' id='word_1_264' title='bbox 1944 3198 2139 3257; x_wconf 89' lang='lat' dir='ltr'>quum</span> <span class='ocrx_word' id='word_1_265' title='bbox 2183 3178 2420 3240; x_wconf 87' lang='lat' dir='ltr'>videret</span> <span class='ocrx_word' id='word_1_266' title='bbox 2466 3197 2604 3239; x_wconf 89' lang='lat' dir='ltr'>con·</span> 
     </span>
     <span class='ocr_line' id='line_1_30' title="bbox 196 3275 2605 3356; baseline 0.001 -18"><span class='ocrx_word' id='word_1_267' title='bbox 196 3279 443 3338; x_wconf 70' lang='lat' dir='ltr'>stanter</span> <span class='ocrx_word' id='word_1_268' title='bbox 476 3275 606 3336; x_wconf 88' lang='lat' dir='ltr'>dici</span> <span class='ocrx_word' id='word_1_269' title='bbox 640 3275 720 3335; x_wconf 89' lang='lat' dir='ltr'>ab</span> <span class='ocrx_word' id='word_1_270' title='bbox 755 3275 1159 3352; x_wconf 83' lang='lat' dir='ltr'>adolescente,</span> <span class='ocrx_word' id='word_1_271' title='bbox 1198 3278 1415 3339; x_wconf 88' lang='lat' dir='ltr'>statim</span> <span class='ocrx_word' id='word_1_272' title='bbox 1452 3278 1782 3339; x_wconf 85' lang='lat' dir='ltr'>infremuit</span> <span class='ocrx_word' id='word_1_273' title='bbox 1818 3278 2087 3340; x_wconf 78' lang='lat' dir='ltr'>Petrus.</span> <span class='ocrx_word' id='word_1_274' title='bbox 2135 3277 2364 3355; x_wconf 79' lang='lat' dir='ltr'>‘’Ei-go</span> <span class='ocrx_word' id='word_1_275' title='bbox 2397 3277 2605 3356; x_wconf 88' lang='lat' dir='ltr'>inquit</span> 
     </span>
     <span class='ocr_line' id='line_1_31' title="bbox 198 3372 2597 3455; baseline 0.001 -20.027"><span class='ocrx_word' id='word_1_276' title='bbox 198 3376 467 3436; x_wconf 78' lang='lat' dir='ltr'>‘frustra</span> <span class='ocrx_word' id='word_1_277' title='bbox 521 3372 805 3434; x_wconf 89' lang='lat' dir='ltr'>laboraui</span> <span class='ocrx_word' id='word_1_278' title='bbox 851 3375 958 3453; x_wconf 90' lang='lat' dir='ltr'>qui</span> <span class='ocrx_word' id='word_1_279' title='bbox 1004 3375 1194 3437; x_wconf 87' lang='lat' dir='ltr'>talem</span> <span class='ocrx_word' id='word_1_280' title='bbox 1244 3377 1451 3438; x_wconf 89' lang='lat' dir='ltr'>locum</span> <span class='ocrx_word' id='word_1_281' title='bbox 1497 3376 1616 3436; x_wconf 90' lang='lat' dir='ltr'>tibi</span> <span class='ocrx_word' id='word_1_282' title='bbox 1668 3376 1914 3455; x_wconf 87' lang='lat' dir='ltr'>magnis</span> <span class='ocrx_word' id='word_1_283' title='bbox 1969 3375 2255 3453; x_wconf 89' lang='lat' dir='ltr'>precibus</span> <span class='ocrx_word' id='word_1_284' title='bbox 2312 3376 2597 3454; x_wconf 88' lang='lat' dir='ltr'>pararim.</span> 
     </span>
     <span class='ocr_line' id='line_1_32' title="bbox 196 3471 2597 3552; baseline 0 -18"><span class='ocrx_word' id='word_1_285' title='bbox 196 3474 292 3534; x_wconf 81' lang='lat' dir='ltr'>&#39;ru</span> <span class='ocrx_word' id='word_1_286' title='bbox 333 3493 407 3534; x_wconf 89' lang='lat' dir='ltr'>es</span> <span class='ocrx_word' id='word_1_287' title='bbox 444 3471 700 3547; x_wconf 86' lang='lat' dir='ltr'>nebulo,</span> <span class='ocrx_word' id='word_1_288' title='bbox 743 3491 872 3534; x_wconf 89' lang='lat' dir='ltr'>non</span> <span class='ocrx_word' id='word_1_289' title='bbox 911 3473 1105 3535; x_wconf 88' lang='lat' dir='ltr'>habes</span> <span class='ocrx_word' id='word_1_290' title='bbox 1142 3472 1432 3552; x_wconf 90' lang='lat' dir='ltr'>spiritum</span> <span class='ocrx_word' id='word_1_291' title='bbox 1473 3475 1731 3536; x_wconf 87' lang='lat' dir='ltr'>bonum.</span> <span class='ocrx_word' id='word_1_292' title='bbox 1818 3473 2063 3536; x_wconf 90' lang='lat' dir='ltr'>Abdico</span> <span class='ocrx_word' id='word_1_293' title='bbox 2104 3473 2366 3536; x_wconf 79' lang='lat' dir='ltr'>tutelam</span> <span class='ocrx_word' id='word_1_294' title='bbox 2405 3477 2597 3535; x_wconf 86' lang='lat' dir='ltr'>tuam.</span> 
     </span>
     <span class='ocr_line' id='line_1_33' title="bbox 196 3569 2690 3652; baseline 0.001 -21"><span class='ocrx_word' id='word_1_295' title='bbox 196 3570 357 3632; x_wconf 85' lang='lat' dir='ltr'>Vide</span> <span class='ocrx_word' id='word_1_296' title='bbox 396 3570 570 3632; x_wconf 82' lang='lat' dir='ltr'>vnde</span> <span class='ocrx_word' id='word_1_297' title='bbox 611 3569 842 3631; x_wconf 72' lang='lat' dir='ltr'>alaris-⁹</span> <span class='ocrx_word' id='word_1_298' title='bbox 919 3571 1106 3634; x_wconf 93' lang='lat' dir='ltr'>Adol.</span> <span class='ocrx_word' id='word_1_299' title='bbox 1146 3573 1469 3652; x_wconf 88' lang='lat' dir='ltr'>respondit</span> <span class='ocrx_word' id='word_1_300' title='bbox 1505 3593 1573 3635; x_wconf 89' lang='lat' dir='ltr'>se</span> <span class='ocrx_word' id='word_1_301' title='bbox 1612 3572 1885 3651; x_wconf 88' lang='lat' dir='ltr'>accipere</span> <span class='ocrx_word' id='word_1_302' title='bbox 1924 3572 2395 3648; x_wconf 86' lang='lat' dir='ltr'>abdicationem,</span> <span class='ocrx_word' id='word_1_303' title='bbox 2426 3574 2492 3633; x_wconf 89' lang='lat' dir='ltr'>et</span> <span class='ocrx_word' id='word_1_304' title='bbox 2527 3591 2603 3633; x_wconf 92' lang='lat' dir='ltr'>ea</span> <span class='ocrx_word' id='word_1_305' title='bbox 2631 3611 2647 3641; x_wconf 81' lang='grc'><em>,</em></span> <span class='ocrx_word' id='word_1_306' title='bbox 2629 3586 2690 3640; x_wconf 77' lang='grc'>’·5</span> 
     </span>
     <span class='ocr_line' id='line_1_34' title="bbox 195 3668 2602 3747; baseline 0 -16"><span class='ocrx_word' id='word_1_307' title='bbox 195 3689 330 3731; x_wconf 80' lang='lat' dir='ltr'>cese</span> <span class='ocrx_word' id='word_1_308' title='bbox 363 3670 575 3730; x_wconf 84' lang='lat' dir='ltr'>aetate</span> <span class='ocrx_word' id='word_1_309' title='bbox 600 3670 673 3728; x_wconf 81' lang='lat' dir='ltr'>vt</span> <span class='ocrx_word' id='word_1_310' title='bbox 706 3687 836 3729; x_wconf 90' lang='lat' dir='ltr'>non</span> <span class='ocrx_word' id='word_1_311' title='bbox 869 3688 1025 3747; x_wconf 87' lang='lat' dir='ltr'>opus</span> <span class='ocrx_word' id='word_1_312' title='bbox 1050 3669 1136 3731; x_wconf 89' lang='lat' dir='ltr'>sit</span> <span class='ocrx_word' id='word_1_313' title='bbox 1159 3669 1494 3733; x_wconf 86' lang='lat' dir='ltr'>tutoribus.</span> <span class='ocrx_word' id='word_1_314' title='bbox 1580 3670 1707 3732; x_wconf 91' lang='lat' dir='ltr'>Vbi</span> <span class='ocrx_word' id='word_1_315' title='bbox 1742 3670 1904 3731; x_wconf 88' lang='lat' dir='ltr'>vidit</span> <span class='ocrx_word' id='word_1_316' title='bbox 1938 3689 2004 3732; x_wconf 92' lang='lat' dir='ltr'>se</span> <span class='ocrx_word' id='word_1_317' title='bbox 2040 3669 2230 3731; x_wconf 90' lang='lat' dir='ltr'>minis</span> <span class='ocrx_word' id='word_1_318' title='bbox 2265 3668 2425 3731; x_wconf 90' lang='lat' dir='ltr'>nihil</span> <span class='ocrx_word' id='word_1_319' title='bbox 2464 3688 2602 3747; x_wconf 90' lang='lat' dir='ltr'>pro·</span> 
     </span>
     <span class='ocr_line' id='line_1_35' title="bbox 194 3766 2600 3848; baseline 0 -19"><span class='ocrx_word' id='word_1_320' title='bbox 194 3767 395 3841; x_wconf 79' lang='lat' dir='ltr'>ficare,</span> <span class='ocrx_word' id='word_1_321' title='bbox 441 3766 751 3828; x_wconf 88' lang='lat' dir='ltr'>subornat</span> <span class='ocrx_word' id='word_1_322' title='bbox 788 3767 1068 3843; x_wconf 82' lang='lat' dir='ltr'>fratrem,</span> <span class='ocrx_word' id='word_1_323' title='bbox 1113 3768 1223 3847; x_wconf 87' lang='lat' dir='ltr'>qui</span> <span class='ocrx_word' id='word_1_324' title='bbox 1263 3772 1330 3830; x_wconf 92' lang='lat' dir='ltr'>et</span> <span class='ocrx_word' id='word_1_325' title='bbox 1369 3768 1503 3848; x_wconf 89' lang='lat' dir='ltr'>ipse</span> <span class='ocrx_word' id='word_1_326' title='bbox 1549 3771 1726 3831; x_wconf 89' lang='lat' dir='ltr'>tutor</span> <span class='ocrx_word' id='word_1_327' title='bbox 1772 3771 1923 3845; x_wconf 87' lang='lat' dir='ltr'>erat,</span> <span class='ocrx_word' id='word_1_328' title='bbox 1971 3768 2441 3845; x_wconf 88' lang='lat' dir='ltr'>negociatorem.</span> <span class='ocrx_word' id='word_1_329' title='bbox 2529 3767 2600 3829; x_wconf 88' lang='lat' dir='ltr'>Is</span> 
     </span>
     <span class='ocr_line' id='line_1_36' title="bbox 192 3863 2591 3946; baseline 0.001 -21"><span class='ocrx_word' id='word_1_330' title='bbox 192 3863 529 3926; x_wconf 77' lang='lat' dir='ltr'>blanditiis</span> <span class='ocrx_word' id='word_1_331' title='bbox 562 3864 714 3943; x_wconf 85' lang='lat' dir='ltr'>agit.</span> <span class='ocrx_word' id='word_1_332' title='bbox 795 3866 1122 3928; x_wconf 89' lang='lat' dir='ltr'>Accedunt</span> <span class='ocrx_word' id='word_1_333' title='bbox 1156 3865 1553 3946; x_wconf 86' lang='lat' dir='ltr'>instigatores</span> <span class='ocrx_word' id='word_1_334' title='bbox 1586 3867 1873 3946; x_wconf 68' lang='lat' dir='ltr'>Vndique.</span> <span class='ocrx_word' id='word_1_335' title='bbox 1962 3865 2258 3928; x_wconf 87' lang='lat' dir='ltr'>Habebat</span> <span class='ocrx_word' id='word_1_336' title='bbox 2297 3863 2591 3940; x_wconf 85' lang='lat' dir='ltr'>sodalem,</span> 
     </span>
     <span class='ocr_line' id='line_1_37' title="bbox 190 3962 2599 4044; baseline 0 -20"><span class='ocrx_word' id='word_1_337' title='bbox 190 3965 303 4042; x_wconf 78' lang='lat' dir='ltr'>qui</span> <span class='ocrx_word' id='word_1_338' title='bbox 356 3962 642 4042; x_wconf 87' lang='lat' dir='ltr'>prodidit</span> <span class='ocrx_word' id='word_1_339' title='bbox 694 3964 987 4028; x_wconf 86' lang='lat' dir='ltr'>amicum.</span> <span class='ocrx_word' id='word_1_340' title='bbox 1076 3966 1160 4027; x_wconf 85' lang='lat' dir='ltr'>Et</span> <span class='ocrx_word' id='word_1_341' title='bbox 1214 3965 1476 4044; x_wconf 85' lang='lat' dir='ltr'>vrgebat</span> <span class='ocrx_word' id='word_1_342' title='bbox 1529 3964 1759 4027; x_wconf 81' lang='lat' dir='ltr'>febris:</span> <span class='ocrx_word' id='word_1_343' title='bbox 1828 3983 1945 4026; x_wconf 91' lang='lat' dir='ltr'>nec</span> <span class='ocrx_word' id='word_1_344' title='bbox 2005 3967 2218 4026; x_wconf 82' lang='lat' dir='ltr'>tamen</span> <span class='ocrx_word' id='word_1_345' title='bbox 2285 3963 2599 4026; x_wconf 87' lang='lat' dir='ltr'>arridebat</span> 
     </span>
     <span class='ocr_line' id='line_1_38' title="bbox 190 4060 2685 4138; baseline -0.001 -16"><span class='ocrx_word' id='word_1_346' title='bbox 190 4062 672 4138; x_wconf 84' lang='lat' dir='ltr'>monasterium,</span> <span class='ocrx_word' id='word_1_347' title='bbox 733 4061 929 4124; x_wconf 89' lang='lat' dir='ltr'>donec</span> <span class='ocrx_word' id='word_1_348' title='bbox 991 4063 1149 4125; x_wconf 88' lang='lat' dir='ltr'>forte</span> <span class='ocrx_word' id='word_1_349' title='bbox 1213 4063 1468 4125; x_wconf 89' lang='lat' dir='ltr'>fortuna</span> <span class='ocrx_word' id='word_1_350' title='bbox 1519 4063 1751 4125; x_wconf 81' lang='lat' dir='ltr'>viseret</span> <span class='ocrx_word' id='word_1_351' title='bbox 1805 4062 2257 4124; x_wconf 86' lang='lat' dir='ltr'>monasterium</span> <span class='ocrx_word' id='word_1_352' title='bbox 2316 4060 2595 4123; x_wconf 90' lang='lat' dir='ltr'>eiusdem</span> <span class='ocrx_word' id='word_1_353' title='bbox 2621 4071 2685 4121; x_wconf 87' lang='lat'>80</span> 
     </span>
    </p>
   </div>
   <div class='ocr_carea' id='block_1_3' title="bbox 256 4216 2591 4281">
    <p class='ocr_par' dir='ltr' id='par_1_4' title="bbox 256 4216 2591 4281">
     <span class='ocr_line' id='line_1_39' title="bbox 256 4216 2591 4281; baseline 0.002 -17"><span class='ocrx_word' id='word_1_354' title='bbox 256 4230 339 4278; x_wconf 78' lang='lat'>49.</span> <span class='ocrx_word' id='word_1_355' title='bbox 379 4217 439 4264; x_wconf 88' lang='lat' dir='ltr'>in</span> <span class='ocrx_word' id='word_1_356' title='bbox 458 4231 554 4265; x_wconf 72' lang='grc' dir='ltr'>οιιι.</span> <span class='ocrx_word' id='word_1_357' title='bbox 574 4233 626 4266; x_wconf 83' lang='grc' dir='ltr'>α.</span> <span class='ocrx_word' id='word_1_358' title='bbox 759 4230 844 4279; x_wconf 74' lang='lat'>52.</span> <span class='ocrx_word' id='word_1_359' title='bbox 878 4220 961 4267; x_wconf 86' lang='lat' dir='ltr'>est</span> <span class='ocrx_word' id='word_1_360' title='bbox 984 4233 1073 4267; x_wconf 76' lang='lat' dir='ltr'>mn.</span> <span class='ocrx_word' id='word_1_361' title='bbox 1092 4236 1127 4267; x_wconf 80' lang='grc' dir='ltr'><strong><em>α</em></strong></span> <span class='ocrx_word' id='word_1_362' title='bbox 1252 4219 1363 4267; x_wconf 78' lang='lat' dir='ltr'>fere</span> <span class='ocrx_word' id='word_1_363' title='bbox 1384 4236 1431 4269; x_wconf 82' lang='lat' dir='ltr'>a.</span> <span class='ocrx_word' id='word_1_364' title='bbox 1561 4231 1643 4281; x_wconf 81' lang='lat'>55.</span> <span class='ocrx_word' id='word_1_365' title='bbox 1676 4218 1892 4267; x_wconf 87' lang='lat' dir='ltr'>amabat</span> <span class='ocrx_word' id='word_1_366' title='bbox 1913 4236 1963 4273; x_wconf 78' lang='lat' dir='ltr'>a.</span> <span class='ocrx_word' id='word_1_367' title='bbox 2096 4216 2161 4279; x_wconf 86' lang='lat'>58</span> <span class='ocrx_word' id='word_1_368' title='bbox 2183 4220 2239 4266; x_wconf 86' lang='lat' dir='ltr'>et</span> <span class='ocrx_word' id='word_1_369' title='bbox 2259 4220 2341 4266; x_wconf 78' lang='grc' dir='ltr'>δι.</span> <span class='ocrx_word' id='word_1_370' title='bbox 2374 4216 2521 4266; x_wconf 82' lang='lat' dir='ltr'>febre</span> <span class='ocrx_word' id='word_1_371' title='bbox 2542 4235 2591 4268; x_wconf 86' lang='grc' dir='ltr'>α.</span> 
     </span>
    </p>
   </div>
   <div class='ocr_carea' id='block_1_4' title="bbox 184 4280 2593 4477">
    <p class='ocr_par' dir='ltr' id='par_1_5' title="bbox 184 4280 2593 4477">
     <span class='ocr_line' id='line_1_40' title="bbox 184 4280 2593 4345; baseline 0.001 -17"><span class='ocrx_word' id='word_1_372' title='bbox 184 4282 276 4328; x_wconf 72' lang='lat'>62.</span> <span class='ocrx_word' id='word_1_373' title='bbox 311 4280 522 4344; x_wconf 78' lang='lat' dir='ltr'>pietate</span> <span class='ocrx_word' id='word_1_374' title='bbox 547 4285 585 4331; x_wconf 91' lang='grc' dir='ltr'><em>Ο</em></span> <span class='ocrx_word' id='word_1_375' title='bbox 606 4298 621 4329; x_wconf 77' lang='lat'>2</span> <span class='ocrx_word' id='word_1_376' title='bbox 653 4284 988 4345; x_wconf 82' lang='lat' dir='ltr'>presbyterio</span> <span class='ocrx_word' id='word_1_377' title='bbox 1009 4301 1056 4333; x_wconf 82' lang='lat' dir='ltr'>a.</span> <span class='ocrx_word' id='word_1_378' title='bbox 1256 4285 1337 4345; x_wconf 81' lang='lat'>⁶3·</span> <span class='ocrx_word' id='word_1_379' title='bbox 1372 4285 1563 4332; x_wconf 84' lang='lat' dir='ltr'>sinunt</span> <span class='ocrx_word' id='word_1_380' title='bbox 1588 4287 1657 4333; x_wconf 87' lang='lat' dir='ltr'>O:</span> <span class='ocrx_word' id='word_1_381' title='bbox 1690 4285 1860 4332; x_wconf 87' lang='lat' dir='ltr'>sumit</span> <span class='ocrx_word' id='word_1_382' title='bbox 1880 4302 1929 4334; x_wconf 84' lang='grc' dir='ltr'>α.</span> <span class='ocrx_word' id='word_1_383' title='bbox 2127 4284 2208 4332; x_wconf 86' lang='grc'>66.</span> <span class='ocrx_word' id='word_1_384' title='bbox 2247 4282 2522 4344; x_wconf 89' lang='lat' dir='ltr'>Delphum</span> <span class='ocrx_word' id='word_1_385' title='bbox 2544 4300 2593 4331; x_wconf 83' lang='grc' dir='ltr'>α.</span> 
     </span>
     <span class='ocr_line' id='line_1_41' title="bbox 186 4345 2587 4411; baseline -0 -15"><span class='ocrx_word' id='word_1_386' title='bbox 186 4348 275 4406; x_wconf 81' lang='lat'>⁶7·</span> <span class='ocrx_word' id='word_1_387' title='bbox 312 4345 459 4408; x_wconf 73' lang='lat' dir='ltr'>Syon</span> <span class='ocrx_word' id='word_1_388' title='bbox 480 4365 528 4398; x_wconf 76' lang='lat' dir='ltr'>a.</span> <span class='ocrx_word' id='word_1_389' title='bbox 697 4350 816 4396; x_wconf 87' lang='lat' dir='ltr'>eius</span> <span class='ocrx_word' id='word_1_390' title='bbox 833 4351 904 4397; x_wconf 81' lang='lat' dir='ltr'>O:</span> <span class='ocrx_word' id='word_1_391' title='bbox 935 4348 1088 4397; x_wconf 86' lang='lat' dir='ltr'>cuius</span> <span class='ocrx_word' id='word_1_392' title='bbox 1109 4366 1157 4399; x_wconf 84' lang='grc' dir='ltr'>α.</span> <span class='ocrx_word' id='word_1_393' title='bbox 1376 4365 1455 4410; x_wconf 82' lang='lat'>70.</span> <span class='ocrx_word' id='word_1_394' title='bbox 1489 4349 1623 4411; x_wconf 85' lang='lat' dir='ltr'>quid</span> <span class='ocrx_word' id='word_1_395' title='bbox 1648 4353 1719 4398; x_wconf 82' lang='lat' dir='ltr'>O:</span> <span class='ocrx_word' id='word_1_396' title='bbox 1749 4349 1874 4411; x_wconf 90' lang='lat' dir='ltr'>quis</span> <span class='ocrx_word' id='word_1_397' title='bbox 1896 4366 1944 4398; x_wconf 81' lang='grc' dir='ltr'>α.</span> <span class='ocrx_word' id='word_1_398' title='bbox 2156 4362 2233 4408; x_wconf 88' lang='lat'>71.</span> <span class='ocrx_word' id='word_1_399' title='bbox 2269 4348 2521 4396; x_wconf 83' lang='lat' dir='ltr'>viderent</span> <span class='ocrx_word' id='word_1_400' title='bbox 2541 4365 2587 4396; x_wconf 83' lang='grc' dir='ltr'>ιι.</span> 
     </span>
     <span class='ocr_line' id='line_1_42' title="bbox 189 4410 2589 4477; baseline 0.002 -18"><span class='ocrx_word' id='word_1_401' title='bbox 189 4425 275 4472; x_wconf 73' lang='lat'>72.</span> <span class='ocrx_word' id='word_1_402' title='bbox 310 4410 505 4460; x_wconf 79' lang='lat' dir='ltr'>Petrus</span> <span class='ocrx_word' id='word_1_403' title='bbox 528 4411 785 4462; x_wconf 76' lang='lat' dir='ltr'>winckel</span> <span class='ocrx_word' id='word_1_404' title='bbox 806 4430 853 4463; x_wconf 83' lang='grc' dir='ltr'>α.</span> <span class='ocrx_word' id='word_1_405' title='bbox 1065 4428 1142 4476; x_wconf 82' lang='lat'>73.</span> <span class='ocrx_word' id='word_1_406' title='bbox 1178 4415 1415 4476; x_wconf 77' lang='lat' dir='ltr'>pai-arim</span> <span class='ocrx_word' id='word_1_407' title='bbox 1440 4418 1475 4463; x_wconf 88' lang='lat'><em>0</em></span> <span class='ocrx_word' id='word_1_408' title='bbox 1496 4432 1509 4463; x_wconf 70' lang='grc' dir='ltr'>ι</span> <span class='ocrx_word' id='word_1_409' title='bbox 1541 4414 1730 4477; x_wconf 88' lang='lat' dir='ltr'>paraui</span> <span class='ocrx_word' id='word_1_410' title='bbox 1751 4430 1798 4463; x_wconf 84' lang='grc' dir='ltr'>α.</span> <span class='ocrx_word' id='word_1_411' title='bbox 2009 4427 2085 4477; x_wconf 83' lang='lat'>75.</span> <span class='ocrx_word' id='word_1_412' title='bbox 2123 4413 2448 4464; x_wconf 87' lang='lat' dir='ltr'>Adolescens</span> <span class='ocrx_word' id='word_1_413' title='bbox 2470 4411 2529 4462; x_wconf 64' lang='grc' dir='ltr'>Ο*</span> <span class='ocrx_word' id='word_1_414' title='bbox 2540 4430 2589 4463; x_wconf 78' lang='grc' dir='ltr'>α.</span> 
     </span>
    </p>
   </div>
   <div class='ocr_carea' id='block_1_5' title="bbox 191 4543 2584 4741">
    <p class='ocr_par' dir='ltr' id='par_1_6' title="bbox 191 4543 2584 4741">
     <span class='ocr_line' id='line_1_43' title="bbox 259 4543 2584 4606; baseline -0.001 -11"><span class='ocrx_word' id='word_1_415' title='bbox 259 4557 338 4606; x_wconf 76' lang='grc'>53.</span> <span class='ocrx_word' id='word_1_416' title='bbox 374 4543 706 4595; x_wconf 74' lang='lat' dir='ltr'>Bomboldus</span> <span class='ocrx_word' id='word_1_417' title='bbox 789 4546 837 4594; x_wconf 80' lang='lat' dir='ltr'>is</span> <span class='ocrx_word' id='word_1_418' title='bbox 895 4547 995 4593; x_wconf 84' lang='lat' dir='ltr'>not</span> <span class='ocrx_word' id='word_1_419' title='bbox 1057 4545 1345 4594; x_wconf 79' lang='lat' dir='ltr'>otherwise</span> <span class='ocrx_word' id='word_1_420' title='bbox 1446 4551 1520 4594; x_wconf 74' lang='lat' dir='ltr'>het</span> <span class='ocrx_word' id='word_1_421' title='bbox 1558 4548 1851 4594; x_wconf 65' lang='lat' dir='ltr'>Revindaal</span> <span class='ocrx_word' id='word_1_422' title='bbox 1899 4548 2157 4595; x_wconf 56' lang='lat' dir='ltr'>Uersa-Maca</span> <span class='ocrx_word' id='word_1_423' title='bbox 2200 4549 2506 4605; x_wconf 60' lang='lat' dir='ltr'>omwowaeap</span> <span class='ocrx_word' id='word_1_424' title='bbox 2543 4559 2584 4593; x_wconf 79' lang='grc' dir='ltr'>υ.</span> 
     </span>
     <span class='ocr_line' id='line_1_44' title="bbox 191 4609 2223 4674; baseline 0.002 -18"><span class='ocrx_word' id='word_1_425' title='bbox 191 4609 409 4659; x_wconf 69' lang='lat' dir='ltr'>him</span> <span class='ocrx_word' id='word_1_426' title='bbox 487 4612 589 4662; x_wconf 85' lang='lat' dir='ltr'>See</span> <span class='ocrx_word' id='word_1_427' title='bbox 628 4612 709 4661; x_wconf 89' lang='lat' dir='ltr'>De</span> <span class='ocrx_word' id='word_1_428' title='bbox 733 4612 874 4674; x_wconf 75' lang='lat' dir='ltr'>prat,</span> <span class='ocrx_word' id='word_1_429' title='bbox 909 4614 976 4658; x_wconf 77' lang='lat' dir='ltr'>Dc</span> <span class='ocrx_word' id='word_1_430' title='bbox 1008 4613 1346 4670; x_wconf 61' lang='lat' dir='ltr'>firmam-xmp</span> <span class='ocrx_word' id='word_1_431' title='bbox 1444 4614 1679 4673; x_wconf 64' lang='lat' dir='ltr'>Kanum,</span> <span class='ocrx_word' id='word_1_432' title='bbox 1706 4611 1799 4660; x_wconf 80' lang='lat' dir='ltr'>vii.</span> <span class='ocrx_word' id='word_1_433' title='bbox 1833 4610 2041 4672; x_wconf 77' lang='lat'>1830-1,</span> <span class='ocrx_word' id='word_1_434' title='bbox 2064 4626 2113 4673; x_wconf 85' lang='lat' dir='ltr'>p.</span> <span class='ocrx_word' id='word_1_435' title='bbox 2140 4611 2223 4673; x_wconf 83' lang='grc'>98.</span> 
     </span>
     <span class='ocr_line' id='line_1_45' title="bbox 192 4675 2234 4741; baseline 0.002 -19"><span class='ocrx_word' id='word_1_436' title='bbox 192 4689 291 4723; x_wconf 66' lang='lat' dir='ltr'>ran</span> <span class='ocrx_word' id='word_1_437' title='bbox 313 4678 490 4724; x_wconf 61' lang='lat' dir='ltr'>Gaura</span> <span class='ocrx_word' id='word_1_438' title='bbox 512 4681 687 4741; x_wconf 61' lang='lat' dir='ltr'>Omont,</span> <span class='ocrx_word' id='word_1_439' title='bbox 712 4677 775 4725; x_wconf 86' lang='lat' dir='ltr'>in</span> <span class='ocrx_word' id='word_1_440' title='bbox 798 4679 989 4725; x_wconf 73' lang='lat' dir='ltr'>Nieuwe</span> <span class='ocrx_word' id='word_1_441' title='bbox 1008 4679 1277 4726; x_wconf 66' lang='lat' dir='ltr'>Vahandcl.</span> <span class='ocrx_word' id='word_1_442' title='bbox 1303 4692 1345 4725; x_wconf 83' lang='lat' dir='ltr'>v.</span> <span class='ocrx_word' id='word_1_443' title='bbox 1511 4677 1592 4736; x_wconf 85' lang='lat'>67.</span> <span class='ocrx_word' id='word_1_444' title='bbox 1619 4675 1873 4740; x_wconf 86' lang='lat' dir='ltr'>capituli]</span> <span class='ocrx_word' id='word_1_445' title='bbox 1898 4677 1996 4726; x_wconf 83' lang='lat' dir='ltr'>See</span> <span class='ocrx_word' id='word_1_446' title='bbox 2017 4677 2154 4739; x_wconf 85' lang='lat' dir='ltr'>App.</span> <span class='ocrx_word' id='word_1_447' title='bbox 2183 4691 2234 4726; x_wconf 83' lang='lat'>2.</span> 
     </span>
    </p>
   </div>
   <div class='ocr_carea' id='block_1_6' title="bbox 294 4775 1396 4818">
    <p class='ocr_par' dir='ltr' id='par_1_7' title="bbox 294 4775 1396 4818">
     <span class='ocr_line' id='line_1_46' title="bbox 294 4775 1396 4818; baseline 0.014 -15"><span class='ocrx_word' id='word_1_448' title='bbox 294 4775 450 4805; x_wconf 69' lang='lat' dir='ltr'>mu</span> <span class='ocrx_word' id='word_1_449' title='bbox 1358 4778 1396 4818; x_wconf 75' lang='grc' dir='ltr'>Ε</span> 
     </span>
    </p>
   </div>
  </div>
 </body>
</html>
