3355 5380
670 370 747 427 62
1372 362 1753 424 LETTERS
1807 362 1916 424 OF
1972 362 2371 424 ERASMUS
2879 359 3073 447 [1540

663 523 887 602 plausu
935 523 1291 602 quantoque
1338 519 1566 598 gaudio
1605 520 2006 583 literatorum
2047 520 2384 582 hominum
2439 518 2526 581 sit
2573 522 2886 599 exceptus,
2939 541 3072 584 non

666 620 1075 682 mediocrium
1101 621 1351 680 tantum
1379 618 1486 679 sed
1520 620 1583 678 et
1610 638 1826 680 eorum
1854 617 1960 696 qui
1986 617 2376 679 cardinalitia
2401 617 2705 696 dignitate
2732 619 3074 698 praefinge-

665 717 854 793 bant;
894 718 964 779 in
993 718 1221 797 quibus
1247 716 1618 794 praecipuus
1645 717 1916 778 Ioannes
1939 716 2225 789 Medicea
2255 716 2365 795 qui
2389 715 2462 776 in
2489 714 2645 777 Iulii
2672 734 2727 776 11
2756 715 3073 779 demortui

664 816 875 879 locum
941 817 1240 877 suffectus
1306 815 1535 877 Leonis
1601 814 1830 877 decimi
1901 833 2134 875 nomen
2201 812 2492 890 obtinuit,
2567 816 2632 875 et
2700 813 3074 878 Dominicus

548 937 643 973 200
665 914 1004 977 Grimanus
1056 912 1351 987 Venetus,
1411 915 1596 991 atque
1638 912 1946 991 Aegidius
1989 910 2408 974 viterbiensis
2459 911 2660 973 trium
2708 911 3073 991 linguarum

663 1013 1096 1092 peritissimus,
1145 1014 1274 1072 tres
1328 1011 1584 1089 quidem
1635 1010 1867 1089 egregii
1916 1009 2137 1071 heroes
2188 1009 2477 1072 fouendis
2528 1008 2758 1073 studiis
2809 1013 2945 1073 nati
2998 1032 3073 1075 ac

667 1112 879 1188 dediti,
909 1111 978 1171 in
1019 1108 1248 1189 quibus
1286 1109 1439 1170 adeo
1481 1127 1609 1168 non
1647 1108 1992 1187 vulgariter
2031 1107 2440 1170 excellebant.
2521 1107 2719 1185 Vidit,
2750 1112 2824 1170 vt
2854 1108 3072 1171 audire

666 1210 945 1285 memini,
978 1212 1042 1270 et
1082 1208 1389 1269 'rhomam
1433 1206 1617 1268 illum
1654 1206 2008 1268 Phaedram
2055 1205 2343 1267 facundia
2387 1206 2797 1284 extemporali
2836 1207 3074 1269 incom-

664 1305 1022 1385 parabiliter
1061 1306 1472 1384 eloquentem,
1519 1303 1630 1383 qui
1671 1303 1838 1365 ludis
1877 1306 1942 1365 et
1980 1303 2317 1366 comoediis
2358 1305 2756 1366 recensendis
2797 1306 3072 1384 priscam

546 1431 639 1481 205
664 1405 1101 1484 antiquitatem
1137 1403 1657 1480 repraesentabat.
1738 1401 1918 1465 Vidit
1944 1405 2007 1463 et
2046 1402 2204 1464 alios
2239 1403 2632 1480 professores.
2718 1401 2945 1465 Oblata
2973 1407 3074 1465 est

665 1502 1149 1566 Poenitentiarii
1176 1502 1466 1580 dignitaS,
1498 1500 1555 1564 si
1582 1500 1819 1563 Romae
1844 1519 2100 1562 manere
2127 1500 2331 1574 vellet,
2362 1501 2466 1562 via
2492 1501 2703 1562 futura
2728 1502 2807 1563 ad
2843 1502 3073 1565 altiora

666 1600 1162 1675 conscendendi;
1224 1621 1373 1661 nam
1421 1599 1925 1660 emolumentum
1973 1618 2101 1660 non
2158 1599 2686 1661 contemnendum
2740 1600 2889 1662 inde
2935 1620 3074 1663 esse

665 1701 922 1778 poterat.
1011 1698 1131 1758 Sed
1174 1698 1563 1759 redeundum
1605 1697 1730 1758 fuit
1771 1697 1850 1758 ad
1885 1697 2458 1776 Archiepiscopum,
2497 1717 2643 1758 cum
2689 1718 2811 1777 quo
2854 1702 3074 1779 postea

667 1798 872 1858 denuo
906 1796 1172 1857 Romam
1215 1795 1388 1870 adiit,
1431 1814 1618 1874 quam
1653 1794 2089 1856 nobilissimus
2125 1795 2489 1857 adulescens
2528 1795 2743 1856 videre
2782 1796 3072 1873 cupiebat

548 1923 643 1960 210
665 1896 843 1973 prius
890 1913 1078 1972 quam
1121 1893 1190 1954 in
1234 1894 1507 1955 Scotiam
1550 1913 1730 1955 suam
1776 1894 2046 1967 rediret;
2105 1913 2223 1955 nec
2271 1893 2474 1954 Roma
2519 1894 2650 1955 sola
2690 1893 3072 1973 (quanquam

666 1992 1057 2053 dissimulato
1097 1991 1570 2069 Archiepiscopi
1611 1992 1879 2069 fastigio,
1924 2011 2005 2052 ne
2053 1990 2342 2069 cuiquam
2383 1991 2683 2054 molestus
2736 1994 2919 2069 emt)
2958 1994 3071 2055 sed

665 2091 926 2153 vlterior
952 2089 1064 2151 illa
1088 2109 1233 2166 pars
1259 2090 1478 2151 Italiae
1510 2091 1742 2153 Cumas
1767 2109 1966 2168 vsque
1991 2089 2366 2167 perlustrata
2392 2109 2462 2150 ac
2498 2093 2753 2153 antrum
2793 2091 3073 2170 Sibyllae

666 2188 1107 2263 subintratum,
1139 2187 1303 2267 quod
1334 2188 1467 2248 illic
1494 2187 1575 2249 ab
1600 2188 1826 2248 accolis
1851 2187 2200 2248 etiamnum
2229 2187 2599 2250 ostenditur.

747 2286 904 2348 Post
929 2285 1271 2346 discessum
1293 2285 1603 2347 antistitis
1629 2285 1918 2347 ecclesiae
1938 2285 2071 2346 diui
2086 2285 2392 2361 Andreae,
2414 2289 2701 2347 veterum
2719 2287 3072 2350 amicorum

548 2409 642 2462 215
668 2383 986 2459 memoria,
1035 2403 1190 2462 quos
1244 2383 1313 2444 in
1361 2383 1693 2446 Britannia
1739 2384 2083 2463 reliquerat,
2131 2383 2201 2443 in
2244 2404 2429 2449 causa
2480 2384 2604 2445 fuit
2647 2385 2912 2446 Erasmo
2960 2405 3074 2447 cur

668 2482 942 2543 reditum
969 2481 1038 2543 in
1065 2483 1333 2560 patriam
1360 2485 1425 2543 et
1451 2482 1585 2559 ipse
1626 2482 2074 2542 maturandum
2111 2480 2380 2543 duceret.
2467 2482 2687 2560 Itaque
2725 2503 2837 2561 per
2870 2483 3076 2562 Alpes

669 2578 965 2643 Rheticas
984 2579 1236 2643 Curiam
1260 2580 1556 2658 primum,
1578 2580 1803 2642 deinde
1826 2580 2262 2642 Constantiam
2287 2579 2366 2640 ad
2387 2579 2594 2642 lacum
2622 2580 3073 2659 Brigantinum

668 2678 996 2756 profectus,
1028 2679 1293 2740 transito
1321 2679 1759 2741 Lentiensium
1795 2680 2000 2741 tractu
2041 2678 2151 2757 qui
2183 2680 2333 2740 sunt
2358 2678 2437 2740 ad
2476 2677 2823 2742 Martianae
2855 2681 3074 2760 syluae

669 2777 945 2854 initium,
989 2779 1150 2857 quod
1192 2779 1412 2857 priscis
1454 2779 1799 2857 Orcynium
1842 2778 1979 2854 fuit,
2026 2798 2138 2856 per
2176 2778 2536 2855 Brisigauos
2576 2780 3074 2856 Argentoratum

550 2902 644 2938 220
668 2877 863 2954 venit,
894 2876 1062 2938 vnde
1088 2878 1411 2955 sequundo
1438 2877 1658 2939 Rheno
1685 2878 1755 2938 in
1783 2877 2196 2938 Hollandiam
2221 2879 2436 2937 vectus
2462 2880 2575 2937 est.
2659 2877 2808 2937 Mox
2848 2878 3077 2941 amicis

670 2976 800 3038 suis
849 2976 1235 3053 Antuerpiae
1297 2980 1364 3037 et
1416 2975 1686 3037 Louanii
1746 2974 2034 3037 salutatis
2088 2975 2393 3052 Angliam
2450 2975 2602 3036 adit.
2712 2974 3076 3038 Tenebatur

671 3073 998 3152 desyderio
1041 3074 1298 3135 Ioannis
1336 3073 1537 3135 Coleti
1584 3072 1881 3151 theologi,
1927 3073 2034 3150 qui
2076 3072 2350 3132 Londini
2389 3073 2677 3134 Decanus
2720 3076 2857 3134 erat
2902 3076 3072 3153 apud

671 3172 893 3232 diuum
921 3171 1204 3245 Paulum,
1237 3171 1509 3245 Grocini,
1536 3170 1855 3246 Latimeri,
1879 3170 2143 3244 Linacri,
2177 3190 2444 3248 quorum
2469 3174 2617 3234 ante
2645 3171 3069 3246 meminimus,

669 3273 735 3330 et
800 3269 1127 3347 praecipue
1187 3269 1464 3330 Thomae
1533 3268 1713 3329 Mori.
1826 3268 2026 3330 Vetus
2093 3268 2418 3330 Mecoenas
2484 3272 2620 3331 erat
2690 3270 3077 3335 Guilielmus

552 3385 644 3438 ²²5
670 3367 1043 3440 Vuaramus,
1089 3366 1553 3428 cantuariensis
1599 3366 2114 3445 archiepiscopus,
2160 3367 2359 3429 totius
2401 3367 2672 3446 Angliae
2713 3369 2967 3431 Primas
3006 3374 3074 3431 et

671 3463 807 3524 eius
832 3464 1011 3540 regni
1038 3462 1477 3538 cancellarius,
1507 3464 1625 3526 hoc
1661 3467 1760 3526 est
1790 3464 1977 3526 iudex
2013 3485 2314 3541 summus,
2347 3466 2456 3544 qui
2499 3486 2716 3528 omnes
2749 3468 3071 3546 episcopos

670 3562 805 3623 eius
830 3561 1072 3623 insulae
1096 3582 1209 3624 sua
1232 3562 1609 3624 liberalitate
1629 3563 1798 3624 vicit.
1870 3563 1998 3625 Hic
2024 3566 2088 3624 et
2106 3563 2435 3639 pecuniam
2464 3563 2637 3625 dedit
2665 3567 2731 3626 et
2753 3572 3076 3643 praeterea

670 3660 1086 3722 sacerdotium
1137 3660 1429 3724 ecclesiae
1477 3661 1998 3740 Aldingtonensis
2050 3661 2119 3722 in
2173 3682 2322 3740 agro
2367 3662 2842 3739 Cantuariensi5
2901 3664 3070 3743 quod

670 3778 864 3837 quum
892 3759 1191 3837 religione
1220 3760 1523 3822 Erasmus
1553 3760 2049 3839 obstringeretur
2085 3780 2209 3838 quo
2244 3759 2459 3820 minus
2491 3761 2706 3822 statim
2742 3761 3069 3840 acciperet,

552 3877 646 3927 230
669 3856 1112 3918 emolumentis
1137 3858 1399 3938 integris
1425 3858 1632 3937 potius
1668 3859 1748 3920 ad
1783 3861 2096 3937 pastorem
2120 3857 2597 3936 pertinentibus,
2630 3860 2740 3938 qui
2772 3880 3072 3939 praesens

672 3953 783 4015 diu
824 3958 1131 4035 noctuque
1169 3956 1513 4018 subiectam
1554 3957 1802 4035 plebem
1837 3956 2213 4031 institueret,
2244 3956 2310 4017 id
2350 3958 2514 4035 quod
2550 3957 2767 4019 nullus
2801 3958 3075 4023 inficiari

672 4053 895 4131 potest,
944 4055 1023 4116 ad
1072 4055 1580 4117 cunctabundum
1628 4055 2100 4118 Cantuariensis
2145 4057 2161 4087 ‘
2177 4054 2332 4131 Quis
2349 4054 2365 4079 ⁹
2407 4055 2614 4134 inquit
2663 4056 2679 4089 ⁴
2695 4060 2760 4117 te
2812 4058 3077 4136 aequius

673 4169 750 4212 ex
801 4152 1214 4214 ecclesiastico
1268 4157 1579 4232 prouentu
1624 4153 1821 4229 viuat,
1865 4153 1973 4232 qui
2024 4153 2274 4231 scriptis
2318 4154 2447 4214 tuis
2499 4153 2853 4216 vtilissimis
2898 4155 3074 4233 ipsos

672 4248 1074 4311 ecclesiarum
1140 4251 1483 4328 praefectos
1550 4251 1942 4330 presbyteros
2002 4251 2277 4327 instruis,
2336 4251 2533 4327 doces,
2591 4252 2854 4313 adiuuas
2905 4272 3076 4315 vnus

552 4370 645 4422 235
672 4366 893 4410 omnes
911 4350 944 4409 ⁴?
984 4368 1099 4408 nec
1140 4347 1286 4410 illos
1325 4352 1599 4422 tantum,
1628 4349 1736 4410 sed
1764 4352 1829 4410 et
1861 4352 2116 4411 cunctas
2145 4349 2370 4427 vbique
2409 4352 2719 4410 terrarum
2760 4347 3068 4426 ecclesias,

671 4445 901 4525 quibus
926 4446 1023 4508 illi
1048 4447 1317 4525 singulis
1353 4446 1586 4526 singuli
1622 4447 1931 4510 duntaxat
1955 4447 2232 4526 praesint
2267 4451 2333 4509 et
2358 4449 2640 4526 prosint.’
2719 4447 2885 4509 Sane
2925 4448 3076 4527 plus

669 4545 864 4607 semel
908 4545 1245 4606 Erasmum
1287 4545 1489 4606 dicere
1528 4545 1792 4606 memini
1831 4544 2186 4623 principum
2227 4565 2361 4607 esse
2401 4545 2625 4607 debere
2664 4546 2955 4617 officium,
3000 4549 3076 4607 vt

667 4645 917 4723 propria
945 4642 1318 4706 liberalitate
1347 4643 1657 4707 studiosos
1685 4644 1942 4720 iuuent;
1979 4643 2088 4706 sed
2118 4644 2264 4707 illos
2292 4645 2423 4707 suis
2450 4644 2752 4723 impensis
2776 4663 3076 4724 parsuros
