3355 5380
271 397 455 483 1501]
695 443 698 446 -
915 400 1024 462 To
1079 401 1436 463 ANTONY
1490 401 1597 463 ΟΡ
1652 398 2003 462 BERGEN
2554 399 2673 457 337

261 560 510 637 virgine
550 559 741 620 etiam
783 558 1122 635 adiutante,
1176 559 1493 638 peragitat.
1584 559 1827 635 Quibus
1868 578 2014 619 vero
2062 556 2431 617 ceremoniis
2471 575 2673 634 quoue
2700 574 2759 627 75

262 657 395 718 ritu
430 655 830 735 sacrilegium
866 655 985 717 hoc
1022 658 1394 734 constiterit,
1424 658 1634 734 paucis
1670 657 1952 728 referam,
1989 657 2080 716 ita
2118 659 2187 715 vt
2229 675 2268 714 a
2303 653 2674 715 certissimis

262 753 634 815 hominibus
660 756 883 834 accepi.

346 853 589 930 Corpus
623 852 780 913 illud
818 854 1209 915 adorandum
1247 853 1518 914 vindicis
1553 851 1756 913 nostri
1792 851 1938 913 Iesu
1976 853 2044 912 in
2083 850 2371 929 pixidula
2402 850 2672 929 quadam

264 950 512 1028 saligna
538 950 864 1012 conditum
898 950 1017 1012 sub
1045 951 1191 1013 lecti
1223 949 1589 1013 stramentis
1613 950 1951 1012 abdiderat.
2041 950 2094 1012 Ο
2123 949 2405 1009 diuinam
2435 949 2675 1026 patien-

265 1050 440 1124 tiam,
499 1048 665 1109 milu‘
719 1049 1015 1110 referenti
1075 1049 1341 1128 frigidus
1402 1049 1623 1111 horror
1684 1048 1971 1109 membra
2032 1048 2269 1126 quatit!
2381 1048 2459 1107 Id
2527 1050 2674 1108 ante
2699 1051 2762 1099 80

266 1145 617 1207 triennium
656 1166 695 1207 a
734 1147 1080 1209 sacrificulo
1122 1148 1415 1225 quopiam
1454 1147 1745 1208 famelico
1794 1151 1857 1207 et
1905 1147 2101 1223 impio
2149 1145 2523 1221 (cuiusmodi
2570 1145 2675 1207 hic

268 1244 466 1304 nimis
516 1264 748 1322 magna
801 1246 999 1324 copia)
1052 1247 1258 1307 fuerat
1310 1248 1625 1307 mercatus
1679 1250 1743 1306 et
1797 1245 2053 1323 quidem
2101 1244 2383 1320 minoris,
2434 1243 2670 1322 opinor,

267 1362 461 1420 quam
499 1343 653 1404 olim
693 1343 916 1405 Iudaei
951 1345 1313 1419 Christum3
1362 1348 1435 1406 vt
1469 1343 1949 1406 scelestissimus
1982 1344 2094 1403 ille
2129 1343 2412 1404 sacerdos
2446 1341 2672 1402 Iudam

268 1440 454 1501 nobis
479 1461 607 1502 non
633 1443 919 1503 retulerit
946 1443 1170 1519 solum,
1203 1443 1311 1504 sed
1339 1443 1532 1504 etiam
1559 1442 1821 1504 vicerit:
1863 1445 1925 1502 et
1958 1441 2144 1502 illum
2172 1438 2427 1519 quidem
2460 1459 2676 1500 rumor

264 1542 363 1600 est
389 1538 716 1600 subitanea
737 1544 938 1601 morte
958 1541 1304 1620 impietatis
1324 1560 1555 1620 poenas
1575 1542 1835 1602 dedisse.
1913 1539 2078 1617 Ergo
2099 1540 2344 1617 quoties
2364 1538 2676 1599 veneficus
2699 1543 2761 1606 85

265 1636 376 1697 ille
417 1659 553 1699 rem
595 1658 723 1699 non
763 1639 1045 1700 diuinam
1088 1640 1195 1701 sed
1237 1639 1606 1702 diabolicam
1647 1640 1927 1701 facturus
1966 1642 2147 1714 esset,
2201 1636 2677 1715 depromebatur

264 1735 612 1814 prophanis
651 1738 944 1800 manibus
984 1739 1250 1800 coeleste
1289 1739 1686 1817 mysterium,
1716 1740 1905 1815 atque
1945 1757 1979 1796 e
2019 1737 2383 1798 stramentis
2422 1737 2674 1796 erutum

267 1834 699 1913 nudatumque
746 1836 1188 1912 exponebatur.
1278 1837 1455 1913 Filia,
1508 1836 1719 1914 puella
1766 1856 1967 1913 neque
2012 1837 2167 1896 dum
2216 1834 2425 1895 virum
2473 1853 2672 1912 passa,

267 1952 486 1993 ensem
516 1933 758 1995 nudum
788 1954 983 1995 manu
1009 1934 1257 1997 sublata
1287 1936 1541 1997 tenebat
1567 1934 1757 2014 (quod
1796 1933 1859 1995 id
1898 1934 2179 1994 muneris
2216 1933 2340 1993 nisi
2366 1952 2404 1992 a
2430 1932 2678 2011 virgine

267 2030 433 2092 obiri
472 2032 594 2092 rite
627 2052 758 2092 non
794 2032 1041 2110 posset),
1077 2054 1444 2095 mucronem
1481 2033 1551 2094 in
1588 2053 1837 2094 sacrum
1871 2032 2028 2093 illud
2071 2051 2291 2109 corpus
2327 2031 2669 2106 intentans,
2698 2048 2762 2098 90

266 2128 507 2191 scilicet
554 2131 881 2190 minitanti
935 2131 1186 2192 similis.
1289 2133 1450 2193 Tum
1509 2136 1694 2209 caput
1744 2130 2056 2209 quoddam
2109 2128 2532 2209 proferebatur
2598 2148 2676 2188 ex

268 2225 480 2287 nescio
527 2247 651 2304 qua
699 2229 961 2290 materia
1008 2229 1237 2308 triplici
1280 2231 1438 2291 facie
1479 2231 1807 2305 caelatum,
1852 2249 2077 2308 nempe
2118 2229 2450 2289 monadem
2500 2228 2673 2289 illam

265 2324 621 2386 triformem
658 2328 723 2387 et
759 2327 1026 2388 triadem
1053 2329 1437 2390 vniformem
1474 2331 1958 2406 repraesentans.
2047 2326 2126 2387 Id
2165 2327 2384 2388 nonies
2422 2326 2677 2387 reducto

266 2422 515 2484 ambitu
562 2424 943 2501 cingebatur.
1032 2426 1112 2486 In
1161 2426 1242 2488 iis
1290 2427 1468 2488 mille
1515 2427 1750 2506 figurae
1794 2426 1928 2487 Tau
1968 2425 2268 2487 inauditis
2307 2424 2675 2504 angelorum

269 2521 637 2583 nominibus
709 2522 1081 2603 inscriptae;
1171 2529 1388 2604 postea
1455 2525 1722 2586 totidem
1799 2524 2076 2586 ambitus
2150 2525 2675 2586 cacodaemonum
2700 2540 2763 2591 95

268 2622 602 2683 horrendis
638 2622 956 2684 vocabulis
988 2623 1288 2687 distincti.
1378 2624 1502 2686 His
1540 2626 1629 2685 ita
1664 2624 2026 2704 compositis
2066 2622 2359 2685 maleficii
2394 2624 2673 2699 antistes,

267 2720 584 2801 explicitis
632 2721 824 2796 libris,
879 2725 1176 2785 execratis
1221 2724 1353 2784 illis
1405 2724 1711 2803 precibus,
1768 2723 2005 2784 Hecate
2052 2723 2347 2798 dictante,
2396 2722 2678 2800 primum

267 2819 652 2881 adorandam
681 2820 946 2881 triadem
976 2825 1040 2882 et
1072 2822 1438 2902 angelorum
1468 2843 1656 2903 quam
1684 2822 1993 2901 plurimos
2023 2841 2135 2882 suo
2164 2840 2442 2898 quosque
2468 2820 2675 2892 choro,

267 2918 493 2979 deinde
513 2918 996 2980 cacodemonum
1019 2925 1308 2983 sexcenta
1329 2922 1588 2982 nomina
1608 2922 1791 2997 citat;
1821 2940 2020 2999 neque
2034 2920 2182 2981 finis
2199 2920 2391 2980 donec
2408 2917 2676 2979 daemon

267 3015 377 3077 ille
403 3021 652 3094 praesto
678 3016 754 3077 fit
778 3037 1190 3098 praesensque
1214 3020 1463 3080 vocanti
1493 3020 1844 3097 respondet.
2708 3029 2801 3066 100

353 3112 424 3175 Is
462 3119 601 3175 erat
641 3114 995 3192 ingentium
1038 3117 1475 3179 thesaurorum
1516 3122 1624 3179 aut
1666 3116 1871 3196 opifex
1909 3117 2017 3177 aut
2059 3118 2221 3175 certe
2270 3117 2671 3176 monstrator.

269 3212 658 3274 Promiserat
682 3211 979 3274 scelestus
1004 3214 1112 3275 ille
1138 3216 1415 3278 sacrifico
1442 3235 1557 3277 suo
1586 3216 1868 3277 Persicos
1895 3216 2156 3288 montes,
2191 3212 2455 3291 largitus
2482 3213 2677 3274 etiam

270 3311 599 3384 nonnihil;
640 3310 750 3371 sed
779 3312 936 3372 adeo
969 3312 1136 3374 infra
1171 3334 1348 3392 spem
1378 3316 1450 3375 vt
1475 3315 1688 3375 virum
1715 3314 1845 3375 iam
1872 3333 2106 3391 operae,
2138 3312 2366 3390 quippe
2393 3310 2674 3384 triennis,

269 3411 540 3488 coeperit
576 3409 908 3487 poenitere.
998 3410 1220 3489 Itaque
1259 3412 1703 3490 promissorem
1744 3432 1931 3473 suum
1972 3410 2175 3473 solitis
2215 3407 2679 3487 precaminibus

269 3512 504 3586 euocat,
532 3506 1010 3587 expostulatque
1044 3529 1109 3569 se
1143 3510 1515 3586 iampridem
1557 3511 1779 3573 lactari
1813 3516 1879 3572 et
1914 3532 2022 3589 spe
2058 3509 2246 3570 modo
2284 3508 2444 3583 duci,
2477 3526 2680 3585 neque
2708 3517 2798 3568 ¹05

267 3608 473 3669 vllum
515 3606 1014 3684 operaeprecium
1053 3607 1269 3670 facere.
1357 3609 1596 3686 Purgat
1635 3607 1744 3670 ille
1786 3629 1853 3671 se
1902 3612 2133 3683 contra,
2180 3626 2416 3685 negans
2457 3604 2523 3664 id
2566 3622 2680 3664 sua
2798 3676 2803 3679 ,

267 3708 455 3787 culpa
496 3705 812 3780 accidere;
866 3725 1084 3768 verum
1129 3705 1340 3769 deesse
1381 3707 1681 3786 quiddam
1717 3707 2106 3782 ceremoniis,
2146 3706 2312 3784 quod
2354 3703 2678 3766 hominem

266 3804 469 3866 literis
504 3801 864 3882 praeditum
903 3804 1326 3883 desyderaret:
1376 3826 1563 3884 quem
1599 3805 1655 3867 si
1685 3805 1958 3868 nancisci
1995 3808 2224 3884 posset,
2254 3823 2323 3865 se
2356 3803 2683 3864 thesauros

267 3903 700 3965 indicaturum
740 3901 1030 3963 omnium
1070 3903 1237 3965 votis
1282 3903 1633 3982 ampliores.
1721 3901 2051 3981 Simulque
2096 3901 2491 3980 percontanti
2537 3899 2681 3978 quis

267 4005 432 4064 esset
459 4000 542 4062 ad
570 4019 712 4060 eam
741 4019 872 4060 rem
899 4001 1301 4078 potissimum
1328 4002 1735 4077 asciscendus,
1759 4003 1979 4062 suadet
1997 4000 2283 4062 Priorem
2311 3997 2679 4060 monasterii
2710 4009 2805 4047 1¹0

270 4099 746 4174 monachorum,
791 4098 899 4177 qui
942 4118 1008 4160 se
1049 4099 1513 4162 Praedicatores
1552 4100 1926 4178 appellitant
1966 4099 2051 4175 (id
2093 4102 2189 4159 est
2231 4117 2393 4176 pone
2435 4096 2681 4157 moenia

269 4197 657 4274 Aureliana),
700 4196 896 4274 adeat,
941 4201 1005 4259 et
1045 4199 1280 4259 cautim
1318 4200 1530 4260 virum
1571 4202 1902 4277 pertentet.
1990 4198 2106 4258 Est
2144 4216 2292 4258 vero
2335 4196 2436 4256 hic
2480 4195 2680 4255 Theo-

267 4297 469 4377 logiae
510 4294 920 4371 Baccalarius,
965 4299 1037 4357 vt
1076 4300 1319 4372 vocant,
1364 4297 1687 4373 formatus,
1734 4296 1900 4375 apud
1941 4295 2171 4374 vulgus
2216 4294 2508 4373 opinione
2552 4311 2680 4353 non

336 4444 416 4496 81.
456 4446 920 4509 impioEcm-riq.:
954 4446 1267 4508 improboE'.
1392 4461 1473 4509 9⁹·
1507 4450 1587 4498 11:
1622 4445 1858 4496 celatum
1876 4449 1936 4495 Ε.
2044 4461 2125 4507 94.
2162 4444 2251 4491 his
2268 4447 2323 4492 F.
2461 4455 2570 4490 100.
2604 4443 2683 4491 F:

267 4512 348 4562 sit
367 4516 426 4561 Β.
632 4524 739 4573 113.
772 4514 844 4560 F:
880 4510 1225 4561 Baccalurius
1247 4516 1305 4561 Ε.

755 4605 875 4614 ——.

277 4609 294 4614 ῃ
317 4608 424 4699 Βῖ-
456 4645 679 4761 horror}
713 4646 870 4724 Vprg.
896 4650 1016 4696 Aen.
1039 4659 1087 4708 3.
1113 4659 1195 4708 ⁰9»
1221 4660 1301 4707 30.
1525 4646 1790 4695 dicuntur
1834 4645 1919 4694 illi
1965 4644 2057 4707 qui
2104 4643 2317 4719 expleto
2359 4640 2679 4703 Theologiae

343 4727 450 4775 ¹¹3·
485 4713 658 4763 Bacca
680 4712 859 4776 arms]
891 4715 1200 4761 Baeculam&
1222 4716 1426 4773 formati
1525 4725 1689 4762 cursu
1732 4713 1962 4775 possunt
2010 4710 2082 4759 ad
2128 4721 2430 4773 superiores
2480 4707 2680 4770 gradus
