3355 5380
257 383 450 469 ¹524]
778 387 1170 450 ERASMUS
1223 388 1332 453 ΤΟ
1386 388 1616 451 JOHN
1673 389 2122 453 ΒΟΤΖΗΕῙΜ
2570 396 2648 453 39

502 544 784 622 Menippi
835 547 902 605 et
940 543 1349 623 Amphilochi
1390 549 1454 606 et
1535 545 1802 607 Veneris
1828 548 1893 607 et
1919 545 2264 623 Cupidinis.

580 642 942 720 Trophonii.
1535 642 1791 705 Doridis
1815 646 1879 704 et
1906 644 2209 706 Galateae.

498 739 838 802 Charontis
865 744 930 800 et
955 739 1252 819 Menippi.
1534 741 1834 818 Diogenis
1860 744 1923 802 et
1957 740 2324 802 Alexandri.

500 838 769 899 Cratetis
794 858 866 898 ac
895 838 1206 916 Diogenis.
1534 838 1816 918 Menippi
1841 843 1906 901 et
1934 839 2241 902 Chironis.

498 936 673 995 Nirei
698 955 771 996 ac
798 936 1134 998 Thersitae.
1536 936 1816 1015 Menippi
1841 941 1907 997 et
1933 936 2196 999 Cerberi.
2676 963 2705 1013 5

499 1034 804 1112 Diogenis
830 1054 899 1095 ac
925 1033 1207 1096 Mausoli.

416 1132 721 1193 Hercules
748 1132 1044 1194 Gallicus.
1533 1132 1853 1211 Lapithae.

421 1230 783 1291 Eunuchus.
1537 1231 1633 1292 De
1657 1231 2009 1310 astrologia.

419 1329 514 1390 De
539 1327 875 1390 sacrificiis.
1617 1329 1832 1390 Nolim
1858 1329 1962 1390 hic
1982 1329 2193 1391 omitti
2217 1328 2644 1408 praefationes,

502 1446 658 1505 quae
686 1426 1003 1487 declarant
1028 1428 1176 1505 quid
1206 1428 1428 1506 cuique
1457 1427 1732 1490 dicatum
1759 1429 1857 1491 sit.
2678 1448 2740 1489 ιο

334 1524 917 1587 Declamatiuncula
958 1545 1138 1587 versa
1180 1547 1215 1587 e
1264 1527 1495 1588 Graeco
1539 1526 1818 1604 Libanio,
1866 1546 2009 1587 cum
2058 1525 2378 1587 thematiis
2415 1523 2652 1603 aliquot

418 1644 630 1684 versis.

332 1721 721 1782 Declamatio
748 1724 962 1783 contra
989 1722 1470 1801 Tyrannicidam
1498 1723 1864 1786 Lucianicae
1890 1724 2284 1802 mspondens-

330 1821 504 1881 Laus
528 1820 887 1882 medicinae.

332 1918 658 1979 Similium
690 1918 849 1980 liber
874 1939 1051 1980 vnus.
2682 1936 2742 1988 ¹5

330 2017 809 2095 Colloquiorum
839 2017 999 2078 liber
1026 2037 1207 2080 vnus,

334 2115 660 2193 Euripidis
687 2115 948 2176 Hecuba
974 2119 1040 2176 et
1066 2116 1395 2194 Iphigenia
1418 2135 1646 2179 versae.

332 2213 634 2275 Carmina
662 2214 893 2275 diuersi
920 2215 1180 2292 generis,
1215 2219 1456 2292 praeter
1481 2235 1554 2277 ea
1581 2235 1739 2294 quae
1765 2215 2003 2277 faciunt
2026 2215 2104 2277 ad
2131 2215 2464 2294 pietatem3
2505 2232 2654 2275 nam

419 2312 570 2373 haec
599 2332 748 2373 suae
777 2312 957 2373 classi
987 2313 1393 2374 seruauimus.

336 2411 843 2472 Commentarius
870 2412 936 2472 in
967 2410 1207 2474 Nucem
1235 2412 1466 2474 Ouidii.
2681 2431 2743 2467 ²0

337 2541 668 2602 Secundus
719 2545 931 2603 tomus
986 2543 1304 2604 dedicetur
1350 2543 1627 2621 Adagiis,
1681 2562 1836 2621 quae
1890 2542 2020 2605 sola
2071 2543 2308 2605 iustum
2354 2540 2652 2604 volumen

248 2638 638 2715 conficiunt3
680 2644 744 2702 et
770 2644 1211 2721 argumentum
1242 2661 1369 2702 non
1396 2639 1690 2703 abhorret
1715 2662 1754 2704 a
1779 2641 1966 2703 titulo
1994 2642 2326 2720 superioris
2350 2641 2523 2704 tomi.

335 2772 592 2833 Tertius
616 2773 965 2851 assignetur
984 2774 1300 2853 Epistolis‚
1323 2775 1486 2853 quod
1508 2775 1575 2858 in
1604 2774 1705 2836 his
1725 2794 1972 2853 quoque
1991 2773 2309 2852 complura
2333 2777 2482 2837 sunt
2497 2793 2655 2852 quae

256 2871 497 2932 faciunt
537 2872 615 2932 ad
644 2874 1124 2934 exercitamenta
1149 2873 1536 2949 studiorum;
1578 2893 1731 2934 nam
1767 2873 2127 2952 plaerasque
2162 2873 2429 2934 lusimus
2459 2872 2658 2933 adole·

256 2969 498 3028 scentes
521 2971 633 3030 aut
658 2972 823 3030 certe
850 2971 1124 3033 iuuenes.
1199 2971 1324 3033 His
1351 2972 1694 3051 repurgatis
1718 2971 2021 3033 addemus
2048 2970 2398 3046 nonnullas,
2421 2969 2657 3049 aliquot
2684 2997 2744 3049 ²5

256 3067 521 3128 fortasse
562 3068 1091 3132 submonebimus.
1179 3070 1260 3130 In
1303 3072 1470 3131 hunc
1505 3070 1790 3132 ordinem
1830 3070 1978 3130 addi
2017 3069 2208 3131 velim
2247 3069 2658 3148 praefationes

248 3165 501 3244 aliquot
527 3165 945 3244 dedicatorias,
969 3190 1123 3248 quas
1149 3169 1519 3248 typographi
1545 3188 1657 3230 suo
1684 3169 1984 3230 arbitratu
2012 3166 2216 3230 solent
2240 3168 2343 3230 vel
2371 3167 2657 3229 omittere

257 3264 359 3325 vel
411 3267 674 3325 mutare.
762 3266 932 3328 Talis
972 3271 1066 3329 est
1107 3268 1403 3347 praefatio
1449 3269 1517 3328 in
1561 3288 1747 3346 opera
1784 3267 1918 3327 diui
1959 3265 2194 3329 Hilarii
2234 3270 2299 3327 et
2338 3266 2650 3345 Cypriani,

254 3363 325 3422 in
400 3362 676 3424 Lexicon
740 3366 1060 3443 Graecum,
1137 3366 1397 3445 epistola
1461 3366 1540 3427 ad
1610 3366 1916 3427 Ioannem
1984 3364 2380 3427 Paludanum
2446 3364 2659 3427 addita

254 3462 645 3541 Panegyrico
698 3464 777 3525 ad
827 3464 1209 3544 Philippum,
1262 3465 1559 3545 praefatio
1604 3466 1818 3527 addita
1854 3464 2070 3525 libello
2116 3465 2194 3525 de
2236 3464 2527 3543 Principe
2577 3463 2656 3525 ad
2686 3486 2749 3537 30

257 3562 727 3623 Perdinandum
757 3564 962 3625 Caroli
1003 3565 1276 3640 fratrem,
1309 3567 1420 3626 aut
1459 3564 1513 3625 si
1554 3584 1711 3642 quae
1750 3563 1907 3624 aliae
1945 3563 2321 3625 videbuntur
2360 3561 2657 3639 indignae

250 3678 419 3739 *quae
444 3664 721 3738 pereant.

340 3793 618 3868 Quartus
645 3792 828 3852 detur
861 3792 962 3853 his
989 3814 1145 3872 quae
1174 3793 1409 3854 faciunt
1439 3794 1517 3854 ad
1556 3813 1808 3854 morum
1835 3792 2314 3854 institutionem.
2399 3792 2502 3852 Ad
2540 3790 2658 3852 hoc

249 3911 460 3970 genus
513 3890 838 3968 pertinent
889 3895 953 3951 et
1003 3891 1259 3953 Luciani
1311 3892 1657 3970 plaeraque,
1718 3911 2075 3969 quanquam
2130 3911 2201 3951 ea
2254 3890 2321 3949 in
2380 3890 2657 3967 primum

257 3994 507 4051 tomum
549 3987 1024 4066 assignauimua
2684 4013 2745 4063 35

1241 4117 1325 4165 31.
1360 4103 1500 4152 aliae
1522 4120 1611 4153 om.
1634 4103 1679 4154 δ.

324 4312 408 4358 3ο.
433 4296 622 4346 libello
637 4295 705 4345 de
726 4293 1001 4359 Principe]
1022 4295 1092 4345 In
1107 4295 1203 4343 the
1217 4295 1415 4345 second
1516 4294 1759 4345 reddidit
1785 4297 1906 4343 tum
1928 4294 2099 4357 ipsius
2121 4292 2332 4344 indoles
2352 4328 2367 4344 .
2385 4329 2401 4345 .
2417 4296 2539 4343 tum
2562 4295 2659 4341 tua

264 4363 473 4411 edition
518 4364 578 4412 of
612 4362 730 4410 this
778 4360 978 4426 (Basle,
1018 4360 1245 4423 Froben,
1282 4360 1415 4423 July
1516 4398 1529 4411 .
1546 4395 1561 4411 .
1584 4358 1846 4410 consilia)
1885 4360 1996 4410 But
2011 4361 2167 4410 there
2184 4361 2231 4408 is
2248 4374 2318 4410 no
2335 4358 2495 4409 other
2510 4361 2657 4407 trace

271 4428 419 4492 1518)
470 4428 733 4478 Erasmus
789 4425 964 4474 added
1014 4440 1045 4475 a
1094 4425 1307 4489 preface
1359 4430 1415 4475 to
1515 4428 1577 4475 in
1599 4426 1716 4475 this
1738 4441 1798 4475 or
1814 4425 1952 4475 later
1968 4425 2205 4474 editions
2227 4424 2328 4474 osa
2343 4423 2656 4475 dedication

265 4492 411 4543 John
443 4494 517 4544 Le
548 4494 812 4555 Sauvage‚
845 4493 906 4540 in
938 4490 1124 4541 which
1156 4491 1226 4541 he
1260 4506 1381 4554 says
1398 4528 1412 4541 .
1515 4495 1574 4541 to
1597 4490 1927 4541 Ferdinand.
1979 4491 2091 4540 The
2112 4491 2322 4554 preface
2344 4488 2581 4540 resen-ed
2600 4492 2658 4538 to

269 4563 283 4584 ¹
299 4557 711 4624 (Perdinando)
756 4556 1005 4606 libellum
1053 4557 1119 4606 de
1165 4557 1417 4619 Principe
1514 4557 1645 4607 here
1670 4558 1722 4607 is
1742 4556 2011 4606 therefore
2032 4556 2290 4620 probably
2306 4556 2402 4605 the
2424 4553 2655 4617 original

272 4625 604 4675 instituendo
623 4622 959 4683 instauraui,
973 4621 1416 4685 quandoquidem
1515 4621 1825 4672 dedication
1849 4627 1905 4672 to
1928 4621 2178 4683 Charles3
2210 4621 2307 4670 the
2334 4621 2469 4669 book
2499 4619 2656 4668 alone

266 4703 388 4739 eum
406 4690 595 4740 Carolo
611 4687 941 4740 iamdudum
958 4701 1416 4750 superuacaneum
1514 4689 1679 4750 being
1693 4687 2006 4738 considered
2020 4702 2079 4737 as
2098 4687 2190 4736 ‘ad
2207 4682 2657 4737 Ferdimndumss
