3355 5380
270 377 456 462 1487]
1136 382 1243 443 ΤΟ
1297 382 1793 444 ELIZABE'I'H
2573 394 2608 447 7
2616 395 2651 449 5

263 511 543 590 fugiente
582 510 958 586 faelicitat03
1004 487 1288 573 mutante
1324 513 1574 574 fortuna
1607 513 1778 575 vices
1813 512 2096 575 animum
2134 517 2385 576 mutant
2416 520 2477 577 et
2513 517 2648 595 ipsi.

269 609 443 687 Quod
472 612 642 671 certe
670 613 737 670 et
762 613 905 689 apte
932 613 997 672 et
1023 611 1262 672 erudite
1281 610 1390 672 ille
1416 613 1598 689 poeta
1622 611 1804 673 nobis
1830 612 2067 688 cecinit,
2102 614 2209 692 qui
2236 614 2394 675 dixit
2419 637 2433 675 :

593 733 698 794 En
740 754 854 811 ego
895 754 1023 795 non
1062 734 1276 812 paucis
1316 734 1629 812 quondam
1666 735 1953 796 munitus
1992 736 2219 810 amicis,
2688 758 2745 813 15

677 832 850 893 Dum
890 832 1067 894 flaret
1106 832 1268 893 velis
1306 851 1455 893 aura
1494 832 1764 893 secunda
1805 833 1997 893 meis:

596 930 686 991 Vt
726 918 859 991 fei-a
900 930 1183 992 nimboso
1226 932 1591 992 tumuerunt
1630 946 1895 1009 aequora
1935 934 2142 1003 vento,

680 1028 763 1089 In
805 1028 1031 1089 mediis
1066 1027 1267 1090 lacera
1305 1048 1513 1107 puppe
1554 1028 1872 1107 relinquor
1910 1030 2103 1107 aquis.

268 1151 392 1213 Sed
414 1155 500 1225 te,
532 1151 863 1212 Elizabeth
890 1150 1284 1225 amicissima,
1320 1169 1450 1211 non
1476 1149 1543 1211 in
1570 1171 1788 1213 eorum
1816 1153 1878 1212 te
1905 1170 2037 1212 esse
2066 1171 2329 1212 numero
2358 1152 2483 1212 iam
2511 1152 2656 1229 sole,

265 1253 342 1311 vt
383 1250 584 1325 aiunt,
633 1249 861 1309 clarius
900 1251 1292 1327 perspectum
1330 1248 1543 1326 habeo,
1591 1269 1778 1328 quam
1819 1269 2009 1311 vnam
2050 1250 2120 1310 in
2161 1253 2337 1311 tanto
2380 1251 2662 1313 omnium
2694 1275 2756 1311 20

268 1367 481 1409 rerum
518 1346 823 1421 tumultu,
855 1346 925 1406 in
963 1346 1159 1406 tantis
1185 1346 1467 1407 fortunae
1503 1365 1677 1408 meae
1714 1346 2124 1409 incommodis
2150 1348 2309 1408 mihi
2341 1351 2406 1410 et
2441 1367 2575 1410 esse
2602 1350 2666 1409 et

268 1446 465 1507 fuisse
492 1464 745 1523 semper
773 1443 1071 1523 reliquam
1098 1443 1399 1522 intelligo,
1427 1464 1580 1524 quae
1605 1447 1789 1507 tuum
1816 1445 1886 1506 in
1912 1464 2017 1506 me
2041 1465 2319 1507 amorem
2346 1466 2666 1525 nunquam

268 1544 703 1606 intermiseris.
791 1544 996 1620 Quare
1033 1543 1090 1603 si
1129 1543 1470 1605 officiorum
1510 1544 1719 1605 studio
1764 1544 1882 1606 tibi
1929 1564 2005 1605 ex
2053 1564 2248 1625 aequo
2296 1547 2667 1610 contendere

270 1643 537 1705 minime
564 1661 840 1721 possum,
873 1640 1104 1702 amoris
1142 1643 1355 1702 tamen
1394 1641 1836 1722 literarumque
1876 1642 2306 1704 vicissitudine
2344 1662 2666 1722 nunquam

271 1763 307 1803 a
345 1747 413 1803 te
452 1761 600 1803 sum
641 1740 1044 1819 superandus.
1134 1740 1216 1800 Et
1250 1739 1308 1800 si
1335 1741 1405 1800 tu
1432 1739 1619 1802 rebus
1642 1760 1775 1801 non
1813 1740 1997 1819 longe
2033 1742 2315 1819 anteibis‚
2358 1762 2470 1822 ego
2501 1745 2666 1803 certe
2698 1764 2721 1798 2
2728 1762 2755 1812 5

270 1840 487 1901 animo
536 1859 609 1900 ac
647 1837 978 1900 voluntate
1017 1838 1419 1917 pomorem
1469 1857 1572 1899 me
1619 1839 1756 1900 fieri
1795 1858 1922 1900 non
1963 1841 2185 1902 sinam.
2279 1841 2361 1903 Et
2406 1841 2464 1903 si
2507 1840 2668 1902 meis

267 1937 465 1999 fidem
492 1937 891 2001 sermonibus
916 1957 1045 1997 non
1072 1936 1282 2013 habes,
1307 1937 1405 1998 fac
1431 1936 1816 2014 periculum5
1858 1939 2136 2016 efficiam,
2169 1940 2225 2001 si
2254 1940 2403 2019 quid
2430 1943 2660 2019 potero,

270 2040 346 2098 vt
372 2037 593 2117 quanti
619 2039 684 2098 te
710 2036 939 2097 faciam
965 2034 1293 2114 intelligas.
1380 2035 1539 2096 Vale
1564 2054 1825 2114 semper.

1045 2242 1107 2305 3.
1195 2238 1295 2308 To
1338 2238 1567 2306 Pmn
1610 2239 1906 2306 Gnnann

346 2377 485 2436 Vita
508 2376 728 2434 Erasini
752 2395 808 2451 p.
843 2378 960 2435 186.
2324 2379 2593 2453 (Steyn.)

348 2466 522 2523 Lond-
548 2465 701 2521 mi.
726 2482 826 2521 20:
864 2465 974 2521 LB.
1001 2464 1147 2537 App.
1173 2478 1296 2533 470.
2343 2465 2574 2541 (1487.)

341 2584 530 2653 [Astcr
562 2585 657 2636 the
692 2589 855 2648 entry
887 2586 1006 2636 into
1041 2585 1226 2648 Steyn.
1291 2584 1404 2635 'I'he
1434 2583 1730 2635 references
1762 2588 1819 2636 to
1851 2584 2143 2648 servatius,
2169 2587 2292 2635 who
2315 2588 2364 2637 is
2386 2588 2667 2654 evidently

274 2651 597 2702 mentioned
635 2650 721 2700 for
756 2651 855 2701 the
887 2649 1006 2700 first
1041 2650 1190 2715 time,
1228 2648 1337 2699 and
1374 2653 1429 2700 to
1470 2648 1736 2700 amended
1775 2648 1992 2701 fortune
2029 2652 2186 2714 point
2220 2655 2275 2702 to
2310 2653 2405 2703 the
2444 2654 2670 2719 happier

271 2719 449 2768 trane
482 2718 542 2767 ct
569 2715 731 2767 mind
763 2717 824 2765 of
848 2718 944 2766 the
975 2716 1163 2779 period
1199 2716 1259 2765 of
1284 2716 1583 2778 probation.

341 2783 447 2835 For
470 2782 630 2834 Peter
652 2781 857 2834 Gerard
880 2781 939 2831 of
956 2781 1287 2842 Rotterdam,
1305 2779 1577 2832 Erasmus’
1599 2781 1747 2830 elder
1769 2780 1991 2831 brother
2012 2782 2084 2844 by
2105 2783 2295 2845 nearly
2318 2784 2470 2834 three
2493 2800 2662 2848 years,

275 2864 368 2898 see
387 2849 525 2913 App.
559 2862 604 2897 1.
672 2847 760 2897 He
793 2862 902 2896 was
934 2847 1283 2910 presumably
1311 2849 1367 2895 at
1400 2846 1514 2896 this
1547 2847 1686 2895 time
1718 2847 1780 2894 in
1815 2847 1910 2895 the
1944 2849 2254 2910 monastery
2286 2847 2347 2896 of
2372 2848 2502 2898 Sion
2537 2864 2668 2899 near

276 2915 430 2964 Delfi
450 2914 537 2977 (u.
561 2912 671 2976 67),
693 2913 804 2962 and
833 2912 1099 2963 therefore
1128 2913 1301 2975 easily
1320 2911 1623 2973 accessible,
1645 2912 1796 2962 since
1828 2911 1980 2962 there
2001 2924 2113 2961 was
2138 2926 2174 2962 a
2201 2913 2344 2963 close
2364 2917 2666 2965 connexion

277 2981 524 3030 between
549 2979 683 3030 Sion
712 2977 823 3029 and
845 2980 1031 3043 Steyn,
1058 2992 1147 3028 see
1166 2978 1309 3041 App.
1335 2993 1381 3027 ο.
1451 2977 1523 3029 In
1551 2978 1681 3040 1498
1704 2977 1963 3028 Erasmus
1995 2978 2239 3042 inquires
2269 2978 2668 3046 affectionately

278 3045 367 3095 for
396 3044 488 3094 his
518 3043 743 3094 brother
778 3043 934 3107 (Epp.
973 3043 1034 3105 78
1065 3042 1175 3092 and
1210 3043 1334 3107 81);
1378 3043 1477 3091 but
1511 3043 1573 3092 in
1604 3043 1746 3093 later
1774 3040 1870 3091 lire
1904 3043 2069 3090 wrote
2102 3041 2163 3091 of
2189 3043 2306 3092 him
2342 3044 2481 3094 with
2514 3051 2666 3109 great

275 3111 604 3171 bitterncen
657 3109 767 3159 and
807 3112 867 3159 at
903 3109 994 3158 his
1028 3108 1211 3171 death,
1254 3109 1437 3159 which
1475 3106 1732 3158 occurred
1772 3106 1947 3158 before
1992 3107 2121 3170 1528
2160 3108 2354 3175 (Lond.
2399 3111 2553 3162 xxiii.
2594 3126 2665 3174 9:

274 3177 387 3227 LB.
425 3177 566 3242 922),
604 3175 673 3226 he
705 3175 805 3225 felt
836 3190 909 3224 no
942 3177 1155 3238 regrets.
1230 3174 1310 3226 cf.
1342 3174 1458 3225 also
1491 3174 1589 3238 Ep.
1625 3187 1739 3237 330.
1782 3171 1940 3240 ron.]

422 3331 745 3381 melivs
790 3329 1291 3378 Rowznonauvs
1335 3329 1607 3379 Donum
1651 3328 1872 3378 Pmo
1916 3330 2251 3380 GERMANO
2295 3329 2419 3380 SVO
2462 3333 2516 3382 S.

360 3454 566 3517 Iun
593 3457 799 3516 totum
826 3453 1085 3515 fratrem
1112 3452 1385 3514 exuisti?
1454 3451 1639 3515 Itane
1672 3472 1926 3532 prorsus
1957 3452 2206 3515 Erasini
2234 3453 2328 3515 tui
2365 3453 2483 3517 tibi
2519 3475 2664 3519 eura

273 3553 531 3615 recessit
552 3554 587 3613 Ῥ
667 3552 898 3626 Scribo,
929 3551 1180 3628 mando,
1222 3550 1538 3627 remando,
1572 3550 1799 3612 iterum
1832 3554 2017 3631 atque
2052 3552 2284 3613 iterum
2317 3554 2655 3632 expostulo,

275 3651 560 3714 sciscitor
609 3670 686 3711 ex
739 3649 1150 3712 familiaribus
1195 3649 1326 3710 tuis
1379 3649 1610 3710 isthinc
1658 3649 1985 3728 profectis3
2055 3670 2256 3729 neque
2310 3651 2663 3714 litterarum

273 3751 516 3812 habent
554 3750 909 3828 quidquam,
950 3768 1147 3827 neque
1183 3747 1553 3809 mandatum
1591 3747 1795 3809 vllum
1823 3770 1840 3824 ;
1880 3750 2131 3810 tantum
2164 3751 2229 3809 te
2259 3753 2424 3812 recte
2455 3751 2663 3814 valere

274 3850 476 3911 aiunt.
566 3847 743 3909 Nihil
786 3845 987 3908 isthoc
1028 3847 1282 3926 quidem
1322 3842 1483 3907 mihi
1520 3846 1739 3908 auditu
1781 3846 2129 3923 iucundius,
2178 3847 2284 3909 sed
2326 3850 2399 3909 tu
2437 3848 2663 3911 idcirco
2690 3865 2721 3913 5

274 3946 478 4009 nihilo
506 3946 710 4024 magis
737 3948 846 4007 tuo
881 3944 1074 4006 officio
1109 3945 1364 4007 functus
1401 3964 1484 4006 es.
1570 3944 1658 4006 Vt
1687 3964 1798 4023 ego
1824 3947 2001 4007 tuam
2026 3945 2437 4024 pertinaciam
2462 3947 2656 4023 video,

273 4045 617 4126 procliuius
651 4044 821 4106 factu
859 4044 1041 4106 credo
1078 4047 1150 4104 vt
1182 4063 1259 4103 ex
1301 4045 1435 4104 cote
1475 4042 1569 4104 lac
1613 4063 1804 4123 quam
1844 4062 1921 4105 ex
1961 4045 2026 4104 te
2066 4043 2299 4122 aliquid
2339 4045 2665 4107 literarum

275 4143 616 4208 eliciamus.
707 4142 795 4204 Et
819 4142 925 4204 vbi
954 4161 1196 4221 quaese,
1228 4141 1321 4204 mi
1348 4141 1547 4218 Petre,
1579 4141 1844 4219 pristina
1875 4140 1985 4202 illa
2022 4144 2132 4203 tua
2173 4141 2240 4203 in
2272 4162 2377 4205 me
2404 4142 2664 4207 beneuo-

275 4244 471 4309 lentis
519 4246 589 4304 et
633 4244 821 4304 vetus
863 4241 971 4304 ille
1019 4261 1147 4302 non
1187 4240 1465 4319 vulgaris
1506 4240 1613 4302 sed
1655 4241 1848 4302 fratre
1890 4240 2120 4318 dignus
2177 4260 2354 4304 amor
2372 4245 2406 4304 ⁴?
2486 4243 2670 4306 Itane

279 4342 484 4406 subito
522 4362 601 4404 ex
628 4341 894 4403 Mitione
924 4338 1207 4401 transisti
1242 4339 1311 4400 in
1338 4338 1639 4401 Demeam
1658 4341 1694 4400 Ῥ
1775 4338 1960 4400 Itane
1985 4339 2198 4402 animo
2226 4340 2296 4404 in
2324 4360 2440 4402 nos
2466 4339 2669 4402 factus
2699 4367 2759 4403 10

280 4460 349 4501 es
398 4441 605 4504 alieno
624 4441 662 4499 ⁴?
765 4438 929 4514 Quid
986 4438 1155 4498 enim
1211 4436 1380 4498 aliud
1436 4436 1736 4515 suspicari
1799 4456 2054 4515 possum
2074 4440 2107 4500 ⁸?
2217 4439 2286 4500 Si
2343 4438 2668 4499 tantillum

1023 4552 1070 4601 2.
1096 4565 1176 4601 οι.
1210 4550 1383 4601 tantis
1402 4555 1609 4601 commit
1642 4553 1828 4601 tantae
1853 4549 1924 4601 0¹.

349 4686 395 4738 2
413 4701 487 4747 ¹⁴·
523 4683 712 4750 poeta]
735 4683 891 4734 ovid.
916 4686 1007 4744 29.
1030 4686 1157 4734 Pont.
1186 4698 1235 4735 ο.
1259 4699 1306 4747 3.
1321 4683 1467 4747 25-8.
1589 4685 1636 4735 8.
1667 4698 1710 4733 1.
1744 4697 1873 4734 cura
1893 4683 2135 4747 recessit]
2160 4681 2312 4746 Verg.
2338 4684 2460 4731 Aen.
2489 4695 2529 4730 2.
2558 4693 2670 4742 595.

1428 4785 1468 4828 G
1496 4784 1536 4827 2
