3355 5380
269 348 452 434 1513]
860 352 1093 416 FRoM
1147 351 1535 414 ANDREW
1588 350 2053 415 moruus
2540 361 2657 418 539

258 512 475 570 vtrum
501 507 716 570 literas
738 509 1082 587 acceperis3
1122 509 1200 571 ad
1227 512 1372 571 tuas
1396 512 1609 570 autem
1636 507 2032 584 nouissimos,
2058 509 2207 586 quia
2224 510 2343 571 sub
2371 514 2659 573 nostrum

258 625 336 667 ex
364 606 571 668 Gallia
596 606 955 683 discessum,
972 608 1269 669 videlicet
1294 626 1491 686 quum
1517 607 1596 668 ad
1618 606 1975 668 ouationem
2003 610 2475 685 reuerteremus,
2498 608 2660 670 mihi

255 705 512 767 fuerunt
579 705 872 779 redditae,
923 705 1088 766 nihil
1153 705 1445 783 rescripsi
1472 726 1489 780 3
1574 725 1731 783 quae
1785 708 2003 766 tamen
2056 707 2377 768 mandasti
2424 708 2656 769 curaui.
2687 730 2716 783 5

257 804 425 866 Nam
453 805 770 866 Bertinico
796 804 1035 867 Abbati
1061 804 1399 884 diligenter
1430 808 1493 865 te
1520 803 1956 866 commendaui
1986 803 2165 884 eique
2193 825 2449 868 omnem
2487 807 2661 870 illam

256 906 438 964 tuam
467 903 1003 965 nomenclaturam
1031 904 1108 966 de
1133 904 1265 966 tuis
1289 903 1453 981 apud
1482 923 1629 964 eum
1658 902 1946 965 amiculis
1973 902 2245 983 perlegi3
2289 904 2399 965 ille
2426 904 2662 968 mirum

256 1022 448 1080 quam
490 1001 568 1063 ad
611 1003 860 1063 Erasmi
909 1022 1143 1063 nomen
1195 1002 1385 1064 fuerit
1427 1002 1726 1064 continuo
1770 1002 2172 1079 exhilaratus,
2233 1003 2484 1064 hercule
2531 1024 2662 1066 non

257 1119 436 1161 secus
475 1119 546 1160 ac
586 1104 788 1161 mater
819 1100 1013 1162 vidua
1047 1101 1126 1161 ad
1159 1098 1614 1179 peregrinantis
1641 1099 1822 1161 filioli
1864 1101 2211 1174 nuncium;
2253 1102 2663 1179 apprehendit

257 1219 363 1260 me
416 1202 495 1273 et,
552 1218 750 1277 quum
805 1197 993 1260 multi
1047 1199 1350 1276 adessent,
1410 1218 1695 1261 seorsum
1750 1197 2026 1275 abduxit,
2085 1218 2155 1260 ac
2208 1200 2412 1262 multa
2466 1201 2542 1262 de
2598 1203 2663 1263 te
2692 1218 2752 1258 ιο

255 1298 689 1359 amantissime
714 1300 1129 1376 percontatus,
1161 1301 1477 1376 postremo
1500 1301 1577 1359 vt
1610 1299 1732 1359 tibi
1759 1299 2092 1360 Britannia
2127 1299 2452 1360 incidisset
2488 1318 2664 1379 quae·

254 1397 428 1459 siuit.
514 1396 848 1474 Respondi,
883 1397 1046 1474 quod
1075 1399 1222 1472 erat,
1252 1397 1464 1458 omnia
1490 1395 1676 1476 longe
1715 1397 1843 1458 tuis
1879 1395 2126 1457 meritis
2160 1396 2471 1459 inferiora.
2557 1395 2661 1461 Ad

255 1514 575 1556 summam
627 1494 805 1555 visus
857 1498 954 1556 est
1006 1494 1105 1556 tui
1159 1514 1350 1574 quam
1403 1493 1922 1559 studiosissimus.
2017 1495 2214 1556 Porro
2270 1496 2661 1559 Scriniorum

255 1592 627 1672 Magistrum
669 1593 953 1668 conueni,
987 1613 1146 1672 quae
1186 1592 1266 1654 de
1302 1613 1377 1654 eo
1417 1592 1718 1656 scriberes
1758 1592 1884 1671 ipsi
1924 1593 2191 1669 ostendi,
2236 1596 2301 1655 et
2337 1592 2662 1655 Plutarchi

253 1689 546 1752 libellum
574 1690 814 1767 obtuli3
854 1691 1070 1769 paucis
1109 1691 1344 1770 gratias
1384 1692 1512 1771 egit
1551 1695 1632 1768 et,
1667 1691 1968 1771 quoniam
2011 1694 2145 1753 erat
2180 1690 2275 1769 (vt
2306 1690 2664 1770 videbatur)
2692 1716 2749 1767 15

257 1789 787 1868 occupatissimus,
834 1789 955 1850 alio
996 1809 1063 1851 se
1110 1789 1461 1868 proripuit3
1522 1792 1656 1853 eius
1702 1793 1918 1870 postea
1959 1789 2321 1869 alloquendi
2365 1810 2496 1851 non
2542 1790 2666 1851 fuit

256 1887 689 1949 commoditas.

339 1984 730 2064 Simulatque
757 1984 1098 2064 Anglicum
1126 1984 1334 2047 solum
1359 1985 1560 2066 tetigi,
1585 1986 1696 2047 vbi
1716 1986 1996 2049 locorum
2022 2005 2190 2048 esses
2210 2006 2426 2065 rogare
2448 1985 2661 2064 coepi,
2647 2007 2661 2021 ·

256 2082 567 2162 siquidem
595 2084 1175 2163 Cantabrigiensem
1202 2090 1444 2163 pestem
1471 2086 1687 2164 fugere
1710 2090 1776 2146 te
1802 2085 2123 2165 scripsisti.
2196 2085 2378 2148 Vnus
2406 2085 2661 2147 tandem

256 2182 543 2244 Sixtinus
568 2183 729 2244 mihi
758 2181 920 2244 dixit
954 2187 1021 2244 te
1056 2183 1311 2262 quidem
1340 2184 1811 2263 cantabrigiam
1850 2183 1932 2245 ob
1968 2188 2212 2263 pestem
2245 2182 2573 2263 reliquisse
2598 2184 2663 2244 et
2691 2202 2752 2237 ιο

257 2282 633 2344 concessisse
672 2281 880 2343 nescio
910 2302 1071 2360 quo;
1114 2282 1224 2344 vbi
1251 2302 1395 2344 cum
1423 2283 1560 2344 vini
1596 2282 1858 2362 penuria
1894 2281 2211 2345 laborares
2243 2285 2308 2342 et
2344 2301 2417 2342 eo
2454 2299 2662 2343 carere

257 2384 429 2457 peste
473 2379 729 2459 grauius
772 2380 1043 2456 duceres,
1081 2381 1548 2460 Cantabrigiam
1587 2382 1909 2459 repetiisse
1953 2383 2140 2460 atque
2176 2379 2335 2443 inibi
2384 2382 2446 2440 te
2495 2399 2663 2439 nunc

258 2492 408 2535 esse.
518 2474 572 2533 Ο
618 2473 848 2535 fortem
897 2474 1189 2536 Bassarei
1244 2474 1741 2536 commilitonem
1798 2475 1905 2554 qui
1960 2474 2030 2535 in
2085 2493 2337 2536 summo
2390 2472 2661 2551 periculo

260 2571 482 2631 ducem
511 2571 786 2634 deserere
813 2572 1130 2635 nolueris!
1200 2573 1404 2649 Quam
1433 2572 1513 2635 ob
1541 2593 1674 2634 rem
1704 2574 1889 2635 mitto
1925 2573 2003 2633 ad
2043 2576 2105 2634 te
2141 2570 2539 2651 imperatoris
2566 2569 2662 2630 tui

259 2670 725 2747 munusculum,
777 2670 915 2733 vini
964 2671 1278 2735 Cretensis
1323 2671 1553 2749 sinum,
1609 2671 1718 2734 sed
1768 2671 1934 2752 quod
1982 2669 2231 2749 Iupiter
2277 2689 2422 2732 cum
2469 2667 2540 2729 in
2587 2687 2661 2730 ea
2688 2697 2746 2748 ²5

260 2766 468 2829 insula
494 2767 860 2831 educaretur
884 2789 997 2831 suo
1024 2769 1314 2849 peniculo
1350 2770 1632 2845 eminxit,
1666 2771 1785 2832 hoc
1822 2774 1918 2832 est
1954 2770 2160 2831 nescio
2199 2769 2352 2847 quid
2392 2788 2468 2829 ex
2502 2767 2661 2828 lacte

260 2867 328 2926 et
362 2867 606 2926 nectare
646 2867 1031 2944 profectum3
1074 2869 1240 2947 quod
1278 2868 1336 2930 si
1377 2871 1621 2931 mature
1661 2869 1787 2931 huc
1825 2871 1890 2930 ts
1932 2868 2246 2947 receperis,
2287 2865 2504 2928 licebit
2543 2864 2662 2925 tibi

261 2961 585 3042 aliquanto
631 2964 867 3043 largius
909 2966 1176 3028 haurire.
1269 2967 1595 3029 Caeterum
1640 2966 1808 3046 quod
1852 2969 2103 3028 auctam
2142 2966 2459 3027 fortunam
2500 2963 2662 3026 mihi

260 3060 613 3142 gratularis,
644 3063 812 3125 haud
854 3064 1052 3125 amice
1091 3065 1256 3142 facis,
1304 3065 1428 3127 m'si
1464 3070 1529 3127 et
1570 3065 1691 3127 tibi
1731 3065 1967 3144 pariter
2004 3063 2348 3144 gratuleris,
2389 3066 2452 3124 et
2490 3064 2549 3124 si
2589 3083 2662 3125 ea

260 3159 519 3238 perinde
543 3162 616 3221 vt
642 3165 751 3222 tua
780 3181 904 3223 non
932 3161 1162 3236 vteris3
1203 3166 1266 3224 et
1282 3183 1394 3242 ego
1421 3162 1701 3225 vicissim
1728 3183 1924 3242 quum
1955 3163 2031 3224 de
2050 3161 2271 3224 multis
2289 3160 2431 3224 aliis
2457 3162 2657 3236 rebus,
2687 3184 2750 3234 30

260 3262 401 3320 tum
440 3258 516 3320 de
558 3279 602 3319 x
640 3259 770 3320 illis
811 3261 1078 3323 aureolis
1121 3281 1274 3339 quos
1315 3265 1699 3341 Δουνελμαῖος
1739 3261 1857 3322 tibi
1898 3260 2161 3323 donauit
2200 3259 2496 3340 gratulor,
2531 3277 2660 3320 non

259 3361 390 3419 tam
417 3357 699 3419 muneris
726 3358 940 3436 gratia,
973 3378 1160 3438 quam
1188 3359 1353 3438 quod
1381 3358 1491 3421 ille
1519 3379 1648 3422 non
1677 3359 1803 3422 nisi
1838 3360 1909 3420 in
1944 3380 2049 3422 eos
2088 3379 2241 3438 quos
2272 3357 2454 3420 vnice
2489 3359 2661 3421 amat

258 3459 322 3516 et
350 3456 620 3535 suspicit,
651 3475 723 3518 ea
748 3455 1121 3518 liberalitate
1153 3458 1248 3518 vti
1276 3457 1448 3520 solet.
1536 3460 1630 3520 At
1665 3458 1831 3538 quod
1871 3457 1949 3519 de
1987 3478 2088 3518 me
2123 3455 2537 3536 interroganti
2564 3455 2661 3517 σοὶ

260 3555 398 3630 πρὸς
420 3555 550 3618 ἔπος
570 3558 670 3614 οὔκ
689 3556 994 3633 ὑπόκρινεν,
1018 3575 1146 3616 ιιοιι
1165 3556 1375 3630 miror,
1397 3560 1460 3617 et
1480 3576 1733 3618 causam
1760 3560 1974 3617 tamen
2003 3555 2213 3617 nescio
2236 3579 2251 3630 3
2296 3575 2446 3616 nam
2472 3553 2659 3633 paulo

260 3654 405 3712 ante
433 3672 623 3730 quam
652 3673 687 3712 e
714 3653 950 3714 nostris
977 3653 1194 3715 castris
1227 3654 1585 3728 discederet,
1619 3655 1936 3733 quandam
1973 3653 2135 3716 mihi
2161 3653 2659 3732 indignationem
2686 3670 2746 3723 35

260 3748 677 3827 significauit3
726 3751 835 3811 sed
872 3751 1038 3812 vnde
1074 3770 1214 3812 eam
1253 3752 1617 3831 conceperit,
1651 3773 1891 3833 nequeo
1920 3752 2222 3816 diuinare.
2302 3751 2538 3815 Plenus
2562 3756 2660 3814 est

263 3848 691 3928 suspicionum
715 3870 730 3923 3
771 3850 1049 3928 grauiter
1073 3849 1198 3910 fert
1218 3868 1384 3928 quae
1421 3869 1609 3911 nemo
1637 3852 1897 3911 censeat.
1986 3849 2159 3910 Dum
2185 3848 2319 3928 ipse
2346 3851 2510 3927 quod
2533 3850 2659 3911 mei

260 3947 450 4009 fuerit
506 3946 695 4007 officii
741 3947 940 4008 fecero
989 3950 1052 4008 et
1098 3946 1282 4025 culpa
1327 3967 1644 4024 vacauero,
1694 3967 1819 4026 quo
1859 3946 2076 4009 animo
2113 3947 2233 4026 hic,
2281 3948 2393 4008 ille
2439 3948 2509 4009 in
2556 3964 2660 4009 me

260 4044 362 4120 sit,
415 4064 543 4105 non
590 4065 697 4106 ero
738 4064 1113 4123 magnopere
1152 4044 1449 4105 solicitus.

327 4213 406 4261 33.
443 4204 489 4248 F
508 4204 681 4261 Gon-riq.
703 4217 716 4249 ε
750 4201 1115 4264 interrogante
1137 4204 1197 4250 E.
1450 4214 1533 4264 34.
1569 4199 1664 4261 οὐχ
1687 4197 1936 4263 ὑπέκρινεν
1956 4204 2033 4261 F,-
2064 4204 2146 4250 aad
2165 4202 2223 4260 qs.
2248 4202 2338 4259 Dp.
2358 4199 2474 4261 983.
2497 4213 2578 4261 43,
2605 4216 2653 4262 4.

259 4265 344 4325 36.
383 4264 581 4315 Plenus
605 4300 619 4314 .
648 4304 659 4317 .
687 4303 701 4316 .
723 4280 804 4328 37.
827 4273 1042 4316 censeat
1063 4282 1154 4317 om.
1181 4270 1235 4316 F.

328 4411 376 4459 3.
413 4401 541 4447 ιιοιιί
524 4414 616 4448 iiss
601 4398 761 4465 ‘mas]
795 4399 893 4462 Ep.
920 4413 1034 4460 973.
1105 4398 1160 4447 It
1192 4411 1416 4461 appears
1513 4398 1841 4447 Ammonius
1861 4397 2208 4463 presumably
2229 4396 2367 4446 with
2391 4395 2526 4445 him

263 4463 403 4513 from
427 4463 559 4525 Epp.
587 4465 700 4514 989.
724 4481 773 4527 4,
792 4478 824 4526 5
855 4465 963 4514 and
987 4465 1100 4526 983.
1128 4480 1210 4526 44,
1232 4477 1263 4526 5
1288 4465 1414 4513 that
1579 4477 1663 4525 93.
1700 4464 1945 4513 Bassarei
1953 4462 2256 4527 ]Bacchus.

257 4528 607 4578 Ammonius’
633 4530 937 4580 firstletter
958 4544 1069 4579 was
1092 4530 1212 4579 lost.
1578 4544 1658 4591 31.
1698 4529 1953 4593 aureolis]
1978 4529 2059 4579 cf.
2086 4529 2181 4591 Ep.
2210 4530 2323 4577 281.
2347 4542 2396 4589 5,
2422 4530 2470 4577 6.

335 4596 411 4643 8.
447 4595 739 4658 Anglicum
794 4595 997 4660 solum]
1059 4595 1253 4657 Hem-y
1308 4606 1413 4644 vm
1577 4609 1658 4656 33.
1697 4594 1776 4643 σοὶ
1798 4593 1913 4656 πρὸς
1936 4593 2022 4642 ἓπο
1995 4594 2174 4660 ος]οί
2206 4594 2301 4657 Ep.
2322 4595 2433 4655 983.
2455 4608 2635 4655 39-49.

258 4659 527 4709 returned
564 4662 624 4709 at
669 4660 765 4709 the
799 4660 908 4710 end
945 4661 1005 4710 of
1036 4661 1276 4723 October,
1302 4659 1412 4711 and
1575 4661 1659 4723 36,
1689 4676 1734 4723 7.
1772 4660 1971 4710 Plenus
1991 4661 2122 4725 etc.]
2157 4659 2427 4710 Removed
2450 4660 2511 4709 in
2535 4660 2590 4709 F.

1369 4760 1553 4805 nna
