3355 5380
644 317 763 374 496
1342 309 1721 372 LETTERS
1776 309 1883 370 OF
1939 295 2339 372 ERASRUS
2863 302 2897 387 [
2908 326 2934 365 1
2950 325 3021 382 5¹
3040 325 3062 363 1

2410 419 2419 448 ἰι

642 472 708 529 et
761 467 1013 546 quidem
1068 465 1462 543 amplissimo
1509 464 1773 542 dignum
1821 483 1925 527 me
1971 464 2293 526 arbitraris
2314 467 2348 526 *Ρ
2456 467 2593 526 Aut
2640 466 2780 525 tam
2830 466 2911 524 tu
2966 483 3068 522 me

644 586 817 627 amas
859 586 1046 643 quam
1089 564 1286 642 cupio,
1319 568 1430 624 aut
1469 567 1634 624 certe
1675 567 1988 640 ἑρασμικῶς
2026 563 2265 625 iocaris.
2350 564 2528 640 Quod
2571 583 2693 636 me,
2723 563 2847 623 etsi
2896 560 3067 622 nihil

645 665 979 738 accesserit,
1003 662 1574 725 fortunatissimum
1613 681 1844 737 censes,
1877 663 2092 723 fucum
2119 661 2501 723 rhetoricum
2534 682 2846 740 agnosco;
2893 660 3070 740 quod

646 783 795 824 vero
835 763 994 822 bene
1041 761 1360 833 ominaris‚
1407 759 1555 820 licet
1604 760 1668 820 id
1712 760 1925 837 potius
1973 780 2011 820 a
2049 763 2160 822 tua
2201 762 2526 822 voluntate
2565 780 2757 838 quam
2807 779 2848 819 a
2892 762 3072 820 cei-h

566 883 624 919 10
645 862 854 940 aliqua
907 860 1259 922 coniectura
1311 858 1753 934 proficiscatur,
1815 862 2175 938 pergratum
2231 863 2449 920 tamen
2502 862 2613 920 est.
2715 859 2841 918 Sed
2901 858 3072 918 heus

647 964 836 1036 vates,
898 957 1199 1019 diuinasti
1253 957 1508 1018 tandem
1564 976 1675 1017 cur
1728 959 1932 1021 λευκὰς
1982 958 2176 1037 τρίχας
2239 958 2596 1035 deplorem;
2665 956 2842 1034 quasi
2905 955 3073 1016 idne

646 1059 889 1137 puellae
936 1056 1196 1135 capillos
1242 1058 1308 1116 et
1355 1075 1482 1116 non
1529 1053 1769 1115 loculos
1815 1055 2027 1132 potius
2072 1056 2442 1133 inspectent.
2546 1058 2800 1116 Aureus
2846 1053 3072 1114 hercle

647 1155 1020 1218 nummulus
1047 1155 1154 1232 qui
1181 1153 1449 1216 summis
1485 1152 1705 1229 digitis
1740 1153 2069 1229 refulserit,
2103 1154 2239 1232 ipso
2272 1175 2377 1215 me
2404 1154 2593 1215 Nireo
2630 1150 3071 1230 pulchriorem

650 1253 903 1314 reddere
938 1255 1184 1330 potest3
1233 1271 1361 1312 non
1404 1271 1476 1311 ea
1516 1250 1594 1312 de
1634 1270 1818 1313 causa
1856 1252 2085 1326 tristor,
2119 1253 2228 1314 sed
2270 1253 2432 1332 quod
2466 1254 2648 1314 video
2688 1271 2794 1312 me
2834 1253 3075 1329 ἀχρεῖον

567 1372 625 1423 ¹5
649 1350 1062 1412 consenuisse.
1135 1350 1312 1410 Bene
1352 1369 1567 1411 rursus
1606 1368 1845 1426 mones,
1878 1350 1964 1411 δεῖ
1999 1353 2065 1412 τὸ
2105 1353 2285 1429 παρὸν
2326 1352 2387 1413 εὖ
2424 1351 2697 1412 τίθεσθαι.
2769 1349 2899 1410 Sed
2946 1349 3074 1409 iter

651 1449 812 1511 mihi
855 1451 1166 1510 monstres
1206 1448 1418 1523 velim,
1452 1446 1607 1509 dum
1649 1467 1781 1509 non
1824 1448 2008 1526 plane
2048 1449 2522 1529 philosopheris.

732 1548 1253 1610 Vuintoniensem
1281 1546 1514 1607 iterum
1541 1547 1620 1607 de
1646 1551 1712 1607 te
1737 1547 2054 1624 admonui,
2090 1552 2245 1609 ἀλλὰ
2272 1551 2523 1627 ἀκαίρως.
2594 1549 2835 1610 Verum
2861 1565 3069 1623 quum

652 1651 725 1708 tu
752 1646 969 1721 aderis,
991 1644 1267 1722 aliquam
1286 1645 1600 1722 egregiam
1622 1646 2156 1723 opportunitatem
2176 1647 2590 1710 inueniemus.
2652 1647 2748 1707 De
2774 1643 3072 1705 cubiculo

655 1745 806 1824 quid
835 1742 992 1805 velis
1029 1742 1481 1819 propemodum
1507 1742 1814 1822 intelligo,
1850 1745 1961 1806 sed
2003 1764 2131 1805 non
2168 1747 2506 1823 respondes
2541 1765 2626 1806 an
2661 1744 2859 1805 libeat
2892 1741 3069 1820 apud

571 1865 635 1902 20
657 1842 992 1920 Gryphum
1020 1839 1338 1900 diuersari.
1428 1839 1751 1901 Sixtinum
1779 1842 2153 1904 conueniam
2179 1847 2244 1905 et
2271 1845 2350 1905 de
2378 1844 2576 1905 literis
2602 1844 2769 1921 quod
2798 1840 3075 1900 mandas

658 1937 1074 2010 renunciab03
1137 1937 1420 2015 alloquar
1468 1941 1532 1998 et
1587 1938 1955 2013 Monioium‚
2015 1960 2084 2001 ac
2131 1962 2322 2019 quam
2370 1945 2585 2020 potero
2631 1944 2776 2020 apte
2838 1960 2921 2000 an
2975 1938 3073 1997 illi

658 2037 832 2099 aurei
875 2035 1107 2096 fuerint
1138 2035 1437 2110 persoluti
1475 2036 1792 2098 odorabor.
1879 2040 1976 2099 Ac
2014 2039 2220 2100 nescio
2255 2061 2339 2101 an
2366 2039 2752 2102 intellexeris
2778 2038 3074 2098 Alanum

662 2136 871 2213 ipsum
898 2134 1001 2194 hic
1027 2152 1176 2208 esse,
1209 2133 1372 2211 quod
1400 2153 1585 2213 saepe
1618 2134 1736 2195 tibi
1765 2136 2115 2214 significare
2151 2139 2451 2199 constitui
2488 2142 2554 2199 et
2579 2157 2828 2216 semper
2853 2140 3075 2197 tamen

663 2232 908 2294 excidit.
998 2230 1148 2292 Fuit
1189 2231 1306 2291 sub
1341 2232 1544 2308 specie
1581 2234 1854 2312 quadam
1891 2234 2149 2296 honoris
2186 2240 2527 2313 reuocatus,
2560 2257 2629 2297 re
2670 2239 2882 2297 autem
2921 2253 3080 2294 vera

579 2354 639 2405 ²5
665 2331 960 2411 quoniam
1001 2330 1077 2390 D.
1120 2329 1584 2391 cantuariensis
1630 2333 1961 2409 negocium
2003 2334 2237 2395 Romae
2277 2355 2516 2413 parum,
2560 2341 2632 2397 vt
2671 2335 2876 2408 audio,
2922 2353 3077 2412 pru·

667 2430 887 2491 denter
915 2427 1153 2507 agebat.
1241 2426 1403 2505 Opto
1440 2429 1594 2490 istos
1627 2433 1766 2491 octo
1792 2431 1942 2505 dies,
1976 2432 2203 2510 quibus
2228 2434 2416 2494 isthic
2452 2437 2516 2495 te
2551 2435 2760 2495 adhuc
2782 2433 3079 2493 futurum

667 2527 905 2604 scribis,
937 2527 1083 2605 plus
1111 2546 1301 2604 quam
1327 2527 1658 2601 brumales,
1690 2531 2021 2607 noctesque
2048 2551 2225 2608 panes
2245 2532 2480 2609 diebus,
2503 2537 2575 2594 vt
2601 2552 2729 2593 vna
2756 2531 2949 2592 citius
2976 2530 3083 2590 vel

671 2627 876 2689 inuita
917 2625 1139 2686 Nortia
1177 2643 1489 2701 nugemur
1535 2628 1599 2685 et
1638 2646 1751 2705 ego
1791 2626 2040 2688 Erasmi
2080 2629 2399 2692 hilaritate
2436 2632 2734 2710 perfruar.
2842 2630 3083 2708 Accepi

673 2746 712 2786 a
758 2724 1096 2801 bibliopola
1139 2723 1319 2784 binas
1366 2726 1507 2785 tuas
1553 2745 1699 2785 cum
1748 2726 2223 2807 Icaromem‘ppo
2270 2730 2499 2807 literas,
2553 2732 2631 2791 ad
2679 2750 2834 2809 quas
2882 2730 3084 2790 etiam

583 2846 646 2896 30
679 2822 990 2901 respondi.
1080 2820 1317 2881 Bouilli
1356 2821 1638 2900 epistola,
1673 2824 1909 2901 lagena,
1945 2828 2009 2886 et
2043 2826 2192 2889 illae
2227 2831 2371 2889 tuae
2408 2829 2630 2890 breues
2659 2830 2876 2890 literae
2917 2830 3087 2890 mihi

683 2921 957 2982 redditae
984 2920 1268 2980 nondum
1296 2920 1481 2981 fuere.
1571 2920 1669 2981 Da
1697 2942 1943 2998 operam
1973 2929 2045 2984 vt
2070 2926 2297 2987 valeaS.

764 3019 1054 3080 Londini.
1144 3018 1304 3080 Non.
1337 3018 1660 3081 Decembr.
1694 3039 1920 3083 naun.

1252 3225 1488 3291 2⁴⁹5250.
1581 3225 1679 3290 Το
1724 3229 2042 3293 Annnsw
2088 3232 2498 3298 Auxoume.

755 3351 1002 3423 Farrago
1025 3371 1082 3424 p.
1108 3356 1228 3410 206.
2514 3360 2871 3436 Cambridge.

758 3439 819 3494 F.
844 3457 902 3511 p.
929 3456 1066 3511 341:
1102 3439 1240 3495 HN:
1277 3440 1452 3497 Lond.
1477 3442 1594 3499 viii.
1624 3459 1718 3514 13:
1757 3444 1865 3500 LB.
1898 3460 2015 3514 142.
2384 3465 2419 3520 9
2443 3448 2751 3507 December
2775 3451 3017 3527 (1511).

1237 3580 1558 3630 ERASMVS
1606 3583 1760 3631 Ro'r.
1810 3585 2142 3634 AMMONIO
2188 3590 2312 3638 SVO
2357 3591 2406 3638 S.
2454 3591 2519 3638 D.

767 3700 885 3760 Iu
914 3721 1016 3761 me
1052 3721 1271 3761 omnes
1307 3703 1553 3765 oderint
1592 3705 1824 3782 Musae,
1859 3707 1952 3768 mi
1990 3711 2259 3787 Andrea‚
2292 3714 2347 3773 si
2386 3714 2537 3791 quid
2575 3714 2651 3776 de
2690 3718 2799 3775 tua
2834 3716 3095 3778 fortuna

677 3799 906 3874 φυκιόω·
950 3804 1010 3857 ἐκ
1039 3798 1215 3875 θυμοῦ
1241 3800 1475 3862 ἅπαντα.
1570 3804 1705 3865 Nos
1734 3806 1835 3865 die
1862 3807 2297 3886 conceptionis
2331 3812 2605 3888 grauiter
2637 3813 3095 3890 partun-inimus

685 3918 755 3958 ac
783 3896 1069 3974 scopulos
1096 3896 1334 3974 aliquot
1363 3901 1738 3977 peperimus.
1795 3905 1961 3980 Quin
1990 3909 2060 3965 tu
2090 3907 2283 3985 igitur
2309 3908 2473 3968 inter
2498 3910 2814 3972 felicitatis
2841 3917 3096 3975 nostrae

688 3995 956 4057 calculos
997 3997 1166 4056 hunc
1208 4016 1448 4075 quoque
1488 4000 1799 4062 calculum
1836 4004 2066 4081 ponis?
2146 4006 2305 4068 Cum
2333 4005 2782 4069 Vuintoniensi
2822 4010 2967 4071 vide
3012 4031 3099 4072 ne

627 4121 653 4170 5
682 4095 833 4173 quid
877 4096 1244 4173 ἀκαιρότερον.

762 4197 1012 4272 περὶτοῦ
1042 4197 1108 4255 τὸ
1140 4197 1319 4273 παρὸν
1345 4194 1406 4256 εὖ
1437 4197 1695 4258 τίθεσθαι
1724 4200 2057 4262 consilium
2088 4222 2125 4263 a
2159 4224 2262 4263 me
2288 4204 2468 4281 petis.
2556 4208 2695 4284 Age
2725 4207 2958 4269 docebo
2984 4229 3102 4272 sus

751 4345 862 4394 249.
880 4359 960 4407 25.
997 4344 1060 4394 D.
1084 4346 1156 4394 E:
1192 4342 1599 4408 Archiepiscopi
1623 4349 1690 4396 Η.
1826 4363 1907 4409 32.
1946 4363 2118 4399 ιλιι
2140 4355 2252 4399 add.
2278 4355 2343 4401 Η.
2491 4355 2603 4403 260.
2624 4368 2671 4403 2.
2708 4355 3103 4419 conceptionis

685 4413 760 4458 E:
795 4414 1082 4473 conceptae
1105 4409 1348 4473 Virginis
1372 4409 1574 4462 Mariae
1595 4416 1649 4461 F.

750 4543 862 4592 249.
883 4557 963 4594 σε.
997 4541 1263 4608 Alanum]
1289 4544 1368 4593 cf.
1390 4546 1488 4610 Ep.
1517 4561 1629 4608 244.
1663 4561 1721 4608 14
1742 4562 1797 4598 n.
2009 4563 2090 4609 29.
2129 4548 2340 4614 literas]
2365 4549 2497 4614 Epp.
2524 4565 2642 4614 245,
2664 4553 2713 4600 6.

752 4607 835 4657 28.
870 4607 1084 4672 Nortia]
1110 4610 1190 4661 Cf.
1209 4611 1398 4673 Mayor
1419 4627 1491 4662 on
1511 4613 1546 4662 J
1549 4628 1636 4664 uV.
1663 4628 1740 4663 10.
1763 4627 1840 4674 74.
2008 4616 2120 4664 2⁶0.
2140 4630 2188 4664 2.
2223 4615 2313 4664 die
2335 4616 2742 4681 Conceptionis]
2767 4617 2893 4667 Dec.
2914 4619 2967 4668 8.
