3355 5380
684 428 756 483 10
1375 419 1756 481 LETTERS
1810 413 1917 478 OF
1969 417 2365 480 ERASMUS
2878 410 3070 496 [1524

677 580 1043 659 deprauatis,
1090 580 1326 658 aliquot
1368 579 1518 638 locis
1561 598 1718 656 quae
1757 576 2127 637 videbantur
2165 576 2470 654 attingere
2510 573 2861 648 monachos,
2899 575 3065 646 vota,

675 679 1210 756 peregrinationes,
1239 676 1663 753 indulgentias
1692 674 1938 752 aliaque
1963 674 2152 734 huius
2179 673 2437 752 generis,
2460 692 2612 751 quae
2641 672 2697 731 si
2721 671 3072 747 plurimum

676 776 955 837 valerent
998 778 1163 852 apud
1205 776 1526 852 populum,
1579 773 1828 833 vberior
1871 776 2033 834 esset
2080 773 2220 832 istis
2266 775 2571 850 quaestus,
2660 770 2897 830 Verum
2953 769 3071 830 hoc

676 873 884 952 ipsum
937 875 1083 934 fecit
1145 875 1296 933 adeo
1360 873 1552 933 stulte
1606 872 1877 948 adeoque
1933 870 2192 944 indocte,
2248 873 2321 930 vt
2375 888 2651 929 scurram
2714 867 3072 945 quempiam

622 994 650 1043 5
677 992 711 1030 e
766 971 953 1031 triuio
1008 972 1224 1032 fecisse
1289 971 1469 1043 iureS,
1531 989 1727 1047 quum
1794 973 1973 1029 autor
2028 971 2160 1028 tam
2213 967 2486 1029 insulsae
2540 966 2782 1027 fabulae
2834 967 3074 1026 feratur

676 1069 1026 1148 Theologus
1081 1070 1334 1148 quidam
1391 1068 1625 1128 ordinis
1696 1066 2106 1141 Dominicani,
2167 1067 2420 1126 natione
2473 1067 2651 1127 Saxo.
2757 1066 3076 1141 Quorsum

675 1169 902 1228 attinet
942 1168 1167 1228 addere
1208 1188 1437 1227 nomen
1479 1170 1542 1225 et
1585 1185 1948 1242 cognomen,
1983 1164 2147 1241 quod
2192 1184 2306 1224 nec
2347 1166 2483 1242 ipse
2520 1164 2689 1242 cupit
2716 1164 3074 1241 supprimi?

677 1266 888 1326 Nescit
910 1267 1033 1325 tale
1062 1270 1424 1343 portentum
1454 1265 1799 1341 pudescere‚
1824 1262 2008 1322 citius
2034 1261 2287 1323 laudem
2308 1264 2494 1323 etiam
2524 1265 2694 1341 petat
2720 1283 2796 1322 ex
2823 1262 3067 1322 scelere.

675 1363 938 1423 Addidit
964 1364 1267 1440 impostor
1292 1382 1526 1422 nouam
1553 1360 2000 1439 praefationem
2027 1380 2168 1420 meo
2199 1361 2470 1436 nomine,
2503 1361 2574 1421 in
2611 1381 2734 1439 qua
2760 1361 2909 1421 facit
2946 1363 3076 1420 tres

592 1485 653 1520 10
675 1463 844 1522 viros
883 1462 950 1521 in
988 1481 1114 1521 vno
1150 1479 1340 1538 puero
1379 1458 1768 1520 instituendo
1804 1459 2102 1519 sudantes
2129 1481 2145 1533 ς
2203 1459 2567 1535 Capitonem
2604 1459 2714 1537 qui
2748 1458 3076 1519 tradiderit

676 1560 891 1621 literas
931 1560 1284 1632 Hebraicas,
1336 1559 1604 1619 Beatum
1660 1559 1770 1635 qui
1828 1559 2105 1631 Graecas,
2153 1577 2255 1617 me
2315 1558 2422 1636 qui
2461 1557 2731 1618 Latinas.
2821 1557 3075 1617 Horum

676 1661 936 1734 vtroque
964 1657 1112 1717 facit
1138 1678 1243 1717 me
1268 1659 1407 1716 tum
1436 1656 1757 1716 literatura
1782 1659 1924 1715 tum
1950 1656 2183 1733 pietate
2211 1656 2583 1731 inferiorem,
2617 1655 2978 1733 significans
3005 1655 3077 1714 in

678 1755 1019 1832 Colloquiis
1045 1756 1324 1833 inspersa
1352 1755 1669 1833 quaedam,
1691 1774 1849 1831 quae
1876 1754 2137 1814 Lutheri
2164 1755 2463 1832 resipiant
2492 1754 2800 1832 dogmata.
2862 1755 3077 1830 Atque

676 1854 777 1913 hic
805 1855 933 1913 scio
970 1855 1273 1932 quosdam
1315 1853 1668 1913 sublaturos
1705 1852 2094 1927 cachinnum,
2128 1873 2323 1931 quum
2360 1854 2571 1932 legent
2599 1853 2965 1930 Capitonem
2993 1852 3075 1911 ab

592 1977 648 2026 ¹5
675 1952 811 2028 isto,
846 1953 955 2029 qui
996 1953 1082 2011 sic
1125 1953 1259 2013 odit
1295 1952 1661 2026 Lutherum‚
1697 1951 1919 2029 optimi
1961 1952 2425 2030 doctissimique
2454 1953 2574 2012 viri
2605 1951 2805 2029 elogio
2842 1951 3077 2028 praedi·

675 2054 900 2111 catum.
990 2051 1161 2111 Haec
1206 2054 1389 2127 atque
1444 2049 1807 2110 huiusmodi
1848 2051 2051 2109 multa
2104 2070 2206 2109 me
2262 2052 2617 2128 loquentem
2663 2049 2828 2124 facit,
2881 2049 3078 2109 huius

675 2149 963 2209 audaciae
1018 2150 1302 2226 exemplo
1358 2152 1612 2224 sumpto
1666 2167 1747 2207 ex
1816 2147 2093 2224 epistolis
2162 2148 2555 2225 Hieronymi,
2616 2148 2723 2226 qui
2793 2147 3077 2226 queritur

675 2248 954 2307 aemulos
1008 2267 1155 2306 suos
1209 2246 1405 2323 ipsius
1460 2246 1719 2305 nomine
1776 2247 2104 2306 confictam
2173 2246 2499 2323 epistolam
2554 2246 2852 2322 sparsisse
2905 2246 3074 2321 apud

677 2346 868 2405 Afros
936 2345 1004 2404 in
1061 2348 1373 2405 conuentu
1441 2343 1891 2420 episcoporum,
1952 2344 2020 2402 in
2085 2363 2208 2420 qua
2261 2344 2565 2403 fateretur
2616 2363 2684 2403 se
2745 2344 3075 2419 deceptum

592 2467 653 2501 20
676 2464 712 2504 a
752 2443 1005 2504 Iudaeis
1047 2443 1416 2520 quibusdam
1448 2442 1605 2502 falso
1633 2442 1895 2501 vertisse
1923 2441 2120 2502 Vetus
2148 2442 2622 2502 Testamentum
2650 2461 2726 2501 ex
2752 2440 3076 2500 Hebraeis.

677 2543 763 2602 Et
805 2542 1064 2602 omnino
1108 2541 1555 2618 persuasissent
1597 2560 1736 2599 eam
1778 2540 2104 2616 epistolam
2147 2560 2280 2600 esse
2322 2541 2719 2618 Hieronymi,
2755 2541 2811 2599 si
2851 2540 3076 2599 stilum

677 2638 1054 2716 Hieronymi
1098 2639 1303 2717 aliqua
1345 2659 1422 2699 ex
1467 2641 1643 2715 parte
1683 2639 2037 2716 potuissent
2076 2641 2336 2717 assequi.
2426 2639 2565 2700 Hoc
2604 2639 2845 2699 facinus
2879 2657 3076 2715 quum

676 2740 1107 2815 Hieronymus
1152 2739 1380 2798 referat
1421 2738 1597 2797 velut
1644 2741 1952 2798 extremae
2000 2738 2466 2816 deplorataeque
2514 2738 2810 2811 maliciae,
2859 2739 3076 2796 tamen

674 2858 873 2898 vnum
929 2837 1046 2897 hoc
1097 2836 1303 2897 arrisit
1347 2835 1456 2896 isti
1499 2835 1885 2908 Phormioni,
1939 2837 2098 2913 quod
2149 2839 2245 2895 est
2297 2838 2517 2913 quouis
2571 2835 2786 2895 libello
2834 2835 3075 2895 famoso

589 2960 646 3008 25
673 2937 1076 3010 sceleratius3
1118 2936 1229 2995 sed
1258 2935 1458 2995 defuit
1490 2935 1841 2994 malitiosae
1873 2935 2184 2994 voluntati
2213 2934 2478 2994 facultas
2514 2933 2871 3010 perficiendi
2908 2935 3075 3011 quod

678 3035 1036 3094 destinarat.
1099 3034 1331 3092 Stilum
1354 3032 1603 3092 Erasmi
1629 3033 1918 3109 quamuis
1946 3033 2256 3092 incultum
2282 3032 2524 3109 assequi
2550 3052 2680 3092 non
2705 3031 2912 3108 potuit
2936 3054 2950 3106 ;
2987 3033 3077 3092 sic

674 3135 848 3192 enim
899 3132 1137 3192 claudit
1193 3132 1591 3190 florulentam
1641 3149 1821 3188 suam
1871 3130 2351 3205 praefationem:
2413 3130 2548 3190 ‘Ita
2595 3131 2842 3190 monuit
2887 3134 3071 3200 aetas,

674 3230 763 3288 ita
819 3231 1002 3288 iussit
1054 3227 1271 3304 pietaS,
1333 3232 1404 3285 vt
1463 3227 1616 3285 dum
1673 3227 1886 3285 viuere
1940 3227 2125 3286 datur
2178 3229 2497 3304 praegraui
2552 3231 2795 3288 senecta
2847 3227 3078 3304 scripta

675 3347 815 3387 mea
860 3346 1209 3404 repurgem,
1268 3345 1348 3384 ne
1398 3325 1646 3383 functos
1694 3343 1912 3383 manes
1960 3325 2245 3386 tristibus
2292 3327 2740 3388 transscribant
2791 3346 3079 3404 sequaces

588 3449 652 3498 30
674 3425 915 3484 inferiis
933 3426 966 3485 '.
2275 3479 2276 3482 ,

756 3525 964 3598 Quum
1007 3521 1150 3581 talis
1190 3520 1276 3581 sit
1314 3523 1486 3580 totus
1525 3517 1802 3579 hominis
1841 3540 2069 3596 sermo,
2096 3525 2309 3583 tamen
2350 3544 2479 3583 non
2512 3524 2750 3584 veritus
2790 3525 2886 3584 est
2927 3541 3075 3583 suos

676 3622 968 3682 flosculos
997 3620 1235 3680 nostris
1262 3618 1507 3678 coronis
1535 3617 1931 3693 intertexere,
1965 3625 2075 3681 aut
2103 3621 2499 3682 insanissime
2527 3622 2650 3681 sibi
2678 3622 2926 3698 placens
2963 3626 3077 3681 aut

675 3720 946 3798 pessime
974 3718 1253 3778 sentiens
1279 3716 1358 3777 de
1391 3715 1644 3777 iudiciis
1671 3717 2164 3795 Theologorum3
2209 3739 2361 3780 nam
2400 3721 2504 3782 his
2532 3721 2651 3780 ista
2685 3721 2875 3794 cudit,
2919 3739 3076 3797 quos

677 3836 897 3877 omnes
942 3819 1075 3875 tam
1122 3814 1405 3892 stupidos
1447 3834 1584 3875 esse
1628 3817 1821 3892 putet,
1876 3821 1947 3876 vt
1994 3837 2124 3877 non
2179 3820 2399 3879 statim
2455 3819 2898 3895 deprehensuri
2941 3818 3077 3878 sint

589 3941 650 3990 35
678 3914 1038 3975 infeliciter·
1064 3917 1310 3973 assutos
1379 3912 1567 3973 huius
1628 3933 1883 3990 pannos.
1987 3916 2145 3975 Tam
2200 3917 2436 3977 abiecte
2488 3917 2720 3995 vbique
2780 3916 3076 3977 adulatur

683 4013 940 4088 Galliae,
974 4013 1278 4085 Lutetiae,
1315 4011 1664 4087 Theologis,
1706 4011 2036 4087 Sorbonae,
2075 4014 2369 4093 collegiis,
2409 4018 2482 4077 vt
2523 4036 2709 4075 nemo
2750 4015 3076 4075 mendicus

677 4111 872 4188 possit
905 4109 1217 4171 abiectius,
1310 4109 1533 4186 Itaque
1561 4111 1615 4169 si
1644 4110 1792 4186 quid
1822 4130 2046 4187 parum
2077 4113 2405 4190 magnifice
2443 4113 2683 4173 dictum
2715 4114 2966 4173 videtur
3004 4115 3075 4173 in

678 4208 910 4281 Gallos,
960 4208 1254 4267 transfert
1298 4208 1365 4266 in
1410 4208 1765 4282 Britannos,
1813 4210 1868 4268 si
1907 4209 2054 4286 quid
2094 4210 2163 4269 in
2205 4210 2533 4284 Lutetiam,
2577 4212 2771 4270 vertit
2811 4211 2879 4270 in
2916 4212 3075 4271 Lon·

675 4308 921 4367 diuum.
1001 4306 1199 4366 Addit
1244 4306 1544 4383 quaedam
1587 4307 1798 4366 odiosa
1843 4307 2021 4368 velut
2062 4328 2098 4368 a
2139 4328 2240 4369 me
2282 4309 2460 4384 dicta,
2494 4329 2616 4386 quo
2653 4309 2811 4368 mihi
2848 4310 3075 4370 conflet

585 4430 652 4480 40
677 4405 985 4464 inuidiam
1031 4404 1198 4481 apud
1249 4424 1353 4464 eos
1408 4405 1631 4482 quibus
1680 4405 1847 4465 dolet
1895 4425 1997 4465 me
2042 4425 2174 4466 esse
2223 4407 2498 4469 charum.
2586 4407 2750 4481 Quid
2798 4409 3076 4469 multis?

679 4503 926 4563 Passim
968 4523 1081 4562 suo
1125 4503 1451 4563 commodo
1492 4506 1740 4576 resecat,
1782 4504 1969 4580 addit,
2009 4507 2229 4579 mutat,
2264 4505 2461 4566 veluti
2500 4527 2607 4566 sus
2648 4507 2842 4567 oblita
2884 4527 3074 4567 coeno

678 4602 972 4661 volutans
1001 4620 1134 4660 sese
1163 4601 1229 4660 in
1260 4601 1441 4661 horto
1473 4603 1691 4676 alien0,
1728 4602 2008 4679 nihilque
2049 4624 2175 4663 non
2214 4624 2647 4680 conspurcans‚
2679 4606 3068 4681 perturbans,

681 4699 974 4775 euellens,
1034 4719 1147 4760 nec
1216 4701 1472 4760 interim
1528 4701 1724 4761 sentit
1791 4702 1988 4778 perire
2043 4702 2351 4778 captatam
2406 4721 2442 4762 a
2496 4702 2679 4763 nobis
2744 4703 3070 4781 argutiam.
