3355 5380
242 366 263 405 1
277 345 429 427 500]
1085 348 1191 408 ΤΟ
1215 375 1222 384 ·
1248 346 1523 408 JAMES
1577 347 1806 408 BATT
2523 353 2638 408 315

236 503 388 582 quid
442 504 577 581 ipse
629 508 924 564 mutuum
978 507 1158 580 potes
1203 505 1463 566 Erasmo
1516 504 1931 565 commodare.
2033 503 2215 564 Vnde
2261 507 2636 582 recepturus
2669 518 2732 569 50

235 602 534 680 inquies?
607 604 670 661 A
711 601 999 676 Domina,
1033 622 1189 679 quae
1228 602 1382 662 adeo
1418 622 1549 663 non
1591 603 1711 662 erit
1752 602 1909 663 dura
1941 604 2013 664 vt
2054 601 2326 663 natalem
2364 603 2644 681 patiatur

237 701 593 778 praeterire.
679 700 782 761 Sic
836 703 932 760 est
980 719 1242 773 necesse,
1293 701 1385 761 mi
1432 701 1635 775 Batte,
1688 701 1746 760 si
1800 721 1901 761 me
1955 700 2205 761 saluum
2253 699 2367 762 vis.
2451 701 2642 762 Haud

242 806 475 858 temere
502 797 654 858 haec
689 797 912 859 scribo.
1001 798 1070 859 Si
1099 819 1245 860 vero
1274 798 1562 878 desperas
1589 802 1649 859 te
1688 819 1880 877 puero
1916 798 2064 859 huic
2094 819 2273 876 posse
2299 797 2638 874 consulere,

240 915 391 957 caue
425 895 570 956 istic
607 895 858 957 haerere
883 895 1071 971 sinas,
1104 898 1212 958 sed
1240 897 1539 958 continuo
1564 896 1851 957 remittas
1877 896 2007 957 tuis
2032 896 2236 957 literis
2266 896 2647 975 pecuniaque

241 998 304 1056 et
331 993 515 1067 libre,
538 997 856 1073 praeterea
874 995 930 1055 si
951 995 1101 1072 quid
1121 1000 1215 1057 est
1242 995 1431 1071 aliud,
1456 999 1801 1056 oneratum.
1877 994 2018 1055 Non
2039 998 2215 1073 potes
2241 998 2351 1056 aut
2378 994 2648 1055 scribere
2674 1009 2736 1060 55

241 1096 351 1153 aut
400 1091 654 1153 mittere
695 1113 807 1170 per
853 1092 1198 1155 certiorem.
1286 1093 1498 1155 Laudo
1546 1093 1714 1171 quod
1756 1096 1889 1155 tam
1932 1113 2000 1154 es
2042 1093 2112 1153 in
2158 1092 2362 1153 literis
2405 1096 2641 1167 cautuS,

243 1210 465 1251 verum
508 1210 619 1269 per
659 1189 844 1266 hunc,
886 1191 1050 1253 mihi
1091 1192 1289 1267 crede,
1329 1191 1583 1271 quiduis
1624 1191 1860 1270 garrire
1900 1194 2093 1270 potes·
2179 1191 2392 1253 Addes
2429 1191 2531 1252 illi
2570 1190 2650 1252 de

244 1293 460 1349 nostra
495 1289 759 1367 pecunia
797 1289 1013 1351 viatici
1053 1290 1188 1351 loco
1225 1291 1438 1352 decem
1477 1294 1588 1351 aut
1627 1290 1955 1351 duodecim
1988 1289 2414 1350 duodenarios.
2501 1289 2649 1351 Siue

243 1389 460 1447 autem
505 1386 650 1448 istic
698 1386 1086 1464 retinebitur,
1138 1388 1271 1450 siue
1319 1388 1693 1462 remittetur,
1747 1392 1987 1449 vestem
2036 1387 2132 1448 illi
2180 1387 2442 1465 nigram,
2494 1407 2650 1465 quae

242 1485 408 1563 apud
448 1488 513 1545 te
552 1489 661 1558 est,
704 1506 910 1546 meam
943 1486 1223 1564 donabiS,
1254 1489 1326 1549 vt
1355 1487 1582 1548 habeat
1615 1486 1869 1564 aliquod
1914 1507 1991 1548 ex
2033 1506 2135 1546 me
2173 1485 2510 1546 ministerii
2548 1484 2651 1547 sui
2673 1485 2740 1536 60

242 1582 612 1661 praemium,
642 1584 766 1644 nisi
792 1583 920 1644 iam
940 1583 1061 1645 erit
1080 1585 1369 1647 alienata.
1430 1585 1745 1647 Monioius
1766 1584 1974 1662 (dat),
1998 1587 2070 1645 vt
2088 1583 2328 1658 scribis,
2348 1602 2650 1663 perquam

244 1701 440 1759 parce,
489 1682 555 1743 id
605 1681 771 1760 quod
817 1703 929 1760 ego
975 1682 1387 1745 stolidissime
1433 1683 1533 1745 illi
1575 1683 1807 1745 Galbae
1851 1682 2113 1761 imputo,
2157 1682 2334 1742 cuius
2372 1682 2652 1742 eiusdem

243 1779 526 1841 stulticia
579 1779 876 1858 pecuniae
931 1801 1104 1841 meae
1156 1781 1224 1842 in
1274 1781 1509 1860 Anglia
1562 1781 1899 1860 perierunt.
1998 1781 2237 1841 Verum
2292 1779 2358 1840 id
2414 1780 2653 1841 interea

247 1877 744 1941 mussitabimuS.
812 1879 952 1940 Erit
978 1879 1317 1957 aliquando
1345 1879 1703 1941 referendae
1730 1878 1984 1941 talionis
2010 1878 2198 1939 locus.
2264 1877 2396 1939 Nos
2422 1877 2650 1939 nihilo-

249 1976 466 2036 minus
501 1975 574 2036 in
609 1976 813 2037 literis
843 1976 1142 2038 instituto
1180 1997 1510 2056 pergemus
1545 1977 1789 2039 itinere.
1878 1976 2172 2038 Poenitet
2209 1975 2450 2053 Adagia
2490 1975 2653 2037 istuc
2678 1977 2743 2043 65

247 2073 657 2136 distrahenda
677 2074 939 2149 misisse,
957 2095 1101 2135 cum
1124 2076 1227 2136 hic
1246 2080 1312 2137 et
1328 2075 1530 2155 pluris
1544 2079 1817 2137 veneant
1836 2079 1903 2136 et
1922 2073 2326 2153 frequentius.
2389 2071 2655 2134 Iacobus

248 2173 354 2234 hic
383 2192 580 2249 meus,
607 2174 762 2235 alter
787 2173 973 2252 plane
1001 2174 1246 2249 Battus,
1277 2178 1456 2237 tanto
1482 2175 1709 2236 affectu
1737 2194 1805 2235 se
1832 2173 1952 2234 tibi
1980 2172 2491 2233 commendatum
2519 2170 2655 2232 fieri

249 2271 441 2351 cupit,
474 2275 546 2333 vt
583 2272 814 2333 maiore
849 2277 1133 2350 nequeat.
1223 2272 1588 2351 Dignusque
1623 2275 1737 2349 est,
1770 2271 1930 2333 mihi
1958 2271 2154 2346 crede,
2190 2289 2379 2348 quem
2416 2273 2488 2330 tu
2523 2272 2655 2331 toto

248 2373 500 2449 pectore
541 2371 971 2448 complectare.
1077 2373 1270 2432 Amat
1306 2375 1365 2432 te
1409 2371 1822 2445 effusissime;
1879 2374 1951 2431 tu
1988 2389 2071 2430 ne
2110 2367 2432 2429 committe
2474 2370 2548 2429 vt
2584 2367 2656 2429 in

251 2488 463 2529 amore
488 2468 696 2530 victus
721 2468 1007 2531 videaris.
1097 2470 1270 2542 Vale,
1303 2469 1393 2529 mi
1421 2470 1623 2532 Batte.
2686 2473 2751 2527 70

333 2567 574 2645 Scripsi
600 2567 961 2645 neglectius,
992 2588 1072 2629 ne
1099 2568 1250 2645 quid
1279 2572 1560 2630 teneram
1588 2567 1793 2629 adhuc
1812 2565 2242 2628 valetudinem
2262 2562 2654 2641 exagitarem.

252 2663 568 2740 Aureliae,
604 2661 754 2747 [An.
787 2685 834 2726 n
852 2684 997 2728 cccc
1015 2662 1215 2748 xcrx].

877 2899 1021 2962 136.
1112 2897 1211 2963 To
1255 2897 1667 2964 Auous'rmn
1712 2895 2051 2961 Vmcmvr.

327 3005 576 3078 Farrago
599 3024 655 3077 p.
689 3022 803 3062 110.
2141 3004 2392 3060 Orleans.

328 3093 393 3147 F.
419 3111 475 3164 p.
504 3096 639 3150 266:
678 3092 816 3149 HN:
855 3094 1033 3150 Lond.
1059 3114 1107 3150 v.
1136 3112 1233 3164 24:
1273 3095 1384 3151 LB.
1414 3110 1498 3164 72.
1949 3109 1983 3165 9
2007 3091 2324 3149 December
2353 3087 2584 3164 (1500).

325 3216 658 3279 [Augustine
681 3216 790 3264 had
814 3217 1094 3278 evidently
1110 3218 1369 3267 returned
1388 3220 1443 3267 to
1461 3217 1632 3278 Paris,
1653 3215 1893 3264 whither
1912 3215 2168 3263 Erasmus
2184 3213 2435 3262 followed
2455 3213 2576 3262 him
2600 3213 2658 3262 in

257 3296 289 3329 a
311 3280 423 3328 few
445 3279 592 3343 days.
661 3281 717 3330 It
739 3282 787 3331 is
809 3281 1038 3331 difficult
1062 3289 1119 3331 to
1142 3283 1404 3332 reconcile
1425 3283 1520 3331 the
1544 3286 1671 3330 tone
1696 3281 1756 3330 of
1778 3281 1893 3329 this
1926 3279 2089 3329 letter
2112 3278 2248 3327 with
2282 3279 2379 3327 the
2414 3278 2575 3327 abuse
2606 3278 2667 3327 of

255 3347 568 3409 Augustino
592 3347 651 3396 in
676 3347 772 3409 Ep.
800 3362 922 3409 1333
957 3348 1229 3398 Erasmus'
1250 3348 1605 3412 explanation
1626 3348 1676 3397 in
1698 3348 1760 3396 in
1778 3346 1873 3409 Ep.
1905 3347 2013 3409 138.
2047 3361 2105 3393 ιο
2128 3344 2265 3409 seq]

900 3497 1214 3545 ERASMVS
1260 3496 1648 3547 AVGVSTINO
1695 3496 1818 3543 SVO
1865 3496 1917 3544 S.
1963 3495 2029 3541 D.

342 3616 444 3676 Dr:
482 3616 728 3692 Fausto,
762 3617 1047 3695 Gaguino
1085 3622 1148 3679 et
1185 3618 1463 3681 Aemilio
1500 3618 1641 3678 alba
1674 3616 2000 3696 feliciaque
2037 3618 2189 3677 sunt
2218 3634 2375 3693 quae
2403 3615 2665 3675 nuncias

260 3713 497 3789 omnia,
529 3733 728 3792 neque
761 3715 914 3776 noui
949 3719 1164 3778 tamen
1206 3719 1581 3795 quicquam;
1628 3719 1692 3776 at
1728 3734 1950 3776 rursus
1985 3714 2242 3792 perinde
2280 3713 2553 3775 iucunda
2594 3716 2663 3776 vt

462 3853 545 3902 61.
581 3850 851 3902 Monioius
872 3856 948 3902 E:
984 3854 1049 3904 N.
1073 3858 1130 3907 F.
1390 3871 1469 3918 72.
1502 3853 1773 3918 Aureliae,
1798 3853 1904 3903 An.
1930 3865 2241 3903 nooocxorx
2263 3855 2376 3901 aad.
2400 3854 2467 3900 H.

267 3949 296 3954 ἡ
311 3950 414 4048 ogr.
448 3986 713 4051 natalem]
749 3986 1068 4035 Christmas.
1515 3985 1819 4037 cardinal's
1835 3985 1998 4034 death
2023 3985 2083 4032 in
2106 3983 2425 4045 September
2446 3982 2571 4042 1488
2595 3982 2664 4044 by

255 4098 263 4105 .
327 4066 413 4114 59.
449 4051 681 4116 vestem]
717 4051 796 4101 Cf.
822 4051 920 4113 Ep.
952 4065 1060 4112 ¹23·
1094 4066 1169 4114 19.
1517 4052 1741 4103 Charles
1772 4064 1892 4106 πη.
1930 4049 2070 4099 from
2104 4050 2285 4098 whom
2320 4048 2390 4096 he
2423 4046 2663 4096 received

327 4121 413 4168 61.
450 4116 750 4182 Honioius]
783 4117 898 4166 'I'he
935 4118 1192 4166 omission
1228 4118 1289 4167 of
1320 4118 1417 4167 the
1515 4132 1548 4166 a
1590 4118 1818 4181 pension
1863 4130 1924 4164 as
1962 4115 1977 4144 ‘
1992 4116 2207 4164 orateur
2243 4117 2299 4163 et
2343 4113 2667 4174 croniqueur

261 4198 425 4234 name
449 4184 511 4234 in
533 4184 866 4244 eubeequent
882 4183 1120 4232 editions
1141 4183 1188 4231 is
1211 4183 1415 4246 signifi-
1514 4183 1771 4233 Lombart
1787 4182 1800 4202 ⁹
1846 4196 1918 4230 on
1957 4195 2015 4242 15
2050 4180 2177 4243 May
2212 4181 2339 4242 1489
2380 4177 2663 4242 (Laborde‚

262 4252 407 4300 cant.
477 4249 559 4299 Of.
588 4249 685 4311 Ep.
714 4249 824 4298 ma.
852 4248 914 4296 16
936 4263 995 4298 n.
1513 4252 1639 4297 Duoe
1677 4252 1735 4296 do
1768 4251 2052 4308 Βοαηοσηο,
2089 4245 2340 4305 Preuvea,
2375 4244 2454 4294 iii.
2493 4243 2663 4307 7433).

327 4316 409 4364 62.
443 4314 675 4379 Galbae]
711 4313 791 4364 cf.
813 4314 911 4377 Ep.
939 4327 1047 4373 ¹²3·
1078 4313 1136 4361 18
1162 4328 1215 4364 n.
1515 4314 1602 4364 He
1637 4313 1882 4363 received
1914 4312 2027 4361 also
2058 4326 2091 4360 a
2113 4312 2365 4371 Canonry
2390 4311 2451 4358 in
2475 4309 2667 4357 Notre-

333 4383 440 4432 186.
470 4395 514 4430 1.
549 4378 814 4443 Aemilio]
850 4379 1051 4428 Paulus
1070 4378 1340 4429 Aemilius
1363 4378 1424 4428 of
1515 4380 1688 4429 Darne
1703 4378 1815 4428 and
1830 4375 2131 4427 under-took
2148 4380 2205 4426 to
2219 4376 2375 4424 write
2389 4390 2421 4423 a
2439 4374 2669 4436 Histoi-y

265 4446 476 4497 Verona
504 4448 577 4508 (c.
605 4446 832 4507 14⁶0-5
854 4444 979 4506 May
1005 4444 1155 4507 ¹529)
1190 4459 1339 4495 came
1361 4447 1420 4496 to
1516 4447 1578 4495 of
1594 4446 1813 4506 Franco,
1840 4443 2023 4492 which
2048 4444 2196 4491 must
2220 4440 2360 4489 have
2389 4438 2667 4501 competed

264 4511 418 4561 Paris
437 4514 501 4561 in
530 4511 658 4573 1483
682 4525 741 4560 as
762 4525 795 4559 a
816 4510 1038 4559 student
1062 4511 1123 4559 of
1152 4510 1417 4574 theology.
1514 4510 1654 4561 with
1676 4509 1936 4573 Gaguin's
1982 4508 2046 4558 cf.
2072 4508 2166 4570 Ep.
2183 4506 2292 4570 45).
2345 4504 2458 4555 The
2481 4503 2667 4553 fourth

263 4577 349 4628 Be
389 4592 503 4627 was
542 4575 861 4640 patronized
899 4576 1020 4625 first
1056 4576 1129 4638 by
1161 4576 1417 4626 Cardinal
1515 4577 1724 4627 edition
1756 4576 1817 4625 of
1841 4574 1937 4624 the
2024 4575 2132 4623 tter
2164 4586 2277 4621 was
2308 4584 2434 4620 now
2466 4585 2537 4619 on
2571 4568 2669 4618 the

267 4642 490 4695 charles
534 4643 607 4693 de
655 4641 928 4703 Boni-bon,
968 4641 1081 4692 and
1125 4642 1269 4693 after
1321 4642 1418 4691 the
1514 4657 1610 4692 eve
1656 4641 1718 4690 of
1755 4640 2104 4704 publication,
2153 4638 2264 4688 and
2307 4634 2379 4686 Μ.
2418 4636 2668 4685 Thuaane

1410 4744 1522 4787 ΥΩ
