3355 5380
284 385 470 470 1499]
1114 389 1224 450 ΤΟ
1278 389 1506 450 JOHN
1567 388 1840 450 coLE'r
2569 393 2683 450 251

272 545 483 607 omnis
508 547 576 605 et
605 544 1034 606 reformidatio
1062 545 1234 606 nolle
1262 546 1577 623 quoddam
1603 545 1766 606 mihi
1793 547 2062 607 videtur.
2149 545 2447 623 Quisquis
2468 545 2687 620 esurit,

273 643 530 722 hocipso
557 643 773 704 cibum
800 644 943 704 vult
970 645 1135 723 quod
1165 644 1381 706 esurit.
1469 646 1691 706 Potest
1717 648 1928 705 tamen
1956 664 2072 705 nec
2113 643 2407 705 inferiore
2442 644 2692 723 quidem

271 742 624 804 voluntatis
650 745 828 819 parte
855 741 1067 802 cibum
1094 742 1257 803 velle
1282 740 1393 821 qui
1418 742 1631 804 esurit.
1722 742 1844 803 Sed
1870 742 2198 820 hocipsum
2225 742 2389 821 quod
2420 742 2696 820 corporis

274 840 534 902 habitus
590 839 803 901 cibum
858 840 1184 916 desiderat,
1242 839 1535 901 voluntas
1591 844 1691 903 est
1753 842 2019 919 quedam
2044 863 2061 914 ;
2129 841 2217 902 ita
2273 840 2695 903 reformidatio
2720 859 2786 909 50

275 938 503 1000 mortis
555 937 839 1015 ingenita
892 940 1042 1017 fuga
1088 939 1355 1017 quedam
1411 943 1508 1000 est
1560 938 1800 1013 mortis,
1857 959 1988 1000 non
2042 939 2246 1017 magis
2297 939 2694 1001 voluntatem

278 1036 618 1097 inuoluens
671 1058 860 1114 quam
915 1037 1191 1099 esuritio.
1279 1038 1500 1099 Potest
1546 1039 1719 1098 enim
1776 1040 2042 1098 mortem
2096 1038 2529 1103 exhorrescere
2584 1040 2696 1117 qui

276 1135 459 1197 -nulla
508 1134 756 1199 racione
807 1136 969 1196 mori
1022 1135 1198 1197 nolit.
1307 1134 1426 1197 Est
1480 1140 1695 1197 tamen
1744 1136 2074 1214 hocipsum
2129 1135 2302 1196 nolle
2357 1135 2690 1214 quoddam.

282 1233 471 1295 Hanc
496 1237 756 1295 naturae
773 1255 812 1295 a
831 1238 1031 1295 morte
1057 1233 1270 1311 fugam
1292 1234 1570 1295 humano
1590 1253 1766 1294 more
1784 1234 2048 1313 loquens
2067 1234 2373 1310 expressit
2391 1234 2694 1309 Christus,

287 1334 303 1362 ⁴
322 1330 650 1393 Transeat'
675 1332 971 1411 inquiens
1001 1335 1017 1362 ⁴
1035 1352 1073 1392 a
1109 1352 1229 1407 me,
1263 1333 1471 1407 Pater,
1500 1332 1661 1393 calix
1697 1333 1817 1394 iste
1843 1356 1859 1407 ;
1907 1334 2324 1393 veruntamen
2365 1352 2497 1394 non
2535 1332 2699 1394 sicut
2723 1352 2783 1403 55

277 1450 397 1509 ego
423 1429 586 1505 volo,
617 1430 728 1491 sed
754 1431 922 1492 sicut
948 1429 1064 1492 tu.’
1118 1430 1467 1508 Tamquam
1493 1432 1586 1492 sic
1615 1435 1786 1493 oret:
1833 1434 1848 1461 ‘
1871 1431 2106 1506 Sentio,
2137 1432 2231 1492 mi
2259 1432 2464 1507 Pater,
2497 1431 2567 1492 in
2595 1451 2698 1493 me

279 1533 540 1590 naturae
594 1548 785 1607 quam
837 1528 1148 1605 assumpsi
1202 1547 1458 1589 sensum
1513 1529 1843 1609 quendam,
1896 1529 2154 1590 calicem
2205 1528 2402 1591 istum
2449 1530 2698 1592 amaris·

280 1631 518 1688 simum
548 1626 956 1687 vehementer
987 1626 1512 1689 reformidantem.
1601 1627 2038 1689 Veruntamen
2079 1630 2190 1688 tua
2229 1627 2527 1689 voluntas
2564 1629 2695 1703 fiat,

281 1745 411 1787 non
437 1745 579 1785 mea
601 1746 617 1799 3
659 1745 816 1802 quae
844 1724 1140 1802 quoniam
1169 1729 1295 1801 tua,
1321 1725 1537 1786 eadem
1562 1728 1662 1786 est
1690 1728 1753 1786 et
1780 1746 1934 1787 mea.
2021 1724 2202 1785 Nihil
2231 1746 2332 1785 me
2356 1725 2474 1785 hec
2500 1725 2699 1786 animi

281 1826 499 1885 mouet
544 1824 840 1897 anxietas,
887 1842 1014 1899 quo
1067 1822 1288 1883 minus
1341 1825 1420 1885 ad
1475 1823 1894 1885 hauriendum
1939 1822 2196 1884 calicem
2250 1824 2374 1885 sim
2423 1827 2695 1902 paratus.
2723 1830 2787 1881 6ο

284 1921 428 1983 Imo
455 1921 861 1983 vehementer
882 1920 1068 1982 illum
1093 1920 1262 1982 eicio,
1354 1921 1516 1982 Nam
1546 1921 1710 1982 mihi
1738 1922 1994 2000 quidem
2021 1920 2276 1982 tametsi
2300 1921 2423 1981 erit
2448 1921 2700 1982 amaris·

281 2020 500 2094 simus,
532 2019 612 2079 iis
638 2022 850 2080 tamen
878 2038 1035 2096 quos
1063 2038 1208 2081 amo
1233 2021 1357 2080 erit
1381 2020 1676 2081 salutaris
1699 2041 1715 2095 ;
1757 2039 1961 2098 neque
1985 2018 2279 2080 salutaris
2301 2038 2437 2081 esse
2470 2022 2694 2097 potest,

282 2118 411 2179 nisi
436 2117 599 2178 mihi
624 2118 709 2178 sit
733 2136 999 2179 amarus.
1062 2117 1225 2179 Volo
1255 2118 1450 2196 igitur
1467 2118 1696 2178 bibere.
1762 2117 2001 2178 Verum
2033 2137 2106 2177 ea
2128 2120 2226 2178 est
2252 2120 2362 2178 tua
2381 2117 2696 2192 voluntas,

282 2235 417 2277 non
443 2236 600 2290 mea,
633 2215 863 2293 quippe
890 2216 1001 2276 abs
1028 2219 1093 2277 te
1118 2218 1217 2276 est
1241 2219 1313 2276 vt
1341 2215 1405 2277 id
1433 2218 1788 2278 constanter
1812 2215 2024 2289 veliin,
2055 2235 2187 2276 non
2222 2235 2300 2276 ex
2342 2235 2481 2290 me;
2522 2214 2701 2277 cuius

286 2334 550 2376 munere
577 2333 719 2375 sum
748 2314 914 2391 quod
944 2314 1128 2375 sum.’
2725 2307 2788 2373 ⁶6

365 2414 487 2475 Rei
529 2413 802 2491 quidem,
836 2413 1065 2487 Colete,
1097 2416 1413 2490 vtcunque
1452 2431 1491 2472 a
1529 2433 1634 2475 me
1674 2412 2067 2474 satisfactum
2106 2415 2276 2491 puto.
2362 2412 2602 2473 Verum
2631 2415 2703 2472 vt

281 2513 406 2575 tibi
442 2512 821 2573 cumulatius
859 2512 1055 2572 eciam
1093 2512 1487 2587 satisfaciam,
1528 2511 2036 2590 quandoquidem
2075 2513 2139 2572 te
2173 2509 2406 2571 amoris
2444 2508 2554 2569 illa
2582 2508 2704 2569 ala-

282 2613 476 2674 critas
503 2611 924 2688 maximopere
959 2610 1244 2685 delectat,
1275 2630 1353 2671 ex
1394 2630 1516 2689 quo
1557 2611 1731 2672 fonte
1771 2610 1983 2671 omnis
2027 2613 2243 2671 nostra
2280 2606 2705 2670 controuersia

284 2715 437 2774 nata
475 2716 591 2787 est,
637 2731 835 2772 vnum
877 2711 1179 2789 quiddam
1221 2711 1464 2786 addam,
1508 2709 1726 2772 statim
1768 2709 2131 2788 disputandi
2171 2709 2363 2770 finem
2402 2708 2695 2768 facturus.

284 2810 463 2889 Nego
509 2808 616 2870 vel
656 2809 724 2870 in
767 2808 1080 2870 vniuersis
1125 2809 1491 2870 martiribus
1532 2811 1778 2871 tantam
1823 2810 2014 2870 fuisse
2053 2808 2254 2870 animi
2293 2805 2697 2880 alacritatem,
2730 2822 2792 2874 70

282 2913 526 2987 quanta
572 2908 636 2969 id
692 2907 882 2969 horae
936 2908 1061 2969 fuit
1113 2907 1184 2968 in
1230 2907 1495 2983 Christo,
1544 2927 1699 2986 qum
1746 2907 2087 2985 sanguineo
2140 2905 2418 2966 maderet
2459 2903 2702 2965 sudore.

270 3008 426 3079 ‚Iam
454 3010 598 3069 tum
625 3006 929 3068 ineffabili
955 3006 1184 3086 gaudio
1203 3006 1507 3084 gestiebat
1533 3007 1750 3067 adeaee
1776 3005 2034 3066 tandem
2061 3004 2222 3065 illud
2248 3008 2396 3065 ante
2422 3005 2705 3081 tempora

283 3106 743 3185 praescriptum
781 3126 820 3166 a
854 3108 1032 3182 patre
1069 3108 1337 3182 tempus,
1368 3125 1492 3181 quo
1534 3105 1851 3183 perditum
1893 3103 2261 3164 mortalium
2302 3121 2500 3180 genus
2538 3100 2707 3179 patri

282 3208 490 3266 morte
531 3223 647 3264 sua
686 3203 1126 3264 reconciliaret.
1213 3202 1415 3264 Nemo
1443 3223 1723 3280 vnquam
1751 3207 1882 3264 tam
1910 3202 2080 3264 vitae
2117 3201 2241 3262 fuit
2280 3199 2564 3278 cupidus,
2595 3199 2705 3277 qui

282 3305 421 3364 tam
471 3302 688 3363 viuere
732 3302 1005 3363 voluerit
1060 3321 1249 3380 quam
1304 3301 1414 3362 ille
1461 3301 1669 3363 voluit
1713 3302 1892 3363 mori.
1978 3300 2179 3361 Nemo
2237 3303 2369 3361 tam
2413 3299 2707 3359 ardenter
2733 3319 2795 3372 75

285 3400 567 3462 celorum
593 3419 859 3478 regnum
884 3400 1152 3478 expeciit
1171 3402 1243 3461 vt
1269 3400 1378 3461 ille
1406 3404 1674 3461 mortem
1703 3420 1880 3461 suam
1910 3398 2186 3461 siciebat.
2261 3396 2424 3474 Quid
2454 3396 2707 3474 queris?

228 3489 275 3538 s
285 3499 485 3574 Adde,
511 3497 570 3559 si
595 3497 766 3573 libet,
790 3499 983 3558 eciam
1013 3498 1160 3559 huic
1188 3500 1443 3560 cumulo
1472 3498 1727 3577 aliquid.
1803 3497 1935 3558 Nos
1954 3498 2125 3559 enim
2153 3499 2466 3575 quantum
2491 3496 2707 3557 animo

283 3596 677 3675 concipimus
718 3595 1091 3657 tantundem
1124 3597 1337 3659 verbis
1375 3598 1624 3675 assequi
1663 3596 2018 3674 nequimus.
2105 3595 2196 3656 At
2237 3595 2347 3673 qui
2387 3593 2700 3669 conuenit,
2751 3651 2757 3670 ,

231 3724 267 3766 χ
282 3695 522 3774 inquis,
567 3698 838 3755 mortem
879 3694 1317 3757 ardentissime
1363 3695 1540 3757 sitire
1582 3698 1647 3755 et
1687 3695 1950 3757 eandem
1989 3693 2395 3755 reformidare
2410 3694 2444 3754 Ῥ
2524 3691 2706 3752 Nihil

280 3792 557 3871 impedit
582 3811 710 3870 quo
736 3793 950 3853 minus
976 3793 1193 3853 eadem
1220 3793 1432 3854 anima
1457 3794 1526 3854 in
1569 3793 1837 3855 diuersis
1873 3792 2126 3872 organis
2165 3791 2413 3853 diuersa
2448 3790 2704 3864 senciat,
2733 3801 2799 3850 80

284 3892 568 3954 maxime
593 3891 665 3951 in
691 3891 980 3967 Christ03
1021 3894 1085 3953 et
1112 3892 1300 3970 (quod
1326 3894 1474 3953 ante
1504 3891 1802 3970 diximus)
1829 3891 2045 3952 sensui
2079 3908 2335 3952 sensum
2363 3891 2430 3950 et
2454 3887 2709 3951 affectui

283 3991 587 4051 affectum
616 3988 1072 4066 impedimento
1103 4009 1432 4067 nunquam
1469 3990 1683 4052 fuisse.
1772 3990 2047 4052 Eatenus
2082 4006 2208 4066 qua
2246 3986 2533 4066 proxima
2573 3989 2709 4048 erat

270 4088 602 4166 ‚corporeis
642 4087 930 4149 sensibus
953 4089 1165 4150 anima
1191 4088 1356 4165 Iesu,
1390 4087 1757 4150 cruciabiles
1797 4086 2109 4149 senciebat
2144 4085 2544 4147 affectiones}
2585 4105 2709 4163 qua

285 4205 435 4250 vero
463 4185 793 4248 diuinitati
829 4189 963 4246 erat
997 4186 1300 4264 proxima,
1334 4186 1652 4249 alacritate
1675 4185 1981 4265 gestiebat
2020 4183 2340 4247 ineffabili.
2427 4183 2557 4243 Nec
2597 4181 2708 4243 ille

286 4285 607 4347 mesticiae
666 4304 890 4345 sensus
955 4284 1343 4347 alacritatem
1408 4284 1799 4360 retardabat3
1861 4304 1976 4346 nec
2045 4304 2120 4346 ea
2183 4283 2470 4345 alacritas
2535 4279 2707 4343 hunc
2735 4293 2796 4358 85

287 4381 826 4444 reformidationis
852 4402 1104 4444 sensum
1135 4383 1461 4445 minuebat
1487 4387 1596 4444 aut
1623 4382 1966 4461 mitigabat.

352 4641 434 4690 ⁶6.
473 4639 575 4689 Rei
619 4672 636 4689 .
678 4676 694 4691 .
738 4671 757 4690 .
780 4654 891 4703 ¹79··
916 4640 1293 4705 reformidare]
1333 4640 1446 4689 The
1548 4640 1666 4689 this
1687 4654 1819 4703 very
1842 4638 2059 4702 closely.

288 4706 511 4768 printed
534 4707 773 4770 version,
795 4706 900 4757 LB.
923 4721 973 4757 v.
996 4707 1125 4756 128⁶
1137 4721 1223 4771 so,
1239 4706 1448 4766 follows
1614 4707 1698 4755 82.
1732 4705 1996 4770 Eatenus]
2023 4705 2156 4755 ibid.
2182 4705 2311 4766 1⁹⁸9
2326 4719 2375 4754 s.
