3355 5380
612 309 730 365 324
1302 304 1682 365 LETTERS
1741 303 1850 365 oF
1904 302 2310 364 ERASMUS
2816 297 3009 383 [1500

605 462 685 523 ad
711 461 947 522 librum
975 460 1338 535 lucubrare3
1378 465 1441 521 et
1477 460 1598 522 scis
1625 480 1816 539 quam
1853 460 2032 521 facile
2068 462 2236 520 aetas
2266 458 2376 519 illa
2403 458 2686 537 improbo
2711 457 3011 518 conuictu

491 591 579 643 ¹35
607 560 991 638 deprauetur.
1100 560 1624 621 Adolescentulus
1670 558 1904 636 partim
1950 557 2189 636 ingenii
2235 558 2530 630 bonitate,
2581 556 2817 635 partim
2874 577 3012 616 con·

606 657 939 719 suetudine
982 661 1197 718 nostra
1237 657 1453 718 literas
1493 656 1698 735 magis
1737 676 1809 717 ac
1849 656 2053 734 magis
2094 655 2292 729 ardet,
2331 656 2678 733 misereque
2716 654 2896 733 cupit
2936 674 3012 714 ex

605 754 718 817 illa
755 756 905 817 hara
940 757 1288 817 ociosorum
1324 756 1630 816 iuuenum
1665 756 1743 815 ad
1784 775 1998 815 meum
2025 754 2324 815 Iacobum
2360 754 2679 832 emigrare.
2768 754 3016 814 Amant

607 855 780 914 enim
820 855 989 914 inter
1029 875 1096 915 se
1136 854 1371 914 mirum
1412 855 1482 914 in
1523 852 1823 927 modum;
1866 852 2039 929 cupit
2080 852 2187 912 ille
2222 851 2579 930 quempiam
2616 851 2798 929 vulgi
2840 851 3015 912 dissi-

608 951 852 1028 milem,
898 952 1008 1031 qui
1053 955 1188 1013 toto
1236 955 1482 1030 pectore
1524 951 1724 1012 bonas
1779 950 1993 1012 literas
2034 950 2460 1027 amplectatur,
2507 949 2610 1010 cui
2659 949 3013 1010 doctrinam

493 1078 585 1129 140
608 1070 788 1111 suam
825 1051 1250 1112 communicet
1274 1073 1289 1124 3
1330 1050 1506 1129 cupit
1542 1050 1703 1110 alter
1727 1051 1893 1127 apud
1921 1069 2111 1127 quem
2140 1048 2377 1108 munde
2403 1052 2469 1108 et
2495 1051 2669 1108 totus
2702 1047 2774 1107 in
2811 1046 3015 1108 literis

607 1148 801 1210 viuat.
886 1150 1089 1225 Quare
1129 1152 1200 1209 tu
1234 1169 1496 1226 quoque,
1529 1147 1587 1210 si
1614 1147 1767 1225 quid
1796 1167 1915 1209 vsu
1941 1146 2208 1220 venerit,
2236 1166 2487 1224 operam
2513 1143 3015 1207 accommodabis

609 1250 786 1308 tuam
827 1251 900 1308 vt
939 1247 1157 1308 Abbas
1198 1247 1370 1308 hunc
1410 1267 1488 1307 ex
1527 1267 1601 1308 ea
1646 1245 1884 1308 eximat
1930 1244 2173 1305 familia
2218 1249 2282 1305 et
2333 1245 2559 1305 Iacobo
2601 1243 2827 1304 'I'utori
2875 1262 3014 1302 meo

609 1345 968 1406 committat
990 1369 1006 1421 ;
1049 1350 1112 1406 et
1131 1345 1591 1406 adolescentem
1613 1344 1813 1406 bearis
1833 1347 1897 1404 et
1915 1343 2141 1404 Iacobo
2161 1347 2379 1404 nostro
2400 1341 2592 1403 fueris
2610 1341 3020 1420 gratificatus,

610 1446 675 1503 et
696 1442 914 1504 Abbas
942 1463 1072 1504 non
1102 1443 1367 1503 dubium
1391 1442 1548 1520 quin
1575 1442 1759 1503 nobis
1787 1441 2085 1503 omnibus
2110 1441 2271 1502 hanc
2293 1440 2372 1503 ob
2393 1460 2527 1500 rem
2556 1440 2906 1500 maximam
2933 1438 3018 1499 sit

495 1567 584 1618 145
610 1540 878 1620 gratiam
921 1540 1275 1603 habiturus.
1358 1541 1526 1619 Ergo
1564 1539 1942 1614 Antonium,
1984 1540 2063 1600 ad
2105 1559 2293 1617 quem
2331 1537 2571 1616 scripsi,
2607 1537 2912 1599 excitabis
2947 1539 3020 1596 vt

610 1639 928 1700 Abbatem
957 1641 1366 1700 commoneat.
1451 1637 1692 1700 Abbati
1719 1637 1841 1715 ipsi
1867 1640 2110 1698 mutata
2136 1636 2448 1698 sententia
2475 1656 2607 1697 non
2632 1636 2879 1713 scripsi,
2907 1654 3019 1695 nec

611 1736 880 1798 scribere
934 1737 1181 1812 consilii
1236 1740 1349 1811 est,
1394 1738 1589 1799 donec
1645 1736 1773 1797 tuis
1820 1735 2019 1797 literis
2067 1736 2294 1796 certior
2341 1755 2447 1796 ero
2492 1736 2708 1796 factus.
2794 1734 3020 1794 Adibis

612 1835 1051 1895 Audomarum
1080 1835 1231 1913 ipse,
1263 1855 1386 1913 quo
1416 1835 1645 1895 melius
1675 1833 1852 1895 omni
1879 1834 1956 1895 de
1983 1854 2051 1895 re
2078 1852 2426 1911 cognoscas

697 1932 1047 1994 Guilhelmi
1068 1933 1270 1993 nostri
1297 1933 1374 1994 ad
1399 1953 1502 1992 me
1521 1933 1819 2011 scriptam
1839 1932 2171 2010 epistolam
2191 1931 2268 1992 ad
2291 1936 2354 1993 te
2374 1932 2758 2006 transmitto,
2782 1930 3021 1992 scilicet

498 2053 590 2104 150
614 2033 685 2090 vt
727 2030 966 2104 rideas;
1025 2035 1119 2092 est
1161 2031 1336 2091 enim
1375 2051 1674 2109 perquam
1719 2032 1917 2092 faceta
1957 2033 2021 2091 et
2067 2030 2450 2108 technologa.
2537 2030 2714 2106 Vide,
2746 2031 3020 2101 obsecre,

614 2126 842 2206 quibus
877 2127 986 2189 ille
1025 2128 1407 2190 anfractibus
1442 2129 1946 2204 circumuehitur,
1980 2149 2169 2207 quam
2206 2128 2330 2190 huc
2363 2130 2552 2207 atque
2584 2128 2740 2189 illuc
2766 2147 3026 2189 cursum

616 2225 837 2298 flectit,
864 2230 936 2287 vt
972 2230 1274 2304 tanquam
1310 2227 1483 2287 aliud
1525 2247 1718 2306 agens
1756 2247 1828 2288 eo
1866 2227 2135 2304 denique
2169 2227 2480 2300 euaderet,
2507 2227 2606 2288 vti
2632 2227 3027 2305 Adagiorum

615 2322 862 2385 libellos
888 2325 1127 2402 aliquot
1156 2326 1498 2399 mitterem,
1528 2346 1667 2386 meo
1695 2325 1987 2386 videlicet
2019 2325 2311 2402 pericu10‚
2343 2345 2412 2387 se
2439 2325 2604 2386 bona
2635 2325 2876 2386 scilicet
2902 2325 3028 2386 fide

614 2425 848 2483 sortem
875 2423 1302 2484 remissurum.
1373 2423 1562 2484 Haud
1591 2424 1826 2485 stultus
1852 2426 2179 2499 mercator,
2200 2423 2512 2500 siquidem
2531 2423 2735 2484 aliena
2760 2423 3028 2500 pecunia

499 2545 590 2595 155
616 2520 944 2598 alienoque
985 2522 1260 2598 periculo
1298 2542 1484 2583 suum
1525 2522 1773 2582 lucrum
1813 2522 2015 2582 facere
2056 2522 2321 2583 nouerit.
2411 2521 2677 2582 Iacobus
2711 2541 2893 2582 meus
2932 2521 3030 2583 illi

621 2619 920 2680 Graecam
953 2620 1419 2682 Grammaticeu
1449 2621 1613 2682 dono
1640 2620 1836 2682 misit.
1921 2620 2231 2698 Percupio
2255 2619 2429 2680 enim
2455 2620 2641 2680 illum
2668 2620 2786 2680 has
2812 2620 3031 2681 literas

619 2718 946 2797 degustare
970 2741 984 2792 ;
1029 2723 1212 2780 tuum
1240 2719 1361 2779 erit
1389 2720 1662 2781 eundem
1688 2720 1818 2780 tuis
1843 2719 2127 2798 epistolis
2154 2719 2515 2797 frequenter
2539 2720 2824 2780 excitare.
2912 2719 3031 2779 Est

619 2837 732 2894 per
756 2837 823 2878 se
851 2818 1117 2893 lentior;
1160 2821 1302 2878 tum
1329 2838 1527 2895 genus
1552 2817 1712 2879 illud
1733 2817 1923 2892 vitae,
1946 2817 2163 2879 nullus
2189 2816 2544 2879 studiorum
2564 2836 2787 2892 comes,
2811 2817 3034 2879 nullus

620 2916 921 2990 aemulus,
961 2936 1147 2977 nemo
1188 2915 1469 2991 mirator,
1512 2936 1699 2977 nemo
1740 2916 1961 2990 fautor,
1999 2915 2220 2976 nullus
2257 2915 2474 2990 honos,
2517 2915 2693 2976 nulla
2733 2915 3032 2994 praemia,

503 3024 595 3076 160
622 3034 811 3091 quem
839 3014 1097 3075 tandem
1127 3015 1253 3075 ista
1278 3033 1410 3075 non
1436 3014 1538 3075 vel
1562 3034 1641 3074 ex
1668 3014 2150 3092 diligentissimo
2178 3013 2661 3091 ignauissimum
2688 3014 2959 3076 reddant
2974 3017 3007 3075 ‘?

704 3113 878 3189 Opus
933 3113 1010 3172 de
1061 3111 1362 3191 epistolas
1415 3112 1729 3174 scribendi
1783 3113 2320 3191 praeceptionibus
2366 3131 2512 3191 prae
2558 3112 2853 3174 manibus
2894 3114 3034 3187 est3

621 3210 704 3284 id,
751 3212 808 3271 si
849 3210 1185 3285 videbitur,
1229 3214 1336 3271 tuo
1378 3210 1659 3289 Principi
1705 3210 2004 3289 Adolpho
2059 3210 2442 3285 dicabimus;
2502 3210 2581 3271 de
2629 3210 2822 3288 Copia
2875 3210 3035 3271 item

621 3307 1005 3369 tentabimus
1052 3308 1388 3370 absoluere.
1477 3308 1865 3370 Tabellarius
1909 3308 2019 3386 qui
2060 3308 2175 3370 has
2217 3309 2505 3382 reddidit,
2550 3309 2714 3370 mihi
2760 3328 2896 3370 non
2946 3309 3036 3368 in·

624 3409 829 3467 certus
865 3406 1154 3482 videtur;
1197 3426 1387 3484 quare
1427 3409 1610 3483 recte,
1643 3426 1800 3485 quae
1837 3407 2026 3484 voles,
2067 3407 2472 3468 commiseris.
2560 3407 2628 3468 Si
2667 3407 2798 3469 iam
2832 3407 3037 3469 Ludo·

508 3509 597 3576 165
624 3503 838 3564 uicum
867 3504 1195 3579 remiseris,
1218 3508 1433 3566 tamen
1460 3506 1713 3567 scribito
1734 3505 1883 3583 quid
1914 3524 2123 3566 rerum
2150 3504 2250 3565 illi
2276 3505 2692 3567 mandaueris.
2765 3505 3037 3567 Petrum

626 3604 810 3661 tuum
847 3601 1362 3662 candidissimum
1405 3623 1552 3664 cum
1580 3604 1821 3682 optima
1847 3604 2110 3681 coniuge
2145 3603 2307 3664 meis
2331 3603 2541 3665 verbis
2570 3603 2878 3666 salutabis
2904 3624 3039 3682 per·

623 3697 972 3776 diligenter.
1047 3699 1344 3779 Adolpho
1374 3704 1484 3763 tuo
1511 3721 1612 3762 me
1637 3701 1829 3763 facies
1853 3699 2383 3762 commendatum.
2450 3702 2715 3763 Iacobus
2742 3701 2851 3763 hic
2876 3702 3041 3764 alter

624 3801 698 3857 tu
734 3796 1002 3856 alterum
1040 3817 1124 3871 se,
1156 3797 1224 3857 id
1256 3801 1354 3859 est
1385 3803 1463 3874 te,
1493 3798 1845 3876 plurimum
1879 3798 2119 3862 saluere
2157 3798 2330 3860 iubet
2366 3800 2662 3878 cupitque
2699 3799 2818 3862 tibi
2845 3821 3039 3879 quam

627 3895 1281 3957 commendatissimas
1301 3916 1434 3958 esse
1458 3919 1473 3972 ;
1513 3901 1577 3958 et
1606 3901 1719 3970 est,
1750 3897 1915 3958 mihi
1941 3898 2137 3973 crede,
2161 3917 2347 3976 quem
2374 3900 2448 3958 tu
2478 3918 2650 3959 ames
2676 3918 2806 3960 non
2834 3900 3041 3962 aulico

516 4011 607 4065 ¹70
629 3993 735 4053 sed
765 3992 1015 4053 Battico
1041 4013 1264 4053 amore.

710 4090 883 4165 Vale,
904 4091 996 4151 mi
1015 4090 1251 4169 optime
1271 4111 1343 4153 ac
1363 4093 1731 4154 suauissime
1753 4093 1956 4154 Batte.
2006 4094 2321 4156 Aureliae.
2346 4112 2448 4155 111.
2470 4093 2625 4156 Idus
2641 4094 3039 4168 Decembres,

628 4189 1016 4251 antelucano.
1107 4187 1328 4271 [Anno
1355 4188 1792 4273 x.cccc.xcxx.]

701 4304 809 4365 148.
843 4307 928 4353 H:
962 4304 1297 4353 Adomarum
1319 4308 1378 4355 E.
1624 4320 1734 4367 154.
1770 4309 1846 4354 10':
1878 4307 2021 4354 sorte
2042 4308 2103 4355 E.
2349 4306 2458 4354 161.
2492 4306 2749 4370 epistolas
2769 4311 3042 4367 Peuma:

630 4369 1013 4432 epistolaribus
1036 4374 1096 4418 Ε.
1300 4372 1410 4432 165.
1446 4373 1636 4420 tamen
1658 4374 1732 4421 E:
1769 4376 1892 4420 tum
1912 4375 1959 4420 F
1977 4375 2151 4433 Gon-ia.

625 4532 629 4537 ,
703 4482 817 4540 146.
842 4482 1055 4528 mutata
1062 4477 1438 4543 sententiaJCf.
1445 4479 1760 4542 Ep.137.1-4
1770 4515 1782 4528 .
1883 4482 2014 4527 tone
2029 4479 2090 4528 of
2097 4478 2347 4528 affection
2362 4478 2516 4540 quite
2528 4478 2749 4542 belying
2763 4478 3039 4529 Erasmus*

703 4559 811 4607 ¹49·
851 4543 1178 4621 Guilhelmi]
1204 4543 1469 4595 Herman.
1539 4543 1623 4593 Cf.
1645 4545 1780 4608 Epp.
1883 4545 2200 4607 suspicions.
2269 4543 2562 4593 Herman’s
2601 4545 2861 4594 interests
2899 4560 3043 4595 were

636 4625 730 4673 139
768 4610 880 4659 and
921 4625 1031 4674 142,
1068 4609 1251 4660 which
1287 4611 1334 4660 is
1373 4609 1612 4661 couched
1652 4624 1715 4660 in
1750 4626 1783 4660 a
1885 4609 2507 4660 historicalratherthan
2522 4610 3044 4674 literary3seep.128.
