3355 5380
305 472 494 557 1499]
1141 474 1249 537 ΤΟ
1278 506 1281 509 *
1305 473 1534 536 JOHN
1564 473 1862 539 ›GOLET
2586 479 2704 534 253

250 627 275 657 ¹
292 633 527 712 quibus
551 635 649 695 est
665 634 851 710 caput
867 631 1259 693 infirmatum
1278 634 1352 693 vt
1370 631 1655 693 membra
1671 632 1929 693 fortiora
1948 629 2370 697 redderentur.
2429 629 2716 708 Denique

292 751 437 794 eam
477 732 549 792 in
593 730 840 808 magnis
883 730 1263 792 cruciatibus
1301 729 1684 792 alacritatem
1728 748 1917 807 quam
1964 748 2004 789 a
2042 726 2226 789 nobis
2273 747 2406 789 non
2451 726 2714 806 requirit

293 832 713 908 (repugnante
738 828 1030 889 videlicet
1057 829 1321 905 natura),
1346 830 1416 890 in
1443 848 1511 890 se
1538 828 1672 905 ipse
1700 847 1832 888 non
1863 826 2242 901 ostentauit;
2286 826 2625 904 pacientiae
2649 829 2717 888 et

295 926 806 997 mansuetudinis
834 946 1024 1004 quam
1051 946 1166 988 nos
1193 946 1232 987 a
1259 947 1326 988 se
1351 926 1539 988 iussit
1563 926 1799 987 discere
1829 925 2187 1003 exemplum
2226 925 2544 1002 expressit.
2630 925 2716 989 Et

297 1027 380 1090 iis
418 1026 725 1104 expressit
765 1025 936 1085 notis
978 1044 1134 1102 quae
1174 1024 1465 1086 sensibus
1506 1024 1807 1085 humanis
1849 1025 2002 1085 sunt
2040 1024 2313 1084 maxime
2353 1022 2709 1085 familiares.
2746 1040 2840 1092 130

302 1125 470 1187 Nam
495 1144 620 1203 quo
646 1125 904 1185 fuerunt
930 1123 1359 1184 aeuidentiora
1381 1123 1453 1184 in
1481 1122 1592 1185 illo
1618 1120 2146 1184 reformidationis
2172 1121 2368 1199 signa,
2401 1141 2474 1182 eo
2500 1121 2626 1182 fuit
2652 1123 2717 1182 et

298 1224 537 1284 certius
559 1222 693 1284 veri
722 1220 1005 1283 hominis
1028 1225 1494 1300 argumentum,
1524 1223 1589 1282 et
1618 1220 2008 1283 obedientiae
2045 1220 2299 1297 grauius
2333 1221 2710 1297 exemplum.

303 1322 405 1383 Ex
432 1341 553 1401 qua
577 1320 1084 1382 reformidatione
1117 1321 1173 1381 si
1209 1320 1375 1381 nihil
1408 1320 1812 1398 consequitur
1846 1318 2244 1394 incommodi,
2279 1319 2336 1379 si
2368 1318 2714 1396 plurimum

295 1419 499 1496 eciam
538 1418 863 1492 commodi,
895 1418 953 1480 si
993 1418 1286 1480 charitati
1327 1417 1739 1496 redemptoris
1782 1416 1946 1478 nihil
1985 1416 2340 1495 decerpitur
2377 1417 2489 1479 sed
2525 1417 2716 1494 pluri-

298 1537 481 1586 mum
508 1518 863 1596 apponitur,
886 1516 944 1578 si
961 1516 1346 1578 obedientiae
1367 1515 1728 1592 exemplum
1754 1515 1959 1593 magis
1984 1514 2278 1576 idoneum
2298 1518 2712 1594 comparatur,
2745 1533 2836 1584 135

297 1616 355 1678 si
396 1616 668 1695 denique
710 1617 925 1677 omnia
962 1615 1042 1676 ad
1083 1615 1386 1676 amussim
1427 1614 1755 1693 quadrant,
1804 1612 1955 1691 quid
2009 1617 2106 1674 est
2146 1632 2256 1674 cur
2295 1613 2376 1673 ab
2427 1614 2714 1675 omnium

297 1714 625 1775 sentencia
663 1713 1026 1775 deficiamus
1066 1715 1132 1774 et
1166 1712 1358 1774 vuius
1389 1712 1750 1773 Hieronimi
1786 1730 2124 1790 sequamur
2159 1731 2288 1772 non
2329 1712 2715 1773 sentenciam

295 1812 408 1874 sed
448 1812 991 1886 commentarium,
1022 1812 1391 1889 praesertim
1429 1830 1584 1889 qum
1626 1809 1792 1871 nihil
1831 1810 2060 1871 habeat
2099 1829 2303 1888 neque
2337 1830 2475 1872 raes
2511 1830 2715 1888 neque
2787 1854 2790 1855 ν

218 1944 267 1986 χ
296 1930 527 1984 sermo,
555 1910 724 1971 vnde
752 1909 854 1970 vel
882 1913 1072 1971 tenue
1098 1912 1544 1988 argumentum
1573 1928 1877 1987 queamus
1903 1907 2122 1970 elicere
2138 1910 2171 1969 *Ρ
2434 1969 2437 1977 ,
2501 1946 2504 1947 ⁷

310 2080 313 2083 Ἴ
377 2008 525 2069 Meo
550 2007 806 2087 quidem
831 2009 1063 2083 animo,
1095 2007 1323 2082 Colete,
1354 2011 1671 2085 vtcunque
1700 2006 2015 2081 satisfeci·;
2056 2009 2172 2068 tuo
2195 2007 2427 2069 iudicio
2453 2028 2537 2069 an
2564 2027 2715 2069 non·
2745 2033 2840 2084 140

295 2107 455 2181 dum
495 2105 906 2169 satisfecerim
941 2106 1168 2168 nescio.
1251 2105 1523 2168 Possent
1563 2124 1722 2183 quae
1761 2125 1801 2168 a
1838 2125 1942 2165 me
1984 2107 2135 2165 sunt
2175 2106 2493 2184 disputata
2531 2106 2715 2184 paulo

292 2205 544 2281 cautius
580 2205 833 2279 muniri,
864 2205 1050 2283 paulo
1084 2204 1284 2266 eciam
1317 2204 1607 2266 diffusius
1642 2202 1954 2281 explicari.
2041 2203 2281 2265 Verum
2316 2204 2419 2266 cui
2444 2204 2714 2266 scribam

293 2303 503 2365 video.
589 2301 721 2363 Nos
749 2301 1003 2379 quidem
1029 2302 1296 2363 fecimus
1318 2302 1538 2363 sedulo
1564 2326 1581 2377 ς
1622 2305 1808 2364 tuum
1841 2303 1941 2363 est
1976 2303 2435 2380 qualiacunque
2465 2306 2616 2364 sunt
2642 2303 2714 2363 in

292 2402 533 2465 bonam
551 2403 795 2480 partem
815 2400 1107 2478 accipere.
1168 2400 1479 2462 Volumus
1499 2400 1614 2463 hec
1632 2400 1836 2479 prima
1857 2401 2059 2462 nostri
2079 2401 2375 2478 tyrocinii
2391 2401 2715 2479 praeludia

291 2501 417 2565 sub
445 2499 577 2562 tuis
601 2500 804 2561 oculis
829 2498 1087 2574 aedere;
1128 2518 1258 2560 non
1294 2502 1365 2559 vt
1399 2499 1553 2561 artis
1591 2499 1701 2560 sed
1740 2498 2093 2560 industriae
2126 2499 2380 2560 laudem
2416 2500 2708 2567 feramus.
2747 2525 2836 2577 ¹45

292 2599 522 2677 Neque
568 2597 743 2658 enim
792 2597 893 2657 vel
936 2600 1144 2658 tecum
1190 2597 1295 2658 vel
1324 2616 1471 2658 cum
1520 2597 1897 2659 Hieronimo
1942 2598 2053 2660 sed
2102 2617 2247 2658 cum
2289 2597 2487 2660 Paulo
2535 2598 2714 2660 dimi·

289 2698 600 2759 cauimus.
689 2697 814 2757 His
861 2699 1072 2758 autem
1115 2696 1272 2757 meis
1317 2695 1790 2758 blateramentis
1834 2696 1986 2758 adeo
2028 2696 2192 2758 nihil
2236 2698 2481 2759 confido
2521 2702 2592 2758 vt
2623 2717 2714 2760 ue

290 2816 445 2870 cura
491 2796 750 2875 quidem
795 2796 927 2856 vlla
972 2797 1161 2873 digna
1215 2794 1563 2872 iudicarim,
1617 2793 1764 2856 nisi
1796 2815 1906 2873 per
1952 2798 2017 2856 te
2069 2795 2319 2856 fuerint·
2349 2794 2710 2872 approbata.
2791 2857 2796 2863 ,

289 2894 478 2970 Quod
517 2894 577 2956 si
614 2894 804 2955 facies
844 2894 1064 2969 (facere
1104 2896 1318 2955 autem
1359 2912 1560 2971 neque
1600 2896 1672 2955 tu
1714 2895 1893 2972 potes
1933 2913 2133 2971 neque
2181 2913 2296 2971 ego
2334 2893 2544 2968 velim,
2590 2895 2713 2955 nisi

286 2992 529 3054 iudicio
547 3011 617 3052 ac
634 2992 900 3069 merito),
921 2995 1061 3053 tum
1078 3010 1296 3053 rursus
1310 2991 1528 3052 incudi
1548 2992 1790 3053 reddita
1807 2992 2100 3058 recudam
2116 2991 2306 3071 paulo
2323 2991 2710 3070 diligencius.
2744 3013 2761 3049 ι
2771 3014 2840 3065 50

286 3091 414 3153 sin
439 3089 565 3150 tibi
590 3093 725 3171 tam
754 3090 1173 3167 displicebunt
1200 3109 1391 3168 quam
1416 3089 1580 3153 mihi
1612 3090 1964 3169 displicent,
1995 3089 2509 3168 pereantquouis
2525 3091 2712 3166 'fato;

285 3193 357 3250 et
383 3188 489 3250 vel
518 3188 787 3250 Veneris
811 3188 1043 3249 marito
1069 3188 1173 3250 vel
1197 3188 1478 3250 Achillis
1504 3188 1696 3249 matri
1723 3191 2205 3256 consecrentur„
2266 3187 2444 3262 Vide,
2473 3189 2708 3266 Colete,

286 3307 488 3366 quam
518 3286 813 3348 decorum
836 3286 1182 3363 obseruem,
1205 3285 1318 3364 qui
1336 3289 1469 3348 tam
1488 3286 1906 3367 theologicam
1932 3287 2431 3366 disputaciouem
2449 3288 2715 3367 poeticis

287 3385 532 3448 fabulis
558 3385 861 3448 claudam.
952 3385 1074 3445 Sed
1105 3385 1198 3460 (vt
1224 3384 1436 3463 inquit
1460 3384 1794 3463 Horatius)

667 3503 963 3562 naturam
1002 3499 1279 3579 expellas
1318 3499 1509 3577 furca,
1555 3502 1772 3562 tamen
1815 3519 2012 3579 vsque
2053 3504 2345 3562 recurret.
2743 3533 2760 3566 1
2771 3533 2835 3584 55

373 3573 555 3690 Vale,
587 3617 652 3675 et
683 3635 800 3677 nos
827 3635 1054 3694 quaeso
1086 3614 1298 3677 refelle
1324 3618 1468 3677 tum
1496 3614 1833 3694 diligenter
1858 3617 2002 3677 tum
2027 3616 2265 3692 acriter,
2299 3635 2523 3698 meque
2548 3616 2711 3678 mihi

287 3711 585 3774 ostende.
664 3710 960 3776 Oxoniae.
1037 3793 1041 3801 ⁸

929 3892 1239 3979 109110111.ξ
1323 3892 1527 3960 Ειιοιι
1576 3892 1768 3958 JOHN
1814 3892 2067 3985 Conn‘r.

314 4093 321 4094 ἶ
364 4024 739 4084 Enchiridion
765 4029 950 4097 (1518)
977 4046 1031 4099 p.
1059 4043 1181 4098 213.
1518 4099 1522 4103 ι
1561 4027 1565 4032 ’
2245 4027 2542 4103 (Oxford.)
2661 4095 2665 4099 Α

367 4108 546 4171 nond.
571 4115 726 4170 xxxi.
751 4117 852 4183 46:
889 4114 1000 4170 LB.
1023 4116 1169 4186 App.
1198 4127 1324 4184 404.
2134 4116 2418 4189 <October
2449 4117 2635 4191 1499.)

366 4263 672 4312 Ioannes
715 4264 1011 4312 COLETVS
1057 4264 1336 4313 ERASMO
1384 4264 1747 4312 THEOLOGO
1797 4264 2313 4314 FACVNDISSIMO
2351 4268 2404 4315 Β.
2448 4267 2507 4316 Ρ.
2558 4267 2625 4315 D.

338 4386 519 4447 'ru
574 4383 856 4463 epistola,
915 4379 1338 4447 eruditissime
1393 4386 1668 4460 Erasme,
1721 4389 1795 4446 vt
1849 4388 1945 4447 est
1998 4386 2153 4449 bene
2207 4387 2414 4466 longa,
2470 4389 2560 4448 ita
2615 4390 2710 4448 est

279 4480 516 4588 eadem
542 4483 644 4543 vel
678 4483 884 4544 multo
921 4484 1124 4562 magis
1151 4475 1317 4545 certe
1343 4485 1410 4544 et
1441 4483 1854 4592 disertissima
1879 4487 1946 4590 et
1971 4484 2443 4590 iucundissima.
2528 4486 2610 4545 In
2639 4505 2712 4544 ea

322 4599 658 4718 14o-Meo]
688 4623 982 4713 ibid.129o
1004 4664 1047 4706 c.
1553 4653 1738 4712 poetas
1749 4648 2019 4712 Volcanus
2040 4654 2124 4702 est
2146 4652 2320 4716 ignis,
2321 4650 2510 4702 Thetis
2531 4614 2707 4715 aqua)

363 4733 477 4781 ¹⁵2·
501 4718 729 4767 Veneris
751 4716 1017 4780 marito]‘
1033 4715 1089 4765 id
1112 4719 1195 4766 est
1216 4715 1456 4765 Volcano
1559 4714 1728 4764 Hand
1751 4715 1840 4763 Aa
1825 4720 1878 4764 in
1900 4731 1983 4764 ma
1986 4732 2051 4777 rm

275 4785 427 4835 vel.
517 4783 793 4834 ‚Thetidi
832 4785 1239 4848 consecrentur..
1295 4781 1458 4845 Apud
1626 4794 1733 4841 154.
1773 4780 2057 4846 Horatius]
2073 4785 2173 4851 Ep.
2199 4791 2241 4832 1:
2272 4796 2346 4831 10.
2371 4797 2456 4843 24.
