3355 5380
282 343 474 432 1503]
999 351 1107 414 'ro
1159 352 1434 416 sauss
1488 353 1987 418 Amnomsz
2560 361 2680 422 883

356 506 498 568 Iam
551 507 830 586 primum
877 507 1088 586 igitur,
1134 508 1191 571 si
1238 512 1373 572 tam
1427 508 1671 572 illustre
1712 510 2028 573 scribendi
2073 517 2520 591 argumentum
2562 514 2684 577 tibi

273 605 629 685 delegisses,
660 604 993 684 prudentia
1017 607 1204 669 modo
1231 609 1341 669 tua
1377 606 1697 670 laudanda
1722 609 1964 685 fuerat3
2007 629 2176 673 nunc
2201 631 2350 673 vero
2383 612 2682 695 quoniam

272 703 436 767 forte
483 702 800 766 obiectum
852 704 1178 767 commode
1230 705 1568 783 arripuisti,
1614 705 1941 772 foelicitati
1992 728 2238 788 quoque
2285 712 2428 773 tuae
2470 712 2685 789 gratu·

274 800 540 863 landum
585 821 718 863 esse
770 804 943 881 puto.
1057 802 1235 881 Quod
1289 804 1463 866 enim
1502 804 1609 866 vel
1660 803 2055 885 splendidius
2104 805 2207 868 vel
2250 807 2453 887 magis
2506 808 2685 887 pium
2710 830 2775 884 35

276 918 510 961 munus
542 899 837 962 obuenire
873 904 1135 979 poterat,
1186 920 1371 982 quam
1416 904 1490 963 vt
1526 921 1644 982 pro
1684 902 1980 965 Caesarea
2017 903 2343 966 maiestate
2374 903 2686 966 calamum

275 1016 573 1074 sumeres,
604 1016 762 1076 quae
786 1018 903 1076 pro
928 999 1223 1062 omnibus
1262 1001 1462 1062 sumit
1503 1019 1719 1077 arma;
1758 1018 2019 1082 eamque
2058 999 2297 1081 ingenii
2325 1001 2423 1065 tui
2462 999 2679 1083 clypeo

277 1115 316 1155 a
355 1094 705 1158 calumniae
744 1097 892 1160 telis
932 1098 1313 1173 defenderes,
1346 1117 1505 1180 quae
1540 1116 1760 1177 pacem
1800 1098 2225 1163 Christianam
2260 1119 2301 1162 a
2335 1099 2490 1162 belli
2530 1099 2686 1164 cala·

275 1194 500 1258 mitate
548 1194 882 1257 defendit?
982 1197 1148 1259 Tum
1178 1200 1392 1260 autem
1430 1195 1684 1260 muneri
1726 1195 1836 1259 isti
1883 1216 2245 1279 quanquam
2292 1197 2685 1279 amplissimo

274 1294 433 1356 adeo
472 1313 601 1357 non
649 1293 909 1356 defuisti
948 1298 1026 1357 vt
1065 1296 1252 1375 louge
1287 1295 1480 1359 etiam
1521 1314 1844 1375 superasse
1869 1294 2157 1358 videaris.
2243 1296 2480 1360 Parum
2507 1296 2684 1361 enim
2708 1323 2777 1374 40

277 1388 395 1452 tibi
448 1390 660 1453 visum
714 1393 812 1452 est
876 1391 934 1454 si
987 1391 1473 1456 invictissimam
1530 1395 1905 1471 potestatem
1960 1392 2217 1455 inuictis
2268 1412 2457 1474 aeque
2507 1414 2686 1474 argu-

275 1489 511 1550 mentis
542 1507 582 1550 a
622 1489 937 1552 calumnia
975 1489 1363 1566 vindicarem
1422 1491 1533 1553 sed
1576 1489 1730 1553 hinc
1781 1493 2031 1568 arrepta
2066 1489 2244 1553 velut
2282 1510 2436 1555 ansa
2480 1491 2688 1553 maius

276 1587 580 1666 quiddam
610 1587 822 1650 animo
848 1588 1195 1666 destinasti,
1239 1593 1313 1652 vt
1343 1589 1613 1651 eandem
1654 1588 1786 1652 tuis
1824 1587 2058 1651 litteris
2095 1590 2397 1669 tanquam
2432 1589 2689 1674 immor·

276 1684 390 1747 tali
418 1685 689 1765 quodam
715 1690 1127 1766 monumento
1154 1687 1496 1750 decorares.
1591 1686 1753 1749 Mihi
1780 1689 1943 1750 certe
1970 1685 2091 1750 hoc
2116 1706 2236 1748 vsu
2263 1687 2509 1750 venisse
2537 1688 2688 1760 scio,

273 1789 345 1846 vt
372 1803 523 1846 cum
550 1804 797 1864 semper
822 1786 1445 1866 magnificentissime
1469 1783 1782 1847 senserim
1820 1784 1897 1847 de
1939 1804 2015 1847 ea
2046 1788 2355 1862 potestate
2394 1805 2582 1866 quam
2613 1786 2684 1849 in
2709 1814 2774 1865 45

273 1882 464 1944 rebus
488 1882 768 1962 politicis
804 1883 977 1946 Deus
1016 1883 1363 1946 secundum
1388 1902 1456 1946 se
1483 1881 1687 1946 voluit
1724 1901 1860 1943 esse
1888 1881 2434 1962 pollentissimam,
2466 1886 2684 1946 tamen

272 1981 658 2061 simulatque
713 1983 892 2043 tuam
937 1981 1152 2044 euolui
1193 1982 1638 2058 defensionem,
1679 1980 1917 2044 mirum
1977 2000 2168 2061 quam
2211 1981 2479 2062 coeperit
2517 1982 2686 2064 apud

273 2100 382 2144 me
408 2098 705 2159 apparere
730 2080 1002 2160 amplior
1025 2085 1214 2162 atque
1249 2080 1589 2160 augustior.
1675 2079 1849 2142 Illud
1876 2083 2094 2144 autem
2128 2080 2459 2161 precipuae
2485 2080 2687 2145 cuius·

272 2179 425 2242 dam
463 2177 838 2257 prudentiae
883 2178 1048 2241 mihi
1084 2179 1345 2255 videtur,
1392 2179 1556 2259 quod
1599 2178 1711 2241 vbi
1752 2178 2012 2241 factiosa
2053 2177 2321 2259 quedam
2374 2178 2682 2257 incidunt,

271 2276 376 2340 vel
417 2279 552 2339 arte
589 2278 1011 2356 pretercurris,
1040 2277 1143 2340 vel
1183 2278 1241 2340 si
1279 2277 1346 2339 id
1381 2297 1510 2339 non
1550 2276 1714 2354 licet,
1746 2280 1961 2339 tamen
2001 2274 2071 2339 in
2108 2274 2474 2356 periculosis
2511 2298 2690 2358 ques·
2711 2305 2775 2357 5ο

271 2373 572 2451 tionibus,
603 2374 778 2437 velut
812 2376 981 2437 inter
1015 2376 1301 2455 Cyaneas
1339 2378 1549 2439 cautes
1586 2375 1911 2454 nauigans,
1945 2375 2038 2437 ita
2063 2375 2243 2438 docte
2270 2374 2402 2438 stili
2432 2395 2688 2442 cursum

272 2472 623 2535 moderaris
645 2476 719 2535 vt
744 2494 946 2553 neque
971 2492 1197 2536 verum
1222 2476 1426 2536 taceas
1446 2493 1650 2554 neque
1677 2473 1750 2536 in
1768 2473 2104 2536 factionem
2124 2473 2322 2537 vllam
2348 2473 2687 2555 impingas.

356 2569 504 2633 Iam
539 2590 693 2633 vero
719 2570 1041 2634 neminem
1077 2571 1211 2634 fore
1240 2575 1397 2652 puto
1436 2571 1589 2652 quin
1625 2570 2053 2633 admiraturus
2089 2571 2180 2633 sit
2214 2573 2288 2633 in
2320 2574 2521 2633 aetate
2550 2575 2684 2633 tam

269 2668 501 2749 grandi
547 2668 877 2750 ingenium
916 2668 1087 2732 istud
1134 2672 1270 2732 tam
1316 2669 1559 2746 ardens,
1608 2672 1746 2733 tam
1788 2669 2093 2747 viuidum,
2143 2670 2213 2733 in
2255 2668 2508 2732 fortuna
2549 2673 2684 2733 tam

269 2768 449 2832 lauta
474 2767 856 2831 industriam
888 2771 1023 2831 tam
1062 2767 1536 2848 infatigabilem,
1572 2768 1642 2831 in
1670 2768 1870 2830 tantis
1913 2768 2190 2848 negociis
2224 2767 2513 2830 animum
2550 2769 2681 2830 tam
2710 2791 2776 2843 55

268 2864 648 2946 vigilantem
668 2869 732 2927 et
749 2866 854 2928 vel
870 2865 951 2928 ad
972 2866 1403 2930 minutissima
1418 2886 1654 2946 queque
1671 2867 2181 2942 attentissimum,
2193 2885 2325 2928 vno
2343 2865 2413 2927 in
2427 2864 2685 2928 homine

270 2964 646 3027 memoriam
670 2964 1128 3045 amplissimam
1156 2968 1222 3027 et
1245 2967 1567 3028 tantarum
1592 2965 1788 3028 simul
1823 2984 2034 3027 rerum
2070 2983 2375 3044 capacem,
2405 2963 2476 3025 in
2507 2983 2687 3045 opus·

269 3064 420 3127 culo
445 3082 598 3144 qum
625 3062 805 3125 breui
844 3066 987 3126 tum
1023 3082 1225 3142 poene
1250 3062 1663 3127 tumultuario
1695 3067 1831 3126 tam
1866 3063 2104 3126 variam
2138 3062 2519 3143 omnigenae
2551 3062 2687 3125 doc-

271 3161 481 3224 trinae
505 3161 657 3239 vim,
685 3164 933 3225 tantam
958 3161 1286 3242 vtriusque
1319 3162 1494 3239 iuris,
1527 3165 1772 3225 tantam
1809 3160 2175 3240 theologiae,
2206 3164 2452 3224 tantam
2490 3159 2683 3223 histo·

269 3260 533 3337 riarum,
558 3262 804 3322 tantam
829 3260 1209 3339 scriptorum
1236 3259 1524 3323 omnium
1552 3263 1617 3322 et
1634 3262 1921 3323 veterum
1945 3261 2008 3321 et
2037 3258 2385 3322 recentium
2414 3258 2482 3321 in
2509 3258 2683 3321 omni
2708 3267 2774 3320 60

269 3377 504 3436 genere
538 3357 870 3434 notitiam;
908 3360 982 3419 vt
1019 3357 1178 3420 mihi
1218 3361 1517 3438 tanquam
1556 3358 1776 3420 sedula
1804 3357 2130 3438 quaepiam
2171 3357 2310 3436 apis
2334 3376 2446 3436 per
2473 3356 2687 3418 omnia

273 3455 792 3519 circumuolitans
832 3454 1089 3518 nullum
1127 3456 1458 3535 preterisse
1483 3455 1736 3517 ‘librum
1776 3455 2029 3518 videare
2074 3455 2242 3517 vnde
2278 3474 2410 3517 non
2446 3454 2684 3534 aliquid

269 3555 672 3633 decerpseris,
716 3552 1071 3617 incredibili
1111 3555 1364 3635 quidem
1404 3555 1753 3631 sedulitate,
1788 3558 1854 3616 at
1893 3553 2114 3616 malim
2153 3554 2391 3616 maiore
2439 3551 2684 3615 delectu

270 3673 478 3734 neque
520 3652 659 3715 sine
705 3653 912 3716 modo.
1018 3652 1279 3717 Etenim
1326 3673 1470 3717 cum
1517 3652 1896 3734 aliquotiens
1938 3654 2007 3715 in
2056 3674 2124 3715 re
2171 3673 2284 3715 nec
2336 3653 2428 3715 ita
2467 3655 2684 3732 magni

267 3752 589 3816 momenti
649 3755 715 3813 et
768 3750 895 3813 iam
960 3750 1203 3814 dudum
1261 3752 1464 3814 euicta
1516 3755 1769 3815 tantum
1821 3752 2328 3815 testimoniorum
2385 3749 2682 3829 inculcas,
2708 3753 2772 3820 65

264 3849 688 3915 metuendum
721 3851 853 3912 erat
884 3853 1069 3913 vetus
1108 3849 1268 3912 illud
1303 3850 1667 3927 loedorium,
1687 3853 1786 3913 τὸν
1810 3853 2021 3932 λύχνον
2049 3856 2109 3912 ἐν
2140 3851 2499 3931 μεσημβρίᾳ·
2552 3869 2683 3912 non

264 3949 441 4031 quod
481 3969 556 4011 ea
594 3948 725 4011 sint
761 3948 932 4011 lectu
971 3948 1076 4011 vel
1117 3948 1371 4011 inutilia
1423 3948 1527 4010 vel
1581 3948 1928 4025 inamoena,
1972 3949 2082 4011 sed
2122 3948 2286 4029 quod
2322 3968 2436 4029 pro
2475 3947 2686 4010 studio

269 4047 482 4126 magis
533 4046 867 4111 scribentis
921 4067 1114 4124 quam
1169 4067 1285 4127 pro
1342 4046 1435 4107 rei
1487 4047 1835 4126 propositae
1892 4047 2260 4108 necessitate
2302 4046 2686 4110 videbuntur

267 4149 485 4211 ascita.
605 4147 742 4226 Quo
783 4147 856 4209 fit
905 4149 970 4208 et
1012 4145 1190 4222 illud,
1242 4150 1317 4209 vt
1358 4165 1511 4226 qum
1567 4146 1789 4208 ordine
1834 4166 2082 4208 summo
2121 4145 2211 4209 sis
2250 4166 2419 4224 vaus,
2468 4150 2683 4210 tamen

265 4248 411 4326 ipsa
453 4247 633 4325 copia
671 4246 762 4309 sic
802 4246 1161 4308 obscuretur
1205 4248 1277 4309 vt
1320 4248 1637 4308 attentum
1679 4245 1872 4307 etiam
1916 4247 1981 4306 et
2019 4264 2364 4307 memorem
2389 4244 2683 4307 lectorem
2712 4258 2776 4311 70

265 4344 456 4408 fallat
511 4345 854 4407 interdum.
969 4344 1209 4406 Verum
1265 4344 1512 4424 quando
1566 4343 1732 4405 nihil
1778 4342 1981 4406 adbuc
2035 4342 2107 4404 in
2161 4342 2346 4404 rebus
2389 4340 2686 4403 humanis

263 4441 488 4507 extitit
533 4443 626 4505 sic
666 4445 799 4505 arte
850 4442 1104 4521 ingenio
1146 4461 1416 4521 curaque
1446 4440 1853 4516 elaboratum,
1900 4440 1970 4502 in
2012 4461 2137 4521 quo
2169 4460 2299 4503 non
2336 4444 2529 4519 μῶμος
2574 4437 2682 4500 ille

265 4543 668 4605 Graecorum
734 4540 972 4620 aliquid
1039 4541 1355 4604 inuenerit
1420 4540 1584 4621 quod
1644 4539 2151 4617 calumniaretur,
2214 4539 2391 4601 nulla
2442 4540 2683 4618 poterat

401 4680 487 4729 3²·
524 4663 805 4715 scribendi
826 4682 890 4715 az
923 4664 1087 4715 scribi
1107 4668 1177 4718 Η.
1370 4666 1452 4716 66.
1488 4669 1535 4714 1'
1552 4667 1757 4726 συνῆψε
1791 4664 2054 4715 ledorium
2077 4680 2143 4714 a:
2174 4661 2470 4713 laedorium
2492 4665 2553 4712 F.
