3355 5380
698 380 768 436 18
1394 380 1770 443 LETTERS
1827 379 1933 442 OF
1991 377 2390 443 ERASMUS
2811 372 3093 457 [1523-4

690 540 1059 613 commouet,
1094 538 1260 617 quod
1301 537 1531 618 quibus
1570 541 1719 599 ante
1761 535 2074 598 scribebat
2119 536 2308 597 Sidus
2348 533 2736 609 Germaniae,
2783 534 3096 611 Princeps

690 651 834 694 vere
863 636 1247 715 Theologiae,
1278 638 1567 699 Antiates
1596 637 1906 697 bonarum
1944 635 2288 710 literarum,
2319 653 2491 695 nunc
2530 632 2651 693 sim
2689 631 2827 708 alga
2863 631 3055 691 vilior
3079 653 3097 705 ;

687 730 997 808 siquidem
1024 734 1323 810 gloriosos
1349 734 1492 797 illos
1517 735 1754 810 titulos,
1778 734 1887 813 qui
1915 732 2077 794 mihi
2105 750 2429 811 nunquam
2458 751 2589 792 non
2607 732 2779 792 fuere
2812 729 3089 804 molesti,

689 827 912 889 lubens
939 830 1068 891 illis
1094 832 1359 911 resigno,
1392 833 1703 895 amicitiae
1730 832 1946 893 foedus
1974 831 2139 892 nulli
2167 831 2390 892 volens
2416 831 2689 892 remitte.

636 945 663 994 5
771 926 1184 994 Tentauimus
1228 935 1292 993 et
1344 931 1882 1006 declamationem,
1930 931 2009 991 ad
2057 948 2249 1007 quam
2304 928 2506 1006 magis
2553 946 2802 988 eramus
2863 928 3098 986 natura

691 1027 1015 1103 compositi
1069 1049 1258 1106 quam
1312 1031 1391 1091 ad
1436 1031 1549 1091 illa
1602 1028 1989 1101 collectanea,
2040 1026 2112 1087 in
2166 1046 2324 1105 quae
2377 1028 2590 1086 tamen
2645 1024 2919 1085 maxime
2972 1042 3099 1084 nos

690 1122 947 1201 impulit
974 1128 1179 1187 nescio
1198 1127 1335 1206 quis
1359 1128 1598 1206 genius.
1654 1127 1880 1205 Itaque
1902 1125 2172 1186 lusimus
2198 1124 2353 1185 olim
2382 1123 2660 1185 Laudem
2687 1141 2758 1182 ac
2786 1122 3098 1198 vitupera·

688 1221 927 1282 tionem
950 1226 1356 1300 matrimonii,
1378 1246 1533 1305 quae
1554 1245 1724 1289 nunc
1752 1244 1896 1302 pars
1915 1225 2011 1285 est
2037 1222 2241 1287 libelli
2268 1222 2362 1283 De
2388 1222 2628 1282 ratione
2657 1219 3098 1281 conscribendi

692 1319 1004 1397 epistolas.
1097 1322 1171 1383 Id
1200 1324 1465 1385 fecimus
1504 1325 1573 1386 in
1600 1324 1868 1403 gratiam
1907 1322 2238 1387 olarissimi
2264 1320 2512 1382 iuuenis
2542 1319 2891 1380 Guilhelmi
2918 1320 3097 1381 Mon·

606 1435 666 1474 10
691 1416 847 1494 tioii,
879 1439 1065 1496 quem
1091 1422 1230 1481 tum
1258 1421 1327 1481 in
1365 1422 1694 1484 rhetoricis
1730 1421 2237 1483 instituebamus.
2326 1420 2518 1481 Hunc
2545 1439 2741 1498 quum
2770 1438 3096 1495 rogassem

691 1515 909 1595 ecquid
936 1518 1205 1595 placeret
1232 1521 1395 1598 quod
1433 1520 1821 1599 scripseram,
1853 1519 1960 1580 ille
1994 1518 2320 1593 festiuiter,
2359 1518 2560 1579 ‘Adeo
2592 1518 2797 1595 placet
2820 1520 2892 1576 vt
2925 1516 3097 1577 mihi

691 1614 878 1691 plane
904 1618 1284 1692 persuaseris
1310 1639 1445 1680 esse
1471 1619 1821 1680 ducendam
1848 1619 2146 1682 onrem?
2226 1617 2390 1677 'l'um
2417 1636 2550 1693 ege,
2577 1618 2592 1647 ‘
2610 1615 2928 1693 Suspende
2957 1635 3100 1676 sen·

688 1713 957 1779 tentiam
988 1715 1183 1776 donec
1219 1717 1441 1795 legeris
1468 1718 1784 1780 diuersam
1819 1716 2103 1796 partem.’
2191 1717 2207 1749 ‘
2225 1715 2428 1779 Istam
2447 1715 2464 1742 '
2492 1716 2699 1793 inquit
2731 1714 2880 1775 ‘tibi
2906 1714 3097 1791 habe,

692 1810 854 1873 mihi
891 1811 1060 1889 prior
1097 1814 1342 1891 plaoet’
1424 1816 1493 1879 Is
1532 1816 1659 1878 iam
1701 1819 1844 1895 post
1879 1815 2132 1878 tertiam
2157 1808 2417 1876 onrem
2449 1814 2653 1875 celebs
2688 1815 2800 1888 est,
2831 1813 3097 1874 fortasse

607 1928 665 1979 ¹5
691 1909 995 1972 ducturus
1038 1915 1364 1989 quartam;
1432 1914 1583 1975 adeo
1632 1914 1814 1975 facile
1859 1915 1956 1974 est
2002 1912 2337 1990 perculisse
2391 1911 2760 1990 plaustrum,
2810 1932 2931 1989 quo
2978 1931 3098 1972 sua

691 2011 912 2085 sponte
954 2008 1310 2073 inclinatur.
1414 2012 1536 2074 Sed
1586 2012 1927 2073 admodum
1974 2011 2231 2074 iuuenes
2283 2008 2394 2073 vix
2435 2030 2635 2072 annos
2680 2011 2816 2072 nati
2857 2010 3099 2089 viginti

693 2105 1059 2183 scripsimus
1111 2107 1180 2172 in
1235 2111 1455 2170 eodem
1507 2130 1733 2187 genere
1787 2111 2067 2173 Laudem
2119 2108 2288 2171 vitae
2358 2108 2756 2184 monasticae,
2808 2109 2925 2169 hoc
2994 2113 3098 2171 est

693 2205 1022 2282 solitariae,
1060 2206 1129 2268 in
1170 2208 1439 2285 gratiam
1479 2209 1667 2270 amici
1709 2209 2048 2285 cuiusdam,
2080 2208 2191 2287 qui
2228 2210 2520 2286 nepotem
2561 2210 2874 2286 quendam
2909 2228 3099 2270 vena-

695 2303 880 2365 batur
929 2305 1317 2384 proselytum
1371 2328 1560 2386 quem
1613 2307 1686 2369 in
1739 2328 1991 2372 nassam
2044 2306 2379 2386 pelliceret.
2485 2307 2652 2370 Item
2697 2313 2842 2368 ante
2891 2328 3099 2371 annos

613 2419 674 2457 20
697 2402 929 2481 viginti
967 2407 1097 2465 tres
1143 2405 1520 2471 Encomium
1566 2407 1727 2468 artis
1767 2406 2057 2480 medicae,
2102 2408 2324 2483 rogatu
2363 2405 2687 2467 cuiusdam
2733 2406 2936 2482 amici,
2986 2407 3101 2485 qui

699 2521 900 2578 nuper
926 2502 1133 2563 Caroli
1173 2503 1452 2565 Caesaris
1491 2504 1769 2566 medicus
1797 2505 1937 2566 fuit.
2022 2504 2290 2581 Repperi
2316 2503 2482 2564 inter
2506 2504 2766 2565 schedas
2801 2505 3100 2583 Episcopi

698 2599 1167 2678 responsionem
1206 2602 1283 2662 ad
1326 2603 1627 2680 populum
1669 2602 1794 2665 sibi
1833 2590 2268 2682 gratulantem,
2299 2622 2413 2663 nec
2453 2602 2609 2663 satis
2648 2603 2914 2663 memini
2956 2623 3101 2681 qua-

699 2719 847 2760 nam
878 2700 1194 2761 occasione
1222 2720 1295 2761 ea
1323 2702 1485 2761 mihi
1520 2703 1751 2780 scripta
1777 2703 1986 2764 fuerit.
2062 2703 2225 2763 Nam
2256 2701 2761 2762 Consolationem
2789 2702 2866 2762 de
2894 2704 3101 2761 morte

698 2798 818 2861 filii
865 2803 1259 2877 praemature
1300 2801 1614 2878 praerepti
1660 2801 1884 2879 scripsi
1925 2802 2136 2876 Senae,
2182 2820 2379 2878 quum
2419 2800 2852 2861 Alexandrum
2901 2800 3101 2860 archi·

613 2913 672 2964 25
697 2895 1057 2974 episcopum
1110 2898 1400 2959 ecclesiae
1454 2898 1589 2959 diui
1640 2900 1946 2974 Andreae,
1994 2897 2202 2960 Iacobi
2257 2898 2585 2959 Scotorum
2639 2899 2803 2977 regis
2867 2898 3096 2974 filium,

697 2993 1107 3059 instituerem.
1195 2997 1315 3056 Sed
1359 2996 1562 3057 multo
1608 3001 1757 3058 ante
1801 2998 1963 3074 apud
2012 2996 2256 3074 Anglos
2295 2996 2741 3073 descripseram
2782 2994 3105 3056 Declama-

698 3090 944 3152 tionem
1010 3093 1376 3154 Lucianicae
1437 3095 1918 3171 respondentem
1973 3096 2188 3155 contra
2238 3093 2717 3172 tyrannicidam,
2776 3093 2900 3153 huc
2967 3113 3103 3170 pro-

700 3193 960 3250 uocante
1000 3191 1244 3257 Thema
1285 3193 1477 3269 Mero,
1528 3195 1668 3252 tum
1709 3193 2063 3254 studiorum
2102 3192 2316 3267 sodali,
2371 3193 2481 3270 qui
2527 3212 2697 3253 nunc
2743 3191 3105 3269 Anglorum
3211 3219 3216 3222 ·

701 3286 834 3363 regi
889 3291 984 3348 est
1031 3307 1069 3348 a
1117 3289 1446 3351 thesauris.
1534 3288 2002 3365 Querimoniam
2057 3290 2227 3367 pacis
2280 3290 2646 3369 scripsimus
2700 3293 2844 3350 ante
2899 3309 3106 3351 annos

615 3400 678 3451 30
702 3384 898 3445 ferme
939 3390 1195 3463 septem,
1245 3389 1384 3450 tum
1437 3387 1717 3464 primum
1771 3388 1842 3448 in
1889 3388 2098 3452 aulam
2139 3388 2443 3467 principis
2487 3389 2686 3450 acciti.
2773 3389 3104 3466 Agebatur

703 3483 952 3561 magnis
987 3485 1214 3549 studiis
1248 3488 1322 3546 vt
1357 3485 1674 3550 Cameraci
1713 3487 1988 3565 synodus
2027 3492 2190 3548 esset
2227 3507 2621 3550 summorum
2662 3487 2832 3547 orbis
2868 3487 3105 3564 princi-

701 3601 872 3659 pum,
918 3582 1212 3657 Caesaris,
1260 3583 1425 3660 regis
1466 3583 1832 3658 Galliarum,
1876 3585 2041 3662 regis
2078 3585 2366 3662 Angliae‚
2410 3585 2619 3646 Caroli
2656 3585 2873 3659 nostri,
2916 3588 3107 3662 atque

700 3679 792 3740 ibi
827 3700 953 3757 pax
990 3680 1183 3741 coiret
1217 3681 1386 3741 inter
1421 3681 1566 3743 illos
1605 3682 2048 3760 adamantinis,
2078 3687 2150 3744 vt
2188 3683 2386 3758 aiunt,
2414 3682 2701 3745 vincuIiS.
2785 3683 2962 3743 Haec
3004 3703 3108 3745 res

702 3778 1103 3856 potissimum
1139 3780 1439 3858 agebatur
1473 3801 1583 3858 per
1617 3781 2039 3844 clarissimum
2063 3782 2276 3843 virum
2309 3780 2746 3843 Guilhelmum
2771 3801 2808 3841 a
2836 3781 3104 3857 Cieruia‚

617 3892 677 3942 35
706 3878 771 3936 et
811 3876 1186 3954 reipublicae
1233 3878 1539 3939 iuuandae
1581 3882 1806 3942 natum
1854 3880 2163 3941 Ioannem
2211 3878 2597 3957 Syluagium,
2643 3879 3108 3941 Cancellarium

705 3994 1049 4038 summum.
1103 3976 1454 4038 Obstabant
1480 3977 1627 4038 huic
1652 3978 1918 4042 consilio
1946 3977 2220 4057 quidam,
2249 3976 2476 4056 quibus
2500 3977 2748 4039 inutilis
2773 3980 2869 4037 est
2895 3997 3109 4039 nerum

704 4074 1142 4154 tranquillitas,
1175 4075 1521 4154 quibusque
1548 4076 1724 4136 iuxta
1751 4075 2089 4137 Philoxeni
2116 4075 2498 4138 sententiam
2523 4075 2656 4154 (qui
2681 4075 2845 4136 dixit
2872 4076 3110 4137 suauis·

706 4171 900 4236 simas
947 4193 1082 4235 esse
1124 4193 1341 4237 carnes
1382 4194 1541 4252 quae
1586 4192 1807 4235 carnes
1853 4194 1984 4237 non
2030 4178 2257 4251 essent,
2304 4172 2712 4236 suauissimos
2751 4173 2952 4251 pisces
2996 4172 3111 4252 qui

906 4327 982 4364 10.
1019 4314 1187 4365 Hunc
1211 4351 1225 4366 .
1248 4351 1264 4367 .
1292 4350 1307 4366 .
1338 4318 1413 4367 16.
1441 4315 1748 4366 inclinatur
1769 4320 1880 4366 add.
1905 4317 1959 4371 β.
2177 4328 2260 4379 32.
2293 4316 2434 4381 regis
2455 4314 2687 4380 Angliae
2709 4320 2825 4366 aad.
2848 4317 2903 4371 8.

776 4511 851 4560 ¹7·
888 4498 1036 4547 vitae
1060 4497 1415 4564 monasticae]
1441 4497 1521 4549 Cf.
1542 4513 1593 4563 p.
1618 4510 1702 4562 37.
1726 4511 1759 4560 3
1781 4511 1837 4548 n.
1959 4498 2299 4560 Cambrayin
2323 4495 2508 4548 March
2527 4510 2653 4558 1517
2677 4509 2766 4545 see
2789 4494 3106 4559 Creighton,

769 4578 850 4615 ει.
890 4563 1140 4627 Episcopi
1174 4566 1602 4630 responsionem]
1639 4567 1719 4614 uf.
1754 4564 1851 4627 Ep.
1956 4564 2031 4613 iv.
2087 4578 2201 4625 241,
2259 4579 2309 4613 2.
2423 4569 2502 4613 As
2555 4563 2670 4612 this
2728 4576 2945 4625 passage
2996 4577 3111 4612 was

706 4630 790 4686 48.
812 4631 846 4677 6
866 4644 920 4679 n.
1956 4629 2181 4678 written
2214 4628 2276 4677 in
2310 4642 2451 4690 1523,
2478 4629 2751 4678 Erasmus'
2774 4627 3109 4678 calculation

769 4710 852 4757 31.
891 4695 1190 4763 Cameraci]
1215 4695 1318 4746 For
1340 4695 1437 4746 the
1459 4695 1771 4747 conference
1792 4698 1851 4747 at
1953 4695 2004 4746 is
2023 4695 2183 4759 again
2207 4695 2491 4746 incon-eet.
