3355 5380
698 305 812 361 314
1384 298 1764 360 LETTERS
1818 298 1923 358 OF
1979 297 2382 358 ERASMUS
2896 293 2958 377 [ι
2971 313 3089 370 500

693 455 863 517 hunc
904 459 1142 516 metum
1175 459 1574 533 accepturus;
1613 458 1756 514 tum
1786 457 1858 515 vt
1892 458 1987 514 est
2020 454 2232 515 animo
2266 473 2396 514 non
2433 454 2745 532 plumbeo,
2776 473 2860 514 ne
2891 452 3097 513 dicam

694 554 836 629 leui,
890 554 946 614 si
992 555 1178 629 amat,
1240 553 1466 614 melius
1518 553 1760 613 amabit
1812 552 2153 614 absentem.
2239 552 2353 613 Sin
2406 552 2668 612 fratrem
2720 551 3093 622 imitabitur,

694 652 944 730 expedit
976 672 1166 732 quam
1203 651 1565 728 longissime
1597 651 1830 712 abesse.
1918 651 2011 711 De
2047 651 2226 711 cuius
2262 650 2535 726 quidem,
2574 650 2668 710 mi
2697 650 2903 722 Batte‚
2948 649 3100 710 leui·

611 770 667 820 15
696 753 824 811 tate
872 750 1077 811 dicam
1115 769 1196 810 an
1244 749 1497 824 inuidia,
1546 749 1740 826 pudet
1788 768 1892 809 me
1939 747 2060 809 tibi
2108 749 2302 828 queri.
2393 751 2445 810 Ο
2487 748 2767 809 infelices
2813 747 3100 809 literulas

695 868 884 922 meae,
936 848 1163 925 quibus
1215 847 1360 907 talis
1414 847 1898 908 Antimecoenas
1953 846 2299 924 contigerit,
2352 846 2463 924 qui
2518 866 2646 907 non
2700 846 2909 907 solum
2969 866 3098 906 non

697 948 922 1020 foueat,
953 946 1062 1006 sed
1090 946 1369 1023 impense
1394 947 1584 1006 etiam
1612 944 1910 1007 inuideat.
1996 944 2212 1006 Rediit
2241 964 2455 1022 nuper,
2488 949 2562 1005 vt
2585 944 2720 1017 scis,
2752 964 2789 1004 e
2817 943 3101 1004 Louanio

697 1046 968 1106 Ioannes
994 1044 1357 1105 Standonck
1383 1063 1509 1104 vna
1534 1063 1677 1103 cum
1705 1062 1972 1121 paupere
2009 1043 2282 1120 quodam
2308 1043 2607 1121 magistro
2642 1042 3099 1104 Mechliniensi.

695 1143 866 1204 ¹Huic
884 1143 1172 1203 Antistes
1198 1142 1308 1202 ille
1332 1141 1538 1218 grauis
1561 1140 1889 1219 negocium
1910 1141 2084 1201 dedit
2111 1144 2182 1201 vt
2208 1140 2466 1202 Parisiis
2490 1160 2677 1219 quam
2697 1141 3100 1218 sagacissime

611 1260 673 1296 20
697 1260 916 1302 omnes
942 1239 1107 1301 vitae
1128 1259 1304 1300 meae
1326 1239 1596 1300 latebras
1614 1240 1880 1316 vestiget
1899 1242 2085 1317 atqoe
2110 1239 2380 1312 olfactet,
2407 1239 2487 1300 ad
2507 1259 2692 1317 seque
2712 1240 3103 1317 deprehensa

697 1338 1119 1413 transscribat,
1144 1337 1548 1414 magnificum
1567 1337 1760 1398 etiam
1779 1338 2125 1416 praemium
2147 1337 2463 1416 pollicitus
2487 1337 2763 1398 delatori.
2829 1337 3102 1398 Addidit

700 1437 889 1499 homo
933 1435 1476 1515 impudentissime
1520 1436 1677 1496 leuis
1723 1455 1789 1496 se
1835 1435 2133 1497 admirari
2176 1456 2299 1514 qua
2338 1435 2546 1497 fronte
2585 1435 2848 1497 Parisiis
2889 1435 3102 1496 sedere

698 1537 900 1597 ausim
954 1554 991 1595 a
1044 1553 1111 1595 se
1164 1537 1599 1608 exautoratus3
1665 1533 2106 1595 insanissimus
2158 1534 2215 1594 si
2261 1534 2410 1594 haec
2464 1535 2813 1611 cogitasset,
2865 1538 3102 1610 quanto

700 1633 1049 1694 dementior
1091 1632 1201 1710 qui
1244 1632 1394 1692 haec
1438 1632 1808 1693 scholastico
1851 1635 1915 1692 et
1963 1632 2220 1710 pauperi
2263 1633 2700 1692 communicet.
2804 1633 3103 1709 Auguror

614 1748 673 1799 ⁸5
700 1731 948 1792 homini
993 1729 1187 1791 bilem
1235 1731 1463 1807 augeri,
1511 1730 1744 1808 partim
1791 1730 1957 1807 quod
1999 1730 2231 1807 negligi
2278 1751 2345 1790 se
2391 1732 2588 1807 putat,
2631 1729 2869 1808 partim
2917 1733 3102 1807 atque

701 1830 854 1890 adeo
886 1828 1160 1889 maxime
1195 1829 1363 1906 quod
1397 1829 1573 1888 fratri
1604 1831 1714 1888 aut
1745 1828 1903 1904 aliis,
1933 1848 1970 1889 a
2006 1828 2236 1913 quibus
2274 1828 2435 1888 forte
2471 1848 2613 1889 meo
2647 1827 2911 1888 nomine
2944 1826 3104 1887 male

699 1927 893 2004 audit,
925 1925 1100 2005 queri
1137 1926 1212 1987 de
1253 1946 1321 1986 se
1360 1946 1462 1986 me
1495 1930 1689 2003 putet.
1774 1926 2013 1986 Verum
2045 1925 2196 1986 haec
2239 1925 2394 1986 adeo
2438 1927 2725 1986 animum
2769 1925 2934 1986 mihi
2976 1945 3103 1985 non

700 2025 991 2102 eripiunt,
1018 2028 1090 2086 vt
1114 2026 1316 2101 magis
1334 2025 1521 2084 etiam
1548 2023 1738 2084 libeat
1761 2024 2018 2085 Parisiis
2045 2024 2294 2101 insigne
2320 2024 2574 2102 aliquod
2594 2023 2839 2085 facinus
2864 2024 3100 2096 aedere,

703 2143 825 2201 quo
852 2121 948 2183 illi
972 2126 1346 2201 rumpantur
1370 2122 1494 2182 ilia.

616 2239 680 2289 30
708 2277 711 2282 ,
783 2219 998 2282 Habes
1016 2221 1243 2298 quibus
1270 2219 1578 2280 adductus
1603 2220 1808 2280 causis
1832 2220 1911 2280 ad
1941 2222 2005 2280 te
2034 2239 2163 2280 non
2185 2220 2480 2294 venerim,
2503 2220 2784 2297 alioquin
2804 2219 3103 2280 veniendi

702 2318 1118 2381 auidissimus.
1201 2316 1278 2376 Id
1308 2317 1658 2392 consilium,
1689 2320 1761 2378 vt
1786 2337 1979 2396 spero,
2008 2318 2457 2396 comprobabis,
2545 2319 2872 2379 Caeterum
2904 2318 3104 2378 Ludo·

703 2418 913 2477 uicum
952 2436 1216 2495 puerum
1253 2414 1407 2475 olim
1442 2435 1654 2476 meum
1691 2415 1769 2477 ad
1811 2419 1874 2476 te
1915 2416 2266 2492 emandaui,
2298 2416 2415 2477 hoc
2447 2415 2703 2493 quidem
2745 2417 3001 2476 nomine
3036 2418 3106 2475 vt

702 2513 935 2575 Iudoco
971 2514 1291 2588 inseruiat,
1322 2534 1512 2590 quem
1538 2533 1651 2590 ego
1689 2513 1813 2573 iam
1853 2514 2084 2574 redisse
2121 2518 2310 2592 puto;
2352 2515 2462 2592 qui
2489 2515 2543 2574 si
2572 2514 2857 2574 nondum
2896 2514 3102 2588 rediit,

701 2615 846 2693 peto
887 2615 960 2673 vt
1006 2612 1242 2672 interea
1289 2611 1742 2672 adolescentem
1790 2611 1973 2672 alteri
2021 2611 2291 2690 cuipiam
2340 2612 2739 2673 commendes
2787 2616 2899 2673 aut
2943 2617 3106 2673 certe

617 2731 678 2783 35
704 2712 868 2791 quod
910 2711 1019 2772 ille
1059 2711 1253 2784 malit,
1291 2711 1421 2788 ipse
1464 2710 1738 2789 recipias,
1778 2710 1832 2770 si
1869 2730 1992 2788 quo
2029 2711 2216 2772 modo
2255 2711 2472 2789 poesie.
2560 2712 2674 2771 Est
2715 2710 2841 2772 fide
2881 2712 2998 2772 illa
3037 2716 3107 2771 vt

706 2812 868 2871 nihil
893 2810 992 2871 illi
1019 2829 1147 2869 non
1176 2809 1464 2868 concredi
1489 2808 1706 2887 possit,
1738 2808 1802 2868 id
1832 2809 1998 2885 quod
2026 2811 2122 2869 est
2158 2809 2226 2868 in
2259 2830 2450 2887 puero
2486 2810 2852 2871 maximum.
2941 2811 3105 2870 Tum

702 2908 919 2970 scribit
946 2911 1008 2968 et
1035 2907 1497 2986 expeditissime
1524 2909 1587 2966 et
1613 2906 1826 2984 polite,
1860 2906 2097 2967 Gallice
2123 2907 2436 2985 simulque
2466 2908 2705 2967 Latine.
2789 2907 3109 2969 Literatus

705 3007 1112 3082 mediocriter,
1152 3006 1393 3084 patiens
1428 3003 1673 3078 laboris,
1714 3003 2326 3081 obsequentissimus,
2364 3009 2574 3066 mente
2615 3005 2878 3066 minime
2917 3007 3102 3068 mala.

706 3105 929 3166 Posset
961 3104 1080 3164 tibi
1106 3124 1352 3182 quoque
1387 3104 1456 3163 in
1492 3102 1673 3163 libris
1707 3102 2229 3163 transscribendis
2265 3103 2407 3163 vsui
2439 3122 2588 3164 eaee.
2678 3104 2885 3179 Quare
2922 3106 2980 3166 si
3013 3106 3109 3167 illi

619 3223 682 3270 40
706 3222 815 3280 per
860 3206 921 3263 te
964 3201 1082 3262 erit
1126 3204 1536 3280 prospectum,
1582 3203 1646 3260 et
1694 3200 1857 3261 mihi
1903 3201 2123 3261 feceris
2164 3200 2591 3279 gratissimum
2635 3204 2700 3261 et
2742 3222 2938 3279 puero
2981 3204 3106 3266 iam

707 3299 1008 3360 destituto
1035 3299 1414 3360 subueneris.
1503 3298 1680 3374 Quod
1709 3298 1765 3359 si
1792 3300 1958 3376 apud
1987 3301 2051 3359 te
2080 3298 2251 3360 locus
2280 3300 2402 3360 erit
2439 3299 2673 3373 nullus,
2705 3300 2849 3360 vide
2883 3302 3106 3380 ecquid

706 3396 867 3475 apud
899 3396 1210 3457 Abbatem
1237 3399 1431 3458 vacet.
1514 3396 1634 3457 Sed
1671 3396 1728 3457 si
1754 3396 1988 3457 retines
2024 3396 2166 3457 istic
2202 3417 2486 3475 puerum,
2518 3398 2616 3459 fac
2641 3398 2970 3461 tabellario
2999 3401 3109 3479 qui

650 3491 654 3496 ’
707 3496 803 3555 est
845 3495 910 3554 in
952 3493 1100 3555 diuo
1138 3493 1497 3555 Audomaro
1537 3494 1896 3573 pecuniolae
1944 3498 2189 3556 nostras
2231 3495 2703 3572 quamprimum
2748 3499 3109 3560 committas

705 3591 784 3653 ad
811 3612 914 3653 me
938 3592 1332 3669 perferendas
1352 3612 1476 3652 vna
1501 3613 1648 3654 cum
1672 3592 1935 3654 Aurelio
1954 3592 2327 3672 Augustino,
2348 3592 2460 3671 qui
2488 3598 2584 3655 est
2611 3594 2678 3654 in
2699 3594 3108 3671 membranis,

619 3705 681 3756 45
709 3692 773 3751 et
793 3689 849 3750 si
877 3688 1025 3767 quid
1052 3694 1365 3768 praeterea
1393 3689 1557 3769 quod
1587 3690 1750 3751 mihi
1778 3690 1919 3752 vsui
1944 3691 2077 3752 fore
2104 3693 2302 3770 putas·

790 3789 951 3850 Cum
979 3787 1338 3864 Augustino
1369 3788 1738 3849 iamdudum
1769 3809 1871 3849 me
1908 3789 2042 3867 ipsa
2070 3808 2167 3849 res
2192 3788 2443 3850 reduxit
2479 3788 2545 3850 in
2573 3790 2882 3868 gratiam;
2923 3810 3110 3871 agno·

707 3886 827 3947 scit
861 3886 1133 3958 nomina,
1167 3906 1387 3947 verum
1422 3889 1608 3963 negat
1643 3906 1777 3947 esse
1810 3886 1934 3947 sibi
1960 3886 2126 3965 quod
2156 3887 2286 3961 det,
2313 3889 2376 3948 et
2412 3886 2595 3948 credo
2628 3889 3102 3965 propemodum.

711 3983 882 4045 Huic
922 3982 1149 4044 Iacobo
1188 4003 1329 4044 meo
1371 3984 1496 4043 iam
1539 3986 1815 4045 scutatos
1856 3984 2097 4064 aliquot
2138 3984 2348 4046 debeo.
2437 3985 2639 4060 Quare
2680 4005 2811 4046 non
2853 4007 3110 4049 omnem

711 4084 897 4145 modo
942 4081 1287 4161 pecuniam,
1336 4100 1524 4158 quam
1573 4080 1765 4142 habes
1810 4100 1952 4144 meo
1993 4083 2267 4158 nomine,
2318 4083 2553 4159 mittas,
2595 4084 3014 4146 verumetiam
3051 4086 3111 4147 si

782 4246 858 4296 18.
906 4245 1138 4295 Ioannes
1171 4247 1284 4294 add.
1317 4248 1385 4294 Η.
1683 4245 1987 4309 magistello
2019 4252 2074 4297 F.
2187 4247 2190 4250 ’
2405 4261 2485 4308 25.
2529 4248 2694 4310 atque
2726 4250 2800 4296 F:
2848 4263 3014 4312 vsque
3046 4253 3110 4300 E.

712 4327 796 4376 30.
829 4312 1032 4374 alioqui
1054 4315 1118 4360 H.
1320 4323 1400 4371 35.
1436 4309 1542 4359 fide
1566 4309 1664 4359 illa
1688 4314 1765 4359 E:
1799 4326 1861 4360 ea
1883 4312 1990 4361 fide
2014 4317 2069 4362 F.

784 4476 858 4524 13.
897 4459 1147 4524 fratrem]
1170 4459 1497 4522 TheBishop
1509 4459 1857 4524 ofCambray.
2023 4476 2107 4525 33.
2147 4463 2373 4529 Iudoco]
2409 4463 2488 4515 cf.
2514 4463 2610 4525 Ep.
2640 4478 2748 4525 ¹⁹9·
2776 4464 2842 4524 48
2866 4481 2923 4515 n.

783 4530 860 4579 18.
895 4525 1209 4577 standonck
1270 4524 1351 4576 Cf.
1375 4525 1473 4589 Ep.
1501 4539 1581 4586 73.
1601 4541 1638 4588 9
1660 4541 1714 4576 n.
2024 4545 2106 4590 44.
2139 4529 2703 4594 AurelioAugustino]
2719 4530 3113 4593 Cf.Ep.123.21.

778 4609 859 4657 31.
893 4593 1222 4644 Ludouicum
1286 4591 1384 4641 See
1407 4591 1501 4655 Ep.
1535 4592 1640 4652 167.
2025 4595 2106 4653 48.
2145 4594 2362 4661 Iacobo]
2388 4596 2630 4656 Voecht3
2662 4610 2748 4645 see
2772 4595 2868 4660 Ep.
2905 4610 3006 4658 ¹52·
