3355 5380
607 354 686 410 96
1304 346 1683 409 LETTERS
1739 346 1844 407 OF
1899 345 2298 408 ERASMUS
2818 339 3012 423 [1489

608 525 858 567 carmen
886 503 1292 564 lamentabile
1333 523 1519 582 super
1561 506 1884 564 contemtu
1912 502 2064 564 artis
2089 503 2404 580 poeticae;
2446 501 2608 579 quod
2648 500 2755 562 vbi
2786 500 3011 579 recepi,

608 605 741 665 vidi
780 607 844 665 et
883 602 1131 680 perlegi,
1169 605 1402 680 quanto
1444 605 1758 663 recreatus
1798 602 2028 663 fuerim
2069 602 2294 681 gaudio
2336 621 2464 661 non
2504 599 2683 660 facile
2725 599 3015 660 dixerim.

608 703 846 763 Verum
888 702 1009 761 etsi
1047 703 1189 761 tuas
1232 700 1449 761 laudes
1494 700 1753 761 omnino
1799 704 2003 763 tacere
2052 721 2305 780 nequeO,
2355 702 2416 760 te
2454 701 2665 759 tamen
2707 698 2777 758 in
2816 697 3020 758 solida

611 800 967 862 humilitate
1006 818 1255 859 seruare
1293 801 1628 875 memento,
1662 817 1836 877 quae,
1874 801 1930 861 si
1961 800 2085 862 tibi
2125 819 2254 860 non
2296 797 2472 872 desit,
2514 799 2578 857 et
2619 797 2792 856 hunc
2827 815 3018 875 quem

525 927 585 961 10
611 919 778 959 nunc
815 897 1091 976 praefers
1129 897 1347 957 florem
1386 896 1456 957 in
1492 897 1786 975 germine,
1819 899 2131 977 plurimos
2164 899 2236 959 in
2273 897 2515 957 fructus
2551 894 2796 971 prodire
2828 894 3022 955 faciet

609 1018 687 1057 ex
736 997 976 1058 frutice.
1063 997 1156 1057 At
1199 1016 1280 1057 ne
1324 998 1499 1056 tuam
1549 996 1929 1073 praeclaram
1977 1001 2042 1059 et
2095 996 2410 1075 insignem
2456 994 2737 1055 indolem
2782 992 3025 1055 nostris

613 1093 903 1156 laudibus
942 1093 1155 1172 inepte
1201 1095 1668 1169 00111111801110111,
1721 1095 1839 1155 1100
1881 1116 2084 1157 vnum
2124 1095 2359 1156 dixisse
2399 1092 2679 1166 sufficiat,
2722 1091 3026 1153 omnibus

614 1213 714 1252 me
767 1191 935 1252 votis
977 1211 1307 1270 exposcere
1363 1212 1561 1253 vnum
1616 1195 1827 1253 tecum
1870 1193 2287 1255 fraternitatis
2338 1191 2569 1252 habere
2610 1189 3019 1265 consortium,

615 1311 818 1353 vnum
884 1295 1141 1351 mutuae
1209 1290 1668 1352 exercitationis
1735 1293 2019 1353 studium
2072 1312 2141 1353 ac
2196 1310 2397 1353 vnum
2452 1289 2717 1368 denique
2784 1288 3026 1350 solidae

533 1414 589 1463 15
618 1388 938 1450 charitatis
965 1388 1453 1450 firmamentum.

701 1488 1029 1549 Caeterum
1083 1490 1152 1547 vt
1206 1489 1269 1546 et
1313 1487 1464 1547 haec
1511 1486 1631 1547 tibi
1686 1486 1936 1566 plenius
1978 1488 2376 1549 innotescant
2416 1485 2636 1564 quanti
2680 1503 2876 1563 penes
2923 1504 3031 1544 me

619 1589 801 1647 tuum
842 1585 1000 1646 mihi
1044 1588 1286 1645 constet
1327 1584 1672 1662 ingenium,
1721 1605 1973 1662 operam
2014 1586 2156 1648 dedi
2197 1589 2263 1647 et
2302 1604 2551 1646 carmen
2591 1587 2777 1645 tuum
2819 1581 3033 1643 debita

621 1683 1220 1745 recommendatione
1262 1682 1704 1744 celebrandum
1745 1687 1962 1745 nostra
2002 1685 2150 1745 licet
2184 1684 2325 1745 rudi
2362 1681 2863 1743 confabulatione
2888 1681 3036 1743 sub-

624 1782 931 1856 diuidens,
979 1781 1313 1860 Dialogum
1362 1782 1843 1861 Apologeticum
1897 1784 2031 1859 feci,
2085 1785 2271 1861 prout
2320 1782 2548 1843 titulus
2593 1780 2742 1842 huic
2796 1781 2910 1842 tuo
2963 1785 3031 1840 et

535 1910 595 1945 20
622 1883 835 1942 nostro
879 1879 1198 1939 communi
1239 1879 1453 1941 libello
1502 1880 1816 1957 praefixus
1858 1881 2039 1942 facile
2086 1879 2466 1942 manifestat.
2555 1879 2685 1939 Nec
2728 1879 2850 1940 hoc
2891 1877 3031 1952 tibi,

625 1997 866 2057 quaeso,
906 1977 1408 2055 indignationem
1451 1978 1652 2054 faciat,
1696 1999 1799 2039 me
1838 1983 1983 2041 tuos
2023 1999 2241 2040 versus
2280 1978 2669 2057 paucissimis
2706 1976 3034 2038 interdum

624 2075 834 2137 verbis
880 2079 1290 2137 commutasse
1339 2078 1401 2135 et
1457 2077 1533 2136 ad
1581 2076 1754 2138 aliud
1804 2078 1994 2138 metri
2048 2097 2246 2155 genus
2301 2078 2369 2138 in
2415 2077 2613 2138 finem
2667 2075 3037 2137 retorsisse:

628 2175 734 2235 sed
762 2174 1037 2252 plurima
1061 2174 1256 2235 velim
1297 2174 1541 2234 ratione
1579 2177 1645 2235 et
1682 2175 1861 2235 suani
1899 2175 2167 2253 quadam
2211 2179 2462 2237 nostrae
2503 2174 2824 2235 charitatis
2864 2193 3039 2251 prae-

630 2273 945 2334 sumtione
1012 2272 1077 2333 id
1144 2272 1383 2333 factum
1437 2291 1569 2332 esse
1627 2292 1761 2333 non
1828 2273 2127 2351 ambigas.
2217 2274 2382 2334 Nam
2437 2275 2509 2333 vt
2561 2292 2815 2333 carmen
2869 2272 3037 2333 illud

544 2402 568 2434 2
574 2400 601 2450 5
629 2369 900 2449 eleganti
954 2389 991 2430 a
1047 2372 1110 2430 te
1163 2369 1330 2447 stylo
1386 2369 1805 2447 compositum
1858 2391 2078 2433 omnes
2130 2376 2195 2433 et
2248 2372 2534 2451 singulos
2595 2370 3041 2432 vehementius

630 2470 979 2545 delectaret,
1030 2469 1229 2546 sategi
1276 2471 1347 2529 vt
1391 2488 1428 2529 a
1470 2467 1822 2547 legentibus
1871 2469 1926 2530 si
1973 2470 2265 2532 libuisset
2307 2470 2499 2531 etiam
2540 2470 2717 2529 suaui
2757 2469 3042 2530 modula-

634 2569 807 2628 tione
867 2568 1178 2628 decantari
1234 2570 1455 2645 posset.
1569 2567 1746 2642 Quod
1789 2571 1863 2629 vt
1917 2568 2175 2630 liberius
2229 2589 2471 2647 quoque
2524 2568 2834 2629 inoffensa
2882 2587 3041 2630 voce

634 2669 843 2744 posset
896 2665 1047 2742 fieri,
1103 2684 1322 2727 omnes
1373 2664 1587 2727 hiatus
1639 2666 1954 2728 vocalium
2011 2667 2302 2746 diligenti
2354 2666 2563 2729 studio
2618 2666 3035 2744 praetermisi.

636 2765 832 2827 Dabis
872 2766 1065 2844 igitur
1106 2764 1527 2842 placidissime
1568 2765 1838 2842 veniam,
1890 2766 2057 2846 quod
2101 2766 2349 2844 ineptas
2393 2785 2622 2826 manus
2666 2769 2915 2826 nostras
2967 2767 3042 2827 in

545 2895 610 2945 30
636 2869 809 2927 tuam
851 2864 998 2925 misi
1038 2866 1314 2941 segetem
1354 2863 1778 2942 florigeram,
1757 2885 1887 2925 11110
1928 2885 2005 2925 ex
2033 2865 2151 2926 1100
2177 2865 2299 2925 tibi
2332 2884 2433 2925 me
2469 2866 2710 2925 statues
2742 2865 3046 2927 amicissi-

637 2983 831 3046 mum,
866 2961 975 3041 qui
1003 2965 1112 3022 tuo
1140 2960 1216 3021 de
1244 2961 1520 3023 carmine
1549 2965 1840 3023 nostrum
1866 2982 2266 3023 communem
2293 2962 2411 3023 feci
2437 2962 2743 3025 libellum.

720 3061 1048 3122 Postremo
1086 3059 1380 3138 quoniam
1407 3061 1570 3121 tanti
1608 3063 1672 3121 te
1704 3060 1864 3121 facio
1896 3064 1970 3122 vt
2006 3060 2172 3122 nihil
2206 3081 2410 3140 supra,
2444 3081 2596 3140 rogo
2629 3061 2946 3123 instanter
2972 3065 3047 3122 vt

638 3163 703 3220 et
745 3163 920 3221 tuam
961 3157 1132 3235 operi
1176 3160 1394 3218 nostro
1432 3157 1524 3218 De
1562 3157 1768 3218 Morte
1809 3157 2202 3237 diligentiam
2241 3159 2551 3236 adhibere,
2594 3162 2660 3219 et
2700 3159 2857 3221 lima
2896 3161 3045 3221 tuae

640 3256 1027 3316 discretionis
1066 3256 1469 3316 emendatum
1510 3257 1790 3332 tempore
1833 3258 2143 3334 oportuno
2183 3278 2314 3318 non
2354 3257 2664 3335 pigriteris
2704 3258 3043 3319 remittere.

548 3382 609 3433 35
641 3355 832 3415 Nulla
871 3354 1037 3414 inter
1072 3372 1189 3414 nos
1216 3352 1309 3428 (vt
1350 3353 1602 3432 quidam
1642 3355 1979 3433 laborauit)
2003 3355 2087 3416 sit
2123 3356 2456 3435 aliquando
2497 3356 2805 3417 inuidiosa
2831 3377 3048 3418 aemu-

639 3452 807 3529 latio,
855 3454 963 3513 sed
1009 3451 1133 3521 etsi
1168 3453 1408 3513 mutuis
1450 3452 1720 3531 ingeniis
1760 3453 2127 3533 quandoque
2166 3455 2515 3517 cedendum
2555 3455 2759 3531 fuerit,
2803 3457 2875 3516 in
2916 3476 3048 3518 vno

639 3556 856 3612 tamen
883 3550 1205 3612 charitatis
1232 3551 1486 3611 vinculo
1518 3571 1903 3614 maneamus.

1396 3682 1567 3759 Vale,
1603 3687 1666 3743 et
1694 3702 1796 3744 me
1821 3687 2043 3745 mutuo
2071 3684 2282 3763 dilige.

708 3933 755 3978 6.
796 3927 1040 3992 carmen]
1080 3929 1205 3979 Cast
1245 3931 1318 3992 by
1354 3930 1638 3980 Cornelius
1677 3932 1797 3980 iont
1895 3927 2096 3994 thirty·
2099 3930 2203 3980 ssve
2248 3931 2361 3980 line
2333 3948 2388 3980 es
2437 3932 2499 3980 of
2541 3932 2636 3982 the
2681 3938 2933 3996 Apologia,
2991 3948 3052 3983 88

644 3996 741 4046 the
773 3996 916 4045 form
948 3995 1010 4045 of
1036 4010 1070 4044 a
1101 3995 1350 4059 dialogus
1376 3997 1619 4047 between
1654 3997 1797 4046 111111-
1897 3997 2115 4074 printed
2171 3999 2232 4046 in
2284 3998 2410 4060 LB„
2458 4012 2547 4047 810
2598 4001 2660 4048 111
2706 3999 3055 4050 hexameters

646 4060 753 4110 sels
768 4062 877 4110 and
902 4061 1175 4111 Erasmus.
1241 4061 1303 4110 Fi
1306 4065 1388 4112 rst
1410 4063 1592 4126 publis
1567 4062 1700 4111 shed
1726 4063 1795 4125 by
1897 4063 2111 4111 instead
2155 4064 2214 4111 of
2242 4063 2441 4127 asclepi
2424 4062 2555 4126 18118,
2599 4064 2709 4113 81111
2747 4067 2974 4115 001118111
3019 4081 3054 4114 8

645 4128 793 4209 Snoy
825 4127 887 4175 111
924 4131 1149 4176 Herasm'
1181 4130 1474 4177 Rocemdanu
1513 4133 1651 4177 Silua
1688 4130 1800 4177 Car-
1891 4127 2214 4190 judgement
2245 4134 2345 4191 put
2376 4129 2449 4192 by
2482 4129 2766 4179 Cornelius
2796 4131 2917 4179 into
2953 4131 3053 4180 the

882 4193 1023 4242 with
1055 4193 1152 4242 the
1195 4193 1320 4242 title
1364 4194 1651 4257 ‘Apologia
1690 4194 1799 4243 He·
1896 4195 2089 4244 mouth
2113 4193 2173 4242 of
2189 4194 2269 4244 St.
2292 4194 2525 4258 30101110,
2546 4198 2604 4244 10
2626 4196 2723 4245 the
2744 4197 2902 4246 effect
2923 4197 3055 4247 that

645 4258 815 4307 1881111
837 4260 893 4307 01
922 4257 1160 4308 Cornelii
1177 4259 1289 4308 sub
1294 4258 1517 4322 dyalogo
1536 4259 1797 4308 lamenta·
1897 4260 1993 4308 the
2022 4259 2189 4321 study
2222 4260 2281 4307 of
2310 4259 2405 4309 the
2434 4260 2649 4309 01888108
2681 4263 2730 4309 18
2764 4263 3053 4311 allowable

646 4324 749 4373 bili
788 4327 1070 4387 assumpta
1106 4324 1368 4373 aduersus
1411 4326 1662 4375 barbaros
1701 4326 1798 4388 qui
1897 4325 2006 4374 and
2030 4325 2194 4388 right,
2213 4340 2367 4387 provi
2350 4325 2474 4373 ided
2494 4326 2615 4375 that
2638 4327 2820 4376 sacred
2838 4328 3054 4376 studies

644 4392 893 4440 veterum
932 4389 1301 4452 eloquentiam
1342 4395 1705 4440 contemnunt
1742 4395 1798 4440 et
1895 4405 1986 4440 are
2019 4394 2117 4439 not
2149 4391 2444 4453 neglected.
2511 4391 2625 4440 The
2660 4392 2802 4441 lines
2834 4407 2926 4442 are
2951 4399 3054 4444 not

646 4455 861 4504 doctam
876 4456 1083 4517 poesim
1101 4454 1390 4506 deridentd
1431 4456 1561 4505 Also
1578 4456 1798 4519 printed
1896 4457 1957 4504 in
1983 4456 2177 4517 Snoy’s
2199 4456 2428 4508 edition.

646 4522 707 4569 in
724 4521 828 4570 LB.
849 4521 966 4570 viii.
984 4521 1099 4583 567,
1116 4519 1256 4569 from
1274 4534 1308 4569 8
1325 4536 1424 4571 1118.
1440 4524 1548 4572 81111
1567 4522 1799 4584 perhaps
1960 4534 2040 4583 33.
2077 4521 2156 4569 De
2181 4519 2376 4584 Morte]
2413 4526 2609 4572 Cornelii
2631 4527 2850 4573 Gauda-u·
2881 4528 2938 4573 de
2960 4531 3053 4574 im-

647 4601 797 4636 more
828 4589 1035 4636 correct
1062 4600 1265 4636 source.
1336 4587 1413 4637 Of.
1442 4587 1535 4650 Ep.
1556 4602 1634 4637 22.
1659 4602 1720 4650 31
1738 4603 1792 4637 11.
1890 4591 2085 4646 prouisa
2108 4594 2250 4635 morte
2270 4593 2312 4635 ot
2332 4593 2568 4646 proposito
2595 4592 2804 4638 melioris
2833 4594 2955 4639 vitae
2986 4595 3055 4640 ad

712 4667 791 4701 aa.
855 4651 1008 4702 aliud
1066 4653 1230 4702 metri
1287 4653 1481 4718 genus]
1531 4653 1645 4702 The
1691 4654 1798 4702 last
1900 4656 2091 4715 Celsum,
2120 4652 2308 4701 Gouda
2333 4653 2444 4704 MS.
2474 4668 2614 4717 1323,
2638 4654 2673 4704 s.
2700 4669 2781 4716 33.
