3355 5380
688 368 804 430 εει
1385 362 1764 427 LETTERS
1818 363 1926 425 or
1980 360 2380 425 ERASMUS
2898 355 3096 442 [1503

683 521 912 584 Antony
947 520 1008 570 of
1033 520 1246 585 Bergan
1280 534 1352 570 on
1391 518 1487 570 the
1518 533 1666 568 same
1695 515 1924 580 subject,
1957 516 2092 568 both
2120 517 2287 567 letter
2324 516 2437 567 and
2474 515 2613 567 book
2645 519 2792 566 must
2827 518 2893 567 be
2927 517 3098 570 dated

690 589 835 651 1503.
903 586 1006 638 For
1029 585 1301 637 Erasmus'
1323 585 1577 650 previous
1598 585 1830 635 intereat
1852 583 1915 632 in
1937 583 2034 633 the
2055 582 2194 632 book
2215 582 2283 634 cl.
2310 582 2544 645 Ep.153.
2568 598 2604 644 9
2621 582 2705 648 n.]

740 733 1056 784 Euasuvs
1100 733 1485 809 canomcvs
1529 731 1816 781 onmms
1866 731 2116 780 SANO‘H
2164 729 2536 779 AVGVSTIM
2582 730 3054 781 ORNA‘rtssmo

773 846 943 896 VIRO
987 844 1340 896 uAGm'rBo
1393 843 1644 893 1A00130
1693 842 2321 892 MIDDELBVRGENSI
2376 841 2767 892 PONTIFICII
2814 843 3013 892 Ivms

1006 955 1540 1009 cousvmlssmo
1585 949 2108 1004 GAMEBACENSIS
2151 954 2462 1005 12:1218001’1
2504 953 2799 1004 vlcamo

1554 1066 1911 1117 GENERALI
1956 1067 2008 1115 S.
2054 1067 2115 1115 P.
2161 1067 2229 1115 1).

773 1210 1073 1271 Danaos
1123 1207 1411 1288 equidem
1455 1209 1537 1284 te,
1586 1226 1717 1268 non
1764 1205 1903 1269 dico
1972 1225 2204 1281 meum,
2266 1205 2374 1267 sed
2438 1203 2788 1282 cuiuspiam
2835 1202 3103 1264 omnino

631 1340 649 1348 Δ·
691 1307 1067 1386 suffragium
1125 1310 1442 1386 praeterea
1496 1304 1827 1385 mquirere,
1891 1324 2045 1382 qum
2106 1305 2362 1365 tantum
2418 1301 2649 1365 habeas
2710 1304 2851 1363 tum
2913 1302 3106 1364 susci·

689 1405 913 1486 piendi
948 1408 1090 1467 tum
1128 1403 1392 1466 aedendi
1420 1402 1623 1483 operis
1645 1400 1743 1463 tui
1769 1402 2117 1477 authorem,
2149 1420 2376 1481 nempe
2404 1399 2758 1462 Henricum
2784 1419 2825 1459 a
2850 1399 3100 1478 Bergis,

692 1505 1204 1568 cameracensem
1245 1501 1667 1580 Episcopum;
1708 1500 1819 1579 qui
1858 1498 2114 1578 quidem
2154 1499 2249 1560 vti
2285 1501 2348 1560 te
2384 1497 2509 1560 sibi
2543 1497 2867 1560 Vicarium
2902 1498 3104 1559 Gene-

639 1618 670 1670 5
691 1601 905 1678 ralem,
934 1600 1001 1663 id
1028 1602 1126 1663 est
1166 1620 1280 1679 per
1317 1599 1532 1662 omnia
1576 1598 1756 1664 velut
1793 1598 2067 1661 alterum
2106 1617 2191 1674 se,
2238 1595 2664 1672 constituerat,
2706 1596 2799 1657 ita
2838 1615 3106 1675 prorsus

692 1704 997 1779 tanquam
1033 1701 1308 1761 alterum
1349 1718 1417 1761 se
1456 1698 1802 1774 deamabat,
1834 1716 2037 1777 neque
2073 1716 2296 1759 rursus
2334 1696 2518 1757 aliter
2556 1715 2747 1776 quam
2783 1698 2851 1756 te
2890 1696 3105 1776 ipsum

651 1837 654 1840 ι
693 1797 1071 1876 Apologiam
1143 1796 1309 1858 hanc
1369 1799 1548 1857 tuam
1615 1794 2159 1875 complectebatur,
2230 1792 2541 1869 efferebat,
2601 1792 3101 1869 exosculabatur,

689 1895 927 1974 quippe
967 1892 1167 1955 veluti
1205 1892 1677 1972 primogenium*
1706 1893 2019 1972 quendam
2063 1892 2248 1953 istius
2294 1891 2537 1969 ingenii
2578 1891 2725 1969 (quo
2770 1894 3104 1970 tantopere

693 1990 1142 2068 delectabatur)
1180 1990 1437 2054 foetum.
1526 1990 1731 2069 Quam
1776 1994 1990 2052 autem
2028 1989 2098 2051 in
2144 1989 2415 2052 amando
2459 1991 2523 2050 te
2569 2008 2703 2051 non
2742 1988 3103 2068 fallebatur,

614 2109 674 2147 ιο
698 2095 832 2153 tam
876 2109 1006 2152 non
1047 2109 1282 2150 errasse
1315 2089 1385 2150 in
1428 2088 1746 2151 laudando
1783 2088 2002 2150 libello
2043 2091 2153 2150 tuo
2186 2091 2674 2150 consentaneum
2700 2091 2817 2152 eet.
2908 2089 3109 2166 Quan-

696 2207 888 2268 quam
929 2187 1259 2249 exoculant
1299 2186 1551 2266 quidem
1593 2206 1781 2250 suum
1829 2205 2109 2248 amorem
2142 2187 2378 2265 poetae,
2410 2185 2645 2248 mirum
2682 2185 2754 2246 ni
2788 2186 3109 2250 terrestris

694 2286 871 2350 illius
913 2285 1179 2349 Veneris
1225 2285 1472 2360 filium;
1511 2304 1663 2347 nam
1704 2286 1906 2349 altero
1934 2284 2065 2362 illo,
2095 2302 2282 2365 quem
2326 2283 2578 2346 caelesti
2602 2288 2806 2345 matre
2844 2305 3112 2364 progna-

697 2387 839 2446 tum
891 2382 1140 2460 scripsit
1178 2382 1380 2459 Plato,
1427 2381 1593 2445 nibil
1633 2383 1910 2462 profecto
1948 2381 2363 2464 perspicacius
2402 2381 2847 2462 oculatiusque.
2960 2384 3025 2447 N
3024 2404 3113 2447 on

698 2480 874 2543 enim
916 2479 1058 2543 ideo
1098 2499 1324 2560 parum
1369 2480 1761 2559 perspexisse
1806 2481 2123 2560 putandus
2162 2483 2261 2542 est
2297 2479 2659 2561 Episcopus,
2702 2480 2861 2560 quod
2901 2484 2967 2542 te
3010 2483 3111 2543 sic

613 2599 673 2652 ¹5
700 2579 884 2643 vnice
929 2580 1185 2656 amauit,
1234 2578 1390 2658 quin
1428 2579 1641 2657 potius
1670 2580 1753 2641 ob
1795 2579 1915 2644 hoc
1958 2579 2170 2659 ipsum
2213 2582 2347 2641 tam
2388 2579 2638 2642 amabat
2676 2579 2882 2653 effuse,
2932 2582 3111 2659 quod

702 2677 973 2758 Lynceis
1026 2676 1404 2757 quibusdam
1471 2679 1672 2742 oculis
1737 2681 1879 2742 tuas
1924 2678 2193 2744 virtutes
2248 2677 2643 2761 penitissime
2688 2682 3110 2758 perspexerat,

624 2820 630 2853 :
701 2777 821 2855 vir,
851 2780 926 2840 vt
951 2776 1093 2853 sois,
1126 2797 1272 2839 cum
1304 2776 1618 2856 reliquis
1599 2797 1669 2838 m
1711 2778 1899 2841 rebus
1935 2778 2121 2856 plane
2146 2777 2333 2857 (quod
2360 2778 2449 2840 ait
2477 2777 2761 2856 Flaccus)
2780 2781 3115 2841 emunctae

703 2875 892 2953 naris,
945 2878 1087 2938 tum
1136 2874 1206 2937 in
1241 2875 1638 2954 pensitandis
1691 2875 1967 2955 ingeniis
2016 2894 2434 2955 nequaquam,
2487 2879 2560 2938 vt
2627 2876 2811 2939 Greci
2867 2877 3109 2953 dicunt,

703 2973 878 3051 λευκὴ
904 2973 1151 3053 σταθμη,
1169 2974 1278 3036 sed
1306 2975 1566 3036 omnino
1591 2973 1797 3039 Λύδιος
1821 2974 2000 3039 λίθος.
2058 2974 2228 3054 Ergo
2256 2993 2409 3053 qum
2436 2976 2567 3035 tam
2585 2993 2844 3052 grauem
2861 2977 3117 3056 tamque

617 3094 680 3132 ιο
704 3072 957 3136 doctum
996 3070 1226 3134 habeas
1271 3074 1558 3136 autorem
1597 3074 1710 3154 qui
1755 3071 1875 3137 tibi
1913 3092 2080 3138 vnus
2121 3071 2226 3135 vel
2265 3092 2379 3154 pro
2420 3071 2643 3133 multis
2676 3073 2938 3135 milibus
2977 3094 3116 3137 esse

704 3170 945 3248 debeat,
1000 3173 1217 3232 tamen
1268 3173 1342 3232 vt
1387 3189 1454 3231 es
1514 3170 1869 3233 incredibili
1919 3170 2246 3245 modestia,
2305 3169 2481 3234 velut
2533 3170 2793 3250 Apelles
2852 3172 3111 3252 quidam

704 3288 938 3345 meum,
967 3266 1086 3329 hoc
1111 3271 1208 3329 est
1233 3266 1429 3347 vulgi,
1457 3288 1705 3348 quoque
1733 3268 2040 3331 iudicium
2075 3271 2306 3348 captas,
2364 3268 2600 3350 visque,
2632 3269 2798 3347 quod
2833 3270 2945 3332 ille
2982 3290 3114 3334 non

711 3364 967 3442 ferebat,
1014 3367 1294 3427 sutorem
1348 3369 1415 3427 et
1467 3367 1636 3431 vltra
1690 3367 2009 3446 crepidam
2068 3366 2336 3443 audere,
2318 3387 2335 3402 ·
2394 3365 2459 3428 id
2513 3386 2875 3446 quanquam
2926 3368 3115 3431 video

705 3463 869 3527 mihi
914 3462 1319 3526 vehementer
1370 3464 1679 3546 ineptum,
1734 3465 1804 3527 in
1851 3485 1918 3527 re
1959 3468 2113 3545 qum
2151 3465 2348 3527 ardua
2401 3466 2542 3525 tum
2584 3485 2623 3525 a
2678 3466 2839 3528 meis
2884 3466 3119 3530 studiis

620 3584 680 3638 ²5
707 3560 919 3623 aliena
977 3560 1156 3639 quasi
1209 3562 1563 3625 censoriam
1617 3562 1937 3641 virgulam
1983 3582 2243 3639 sumere,
2302 3565 2520 3624 tamen
2578 3566 2985 3643 posteaquam
3041 3568 3120 3627 tu

706 3658 797 3720 ita
857 3658 958 3722 vis
1015 3658 1116 3720 cui
1171 3658 1337 3721 nihil
1392 3680 1620 3740 negare
1665 3661 1764 3724 fas
1804 3664 1917 3737 est,
1955 3682 2069 3741 age
2109 3661 2287 3724 iuxta
2332 3660 2725 3723 Platonicam
2765 3663 3119 3740 paremiam

571 3841 583 3854 ³
706 3757 812 3835 τὴν
876 3760 1112 3835 λεοντῆν
1182 3757 1502 3838 ἐνδύσομαι,
1561 3778 1897 3839 meamque
1965 3759 2345 3822 sententiam
2397 3758 2585 3822 solita
2636 3759 2925 3823 libertate
2976 3782 3122 3841 pro-

712 3855 932 3931 feram,
974 3855 1085 3917 sed
1112 3875 1270 3937 quae
1309 3856 1476 3918 nibil
1500 3855 1596 3918 ab
1641 3856 1938 3937 Episcopi
1970 3856 2201 3919 iudicio
2244 3857 2565 3936 discrepet,
2602 3857 2729 3919 nisi
2776 3857 2944 3938 quod
2983 3859 3117 3938 ille,

714 3973 839 4034 quo
890 3953 1305 4035 perspiciebat
1358 3954 1581 4031 acrius,
1637 3955 1757 4018 hoc
1809 3954 2109 4018 laudabat
2175 3955 2542 4035 impensius.
2649 3954 2782 4019 Nos
2848 3958 3123 4039 quedam

618 4074 684 4127 3⁰
711 4072 909 4133 poene
933 4052 1427 4133 suggillabimus,
1472 4052 1581 4115 sed
1622 4072 1946 4134 perpauca,
1975 4057 2050 4117 vt
2074 4054 2180 4117 vel
2222 4053 2339 4116 hoc
2380 4057 2750 4132 argumento
2783 4075 3126 4136 cognoscas

710 4152 913 4214 cetera
939 4149 1124 4214 nobis
1150 4170 1524 4231 magnopere
1547 4150 1870 4230 placuisse.

775 4321 825 4370 3.
864 4306 1167 4358 Henricum
1189 4319 1223 4355 a
1244 4304 1433 4367 norgia
1455 4308 1572 4354 aad.
1600 4307 1661 4358 Ε.
1922 4307 1998 4356 ι6.
2032 4306 2264 4369 Lynceis
2283 4306 2666 4369 quibu-dama
2687 4307 2942 4373 .Lyncei
2963 4312 3027 4362 vt
3046 4312 3131 4363 ita

712 4371 978 4436 loquarF.
1186 4385 1260 4433 17·
1297 4373 1525 4420 οιιιιιΕ.
1557 4372 1753 4424 tum«.
1954 4387 2036 4436 93.
2071 4372 2371 4425 audereN:
2403 4372 2664 4427 audire«.

712 4534 1312 4651 mlhffliffltss
1336 4535 1512 4663 32:11?
1512 4534 1864 4652 fflbgoffi'i
1962 4543 2392 4669 Ἥκω]
2416 4608 2518 4655 sac.
2547 4619 2590 4653 1.
2618 4621 2668 4665 4.
2690 4604 2738 4653 e.

713 4664 892 4730 styled
934 4679 1008 4716 an
1050 4669 1368 4729 Αροῑοροκοοπ
1410 4672 1573 4718 ωηεν-α
1609 4672 1865 4719 Arduum
2033 4671 2115 4722 96.
2154 4669 2517 4735 Platonicam]
2541 4675 2665 4720 aut.
2685 4683 2781 4731 ⁴¹¹
2799 4684 2857 4722 Α.
