3355 5380
659 379 773 436 322
1349 374 1725 436 LETTERS
1781 374 1888 434 oF
1945 372 2344 435 ERAsMUS
2862 368 3059 453 [1500

653 535 853 593 tatem
882 530 1138 591 virtutis
1174 531 1497 610 splendore
1533 531 1905 592 obruamus:
1945 530 2012 590 id
2040 531 2205 608 quod
2244 549 2358 606 ego
2392 529 2635 606 superis
2668 529 2831 589 bene
2867 529 3063 589 fortu-

654 630 955 691 nantibus
979 630 1266 690 futurum
1293 629 1557 699 confide,
1588 628 1773 690 modo
1801 629 2145 690 triennium
2175 628 2389 689 viuere
2415 630 2615 690 detur.

739 729 861 790 Sed
904 728 1118 788 omnia
1159 747 1318 805 pene
1358 747 1498 788 mea
1536 728 1668 790 fata
1708 727 1779 789 in
1820 730 1883 789 te
1909 748 2035 789 vno
2077 727 2198 788 sita
2237 730 2404 788 sunt.
2494 726 2884 804 Quapropter
2924 724 3060 802 pari

565 834 630 884 60
655 827 865 889 studio
913 830 1210 888 conantes
1265 847 1379 887 nos
1431 826 1674 887 adiutes
1730 829 1989 904 oportet,
2035 826 2103 887 id
2156 825 2323 903 quod
2375 823 2667 903 plurimis
2721 824 2800 884 de
2855 822 3064 885 causis

656 929 971 1005 praestare
1014 925 1234 987 debes:
1296 929 1435 987 tum
1476 924 1625 1003 quia
1667 924 1990 986 felicitatis
2029 927 2275 986 nostrae
2318 923 2429 985 abs
2476 925 2542 984 te
2583 922 2863 1000 profecta
2909 925 3062 982 sunt

655 1024 963 1101 auspicia;
1006 1027 1147 1084 tum
1175 1024 1341 1102 quod
1380 1027 1514 1084 tam
1555 1026 1726 1084 arcta
1760 1023 2151 1088 necessitudo
2188 1042 2305 1083 nos
2338 1022 2467 1082 iam
2500 1021 2654 1082 olim
2690 1020 2961 1098 copulat,
2992 1024 3063 1080 vt

656 1122 1003 1202 copulatior
1022 1122 1188 1183 inter
1211 1122 1368 1183 duos
1394 1121 1692 1183 mortales
1711 1141 1845 1183 esse
1865 1141 1996 1182 non
2022 1120 2218 1200 possit
2239 1143 2256 1195 ;
2296 1124 2437 1182 tum
2457 1121 2624 1198 quod
2652 1118 2750 1180 tui
2778 1117 3063 1180 nominis

656 1220 1203 1281 immortalitatem
1240 1240 1386 1280 cum
1422 1219 1795 1282 aeternitate
1831 1220 2212 1298 scriptorum
2245 1238 2530 1279 meorum
2557 1217 2730 1278 vides
2759 1236 2897 1278 esse
2924 1235 3064 1277 con·

567 1327 628 1390 65
655 1319 955 1393 iunctam,
973 1323 1045 1380 vt
1064 1318 1377 1396 siquidem
1398 1339 1512 1379 nos
1532 1318 1787 1397 ingenio
1808 1318 2003 1379 libros
2023 1321 2271 1380 nostros
2291 1317 2369 1378 ab
2385 1316 2647 1377 interitu
2667 1314 3063 1393 potuerimus

655 1438 945 1493 asserere,
977 1417 1072 1476 tui
1100 1437 1346 1495 quoque
1381 1417 1670 1478 candoris
1707 1416 2011 1478 memoria
2037 1435 2365 1493 nunquam
2390 1416 2477 1480 sit
2504 1414 2854 1476 interitura.
2944 1412 3065 1474 Eia

656 1535 783 1592 age,
830 1517 923 1576 mi
964 1515 1413 1576 iucundissime
1456 1516 1656 1589 Batte,
1703 1519 1921 1593 pectus
1966 1514 2138 1577 istud
2184 1518 2372 1575 tuum
2420 1513 2671 1575 candori
2717 1516 2781 1574 et
2822 1511 3063 1574 Gratiis

654 1617 1082 1674 consecratum
1108 1614 1323 1686 excita,
1356 1632 1575 1674 omnes
1602 1613 2080 1675 beneuolentiae
2107 1633 2301 1674 venas
2334 1616 2567 1685 excute,
2599 1616 2671 1673 vt
2698 1612 2755 1672 si
2781 1629 3063 1688 vnquam

655 1711 732 1772 de
777 1712 1042 1772 Erasmo
1090 1715 1198 1772 tuo
1244 1712 1521 1773 iuuando
1563 1712 1763 1773 amice
1807 1711 2113 1790 cogitasti,
2166 1712 2229 1772 id
2271 1712 2437 1788 quod
2485 1729 2815 1788 nunquam
2861 1711 3063 1773 facere

569 1830 630 1881 70
657 1809 973 1884 destitisti,
1009 1831 1179 1870 nunc
1206 1812 1339 1871 toto
1367 1810 1580 1872 animo
1607 1810 1955 1873 incumbas.
2966 1817 2969 1822 ’

738 1909 856 1968 Sed
887 1928 967 1968 ne
995 1928 1109 1985 ego
1132 1912 1381 1970 nostrae
1403 1909 1855 1971 necessitudini
1882 1928 2139 1987 grauem
2160 1908 2533 1970 iamdudum
2552 1908 2711 1968 facio
2737 1906 3059 1980 iniuriam,

657 2007 766 2083 qui
794 2006 1048 2084 quidem
1086 2010 1150 2067 te
1187 2026 1403 2084 rogem
1421 2010 1576 2069 tam
1610 2008 1963 2087 diligenter,
1997 2027 2187 2084 quem
2218 2007 2319 2067 vel
2359 2006 2684 2067 admoneri
2721 2005 2870 2085 plus
2909 2004 3063 2065 satis

657 2105 864 2164 fuerat
904 2104 1206 2165 futurum.
1295 2106 1437 2166 Non
1479 2106 1668 2167 orabo
1712 2106 1911 2184 igitur
1950 2111 2022 2168 vt
2063 2126 2166 2166 me
2213 2124 2423 2179 ames3
2484 2125 2616 2165 non
2664 2103 2841 2164 enim
2887 2106 3063 2181 potoe

656 2201 1016 2263 ardentius:
1056 2223 1187 2264 non
1224 2207 1295 2264 vt
1331 2204 1603 2265 fortunis
1639 2204 1800 2266 meis
1839 2205 2064 2280 faueas,
2100 2224 2253 2283 quas
2288 2203 2421 2264 tuis
2455 2203 2657 2281 ipsius
2695 2202 3066 2280 anteponis:

569 2321 627 2375 75
656 2319 787 2361 non
835 2303 906 2360 vt
955 2300 1026 2362 in
1074 2302 1370 2363 curandis
1411 2303 1600 2364 rebus
1643 2302 1805 2364 meis
1853 2303 2043 2364 fidem
2085 2302 2496 2379 studiumque
2539 2305 2725 2362 tuum
2767 2304 3060 2378 praestes.

659 2399 891 2475 quibus
931 2400 1244 2478 meipsum
1271 2420 1518 2479 quoque
1545 2401 1783 2463 vincis:
1830 2401 1940 2462 sed
1966 2400 2135 2479 quod
2174 2404 2272 2462 est
2307 2399 2601 2461 omnium
2641 2398 3061 2472 leuissimum,

656 2498 720 2557 id
750 2517 950 2557 vnum
977 2501 1049 2559 vt
1074 2517 1322 2559 exorem
1350 2500 1674 2579 permagni
1707 2501 1911 2574 refert,
1944 2520 2025 2560 ne
2052 2519 2209 2578 quae
2234 2520 2271 2560 a
2297 2499 2483 2560 nobis
2511 2498 2745 2560 nostris
2772 2498 2850 2557 de
2878 2494 3064 2557 rebus

657 2595 735 2656 ad
784 2599 850 2656 te
897 2597 1388 2675 perscribuntur,
1432 2598 1831 2676 logodaedala
1876 2597 2087 2659 credas
2133 2618 2266 2659 esse
2311 2601 2377 2659 et
2424 2601 2560 2658 arte
2612 2596 2895 2669 conficta,
2940 2614 3064 2673 quo

658 2695 892 2756 nostris
918 2697 1265 2758 commodis
1291 2697 1727 2761 inseruiamus.
1816 2698 1995 2773 Quod
2032 2697 2089 2758 si
2116 2697 2365 2775 quando
2394 2717 2505 2775 per
2530 2695 2739 2757 ocium
2769 2698 2883 2755 aut
2911 2692 3065 2754 iocis

564 2799 627 2848 80
656 2793 927 2856 lusimus
966 2797 1077 2857 aut
1112 2816 1224 2874 pro
1262 2816 1328 2856 re
1363 2799 1513 2857 nata
1539 2796 1692 2874 quid
1733 2796 2265 2871 adumbrauimus,
2299 2795 2537 2856 habent
2574 2794 2700 2871 illa,
2732 2792 2828 2853 mi
2853 2793 3059 2866 Batte,

659 2911 846 2952 suum
874 2896 1143 2972 tempus.
1231 2895 1415 2955 Nunc
1452 2894 1541 2955 ita
1575 2914 1673 2955 res
1706 2894 1944 2975 habent
1972 2899 2042 2955 vt
2069 2894 2307 2956 salibus
2334 2892 2659 2970 indulgere
2692 2891 3064 2969 neutiquam

656 2995 851 3067 vacet,
877 2995 942 3052 et
968 2991 1129 3052 nihil
1159 2991 1245 3054 sit
1272 3012 1491 3054 causae
1519 3013 1632 3053 cur
1652 2992 1976 3070 quippiam
2005 2992 2292 3053 mentiar.
2367 2991 2471 3053 Ita
2488 2991 2689 3052 velint
2715 2990 2928 3067 superi
2950 3008 3068 3050 nos

657 3091 875 3152 ambos
909 3094 1132 3151 mutua
1167 3092 1467 3152 charitate
1504 3091 1768 3152 feliciter
1807 3110 2260 3165 consenescere,
2294 3094 2360 3151 et
2397 3091 2562 3169 apud
2602 3094 2884 3168 posteros
2921 3109 3067 3167 quo-

661 3210 780 3266 que
809 3189 1042 3250 amoris
1070 3189 1269 3250 nostri
1294 3190 1719 3268 syncel-issimi
1746 3189 2114 3249 memoriam
2137 3209 2325 3266 quam
2354 3189 2704 3249 diutissime
2731 3188 2966 3261 viuere,
2997 3190 3070 3247 vt

566 3292 627 3354 85
659 3286 911 3347 nullum
938 3307 1052 3365 ego
1077 3287 1316 3364 apicem
1352 3287 1455 3348 his
1492 3288 1728 3348 inserui
1762 3286 1975 3360 literis,
2007 3288 2119 3365 qui
2154 3307 2301 3348 cum
2329 3287 2446 3348 hoc
2472 3290 2719 3365 pectore
2745 3286 3064 3347 dissideat.

658 3385 821 3459 Quid
848 3385 1019 3443 enim
1045 3390 1142 3446 est
1170 3386 1334 3463 quod
1363 3391 1590 3460 tecum,
1624 3386 1688 3446 id
1713 3389 1813 3446 est
1843 3405 1986 3445 meo
2014 3405 2159 3447 cum
2186 3387 2412 3461 animo,
2444 3384 2907 3445 communicare
2936 3404 3069 3445 non

657 3486 767 3543 aut
807 3485 945 3542 tuto
985 3484 1216 3559 possim
1261 3487 1373 3545 aut
1412 3484 1605 3544 libere
1645 3483 1956 3546 debeam?
2038 3484 2315 3544 Proinde
2354 3487 2419 3544 te
2460 3503 2583 3557 oro,
2616 3483 2709 3543 mi
2749 3482 2956 3556 Batte,
2988 3502 3068 3542 ne

657 3580 807 3657 quid
838 3580 1065 3640 horum
1093 3600 1249 3657 quae
1286 3580 1507 3658 scribo,
1539 3602 1654 3660 pro
1691 3582 1833 3642 fuco
1873 3582 2149 3660 accipias,
2180 3602 2328 3643 cum
2363 3602 2401 3644 a
2434 3600 2538 3642 me
2566 3581 2821 3659 quidem
2864 3582 3070 3658 magis

657 3677 850 3737 etiam
883 3678 1045 3738 serio
1079 3679 1373 3740 dicantur
1400 3700 1588 3757 quam
1617 3681 1854 3742 vteruis
1891 3684 2184 3741 nostrum
2209 3681 2405 3755 velit:
2462 3700 2543 3740 ne
2578 3679 2763 3757 plane
2802 3678 3069 3756 planum

563 3794 629 3847 90
657 3774 842 3834 illum
883 3774 1145 3835 referam
1184 3777 1622 3856 Horatianum,
1654 3781 1721 3839 et
1761 3798 1939 3838 crure
1967 3798 2111 3839 vere
2152 3779 2345 3841 fracto
2386 3778 2591 3839 ridear
2627 3778 2707 3839 ab
2747 3778 3065 3849 omnibus,

658 3872 949 3933 subleuer
994 3894 1030 3933 a
1081 3875 1370 3949 nemine;
1434 3876 1596 3954 quod
1646 3895 1847 3936 vnum
1901 3876 1957 3936 si
2010 3877 2364 3955 persuadeO,
2416 3880 2655 3937 caetera
2710 3876 2829 3936 tibi
2883 3894 3069 3937 curae

658 3970 788 4030 fore
830 3971 972 4031 scio.

742 4069 1015 4129 Domina
1055 4070 1110 4129 si
1138 4071 1288 4147 quid
1326 4072 1518 4146 misit,
1550 4071 1613 4131 id
1646 4071 1838 4132 velim
1874 4076 2038 4134 certo
2070 4072 2392 4134 tabellioni
2420 4076 2530 4134 aut
2556 4071 2879 4133 Ludouico
2906 4091 3070 4132 com·

660 4167 875 4226 mittas
916 4186 1040 4228 vna
1079 4188 1224 4228 cum
1266 4169 1631 4257 Britannica
1671 4171 2036 4248 pecuniola;
2077 4175 2189 4232 aut
2227 4171 2379 4232 huic
2421 4171 2703 4248 denique,
2746 4171 2800 4231 si
2843 4171 3070 4231 certior

565 4284 626 4334 95
659 4284 789 4325 non
833 4271 1130 4342 occurret,
1159 4271 1322 4328 recte
1364 4269 1676 4329 committi
1716 4269 2022 4331 arbitror:
2066 4269 2254 4331 habet
2285 4269 2576 4330 Aureliae
2619 4289 2878 4329 vxorem
2921 4288 3067 4330 cum

660 4364 889 4439 liberis,
916 4368 980 4424 et
1001 4364 1417 4455 complurium
1445 4366 1658 4427 literas
1685 4367 1931 4445 perfert.
2005 4368 2182 4443 Quod
2213 4369 2265 4428 si
2293 4368 2392 4428 vel
2422 4387 2459 4428 a
2480 4368 2753 4428 Domina
2780 4368 2947 4428 nihil
2975 4369 3071 4428 est

922 4552 1001 4598 72.
1034 4536 1123 4586 vel
1145 4554 1236 4589 om.
1261 4542 1323 4590 N.
1523 4554 1604 4601 74.
1637 4554 1749 4590 non
1773 4543 1888 4589 add.
1911 4544 1977 4590 H.
2184 4541 2262 4603 78.
2296 4541 2731 4604 praescribuntur
2752 4543 2808 4590 P.

677 4648 806 4655 a-——-—
831 4652 838 4653 s
867 4651 992 4655 -ῂ,

1341 4705 1423 4752 90.
1461 4688 1852 4753 Horatianum]
1889 4694 1978 4748 Ep.
2011 4704 2054 4739 1.
2085 4705 2156 4750 17.
2180 4690 2246 4751 58
2263 4705 2355 4750 seq.
