3355 5380
655 418 776 477 446
1360 412 1742 475 LETTERS
1796 412 1903 474 oF
1956 410 2357 474 ERASMUS
2870 407 3066 491 [1598

654 567 855 636 nobis*
880 572 1170 652 quicquid
1211 571 1373 632 forte
1414 570 1897 649 contigissemus
1945 569 2236 648 protinus
2275 568 2345 629 in
2386 567 2678 647 adagium
2721 569 2885 629 verti
2925 567 3072 630 iure

563 681 632 731 60
657 673 799 752 quis
840 670 1210 734 calumniari
1251 672 1479 747 posset.
1568 670 1805 730 Graeca
1845 687 1999 747 quae
2041 667 2320 742 citamus,
2352 667 2571 729 omnia
2611 667 2806 728 ferme
2833 667 3063 728 Latine

655 769 1059 844 reddidimus,
1111 768 1281 829 haud
1337 766 1529 828 nescii
1586 786 1732 827 cum
1785 769 2037 844 praeter
2087 768 2376 827 veterum
2429 765 2943 827 consuetudinem
2991 765 3063 826 id

652 886 807 943 esse,
839 871 980 928 tum
1005 867 1084 928 ad
1122 865 1426 927 orationis
1463 865 1736 925 nitorem
1772 863 2019 925 inutile.
2106 863 2232 925 Sed
2267 863 2469 924 nostri
2505 861 2809 941 temporis
2844 862 3065 925 habui·

654 986 800 1028 mus
845 966 1175 1027 rationem.
1263 966 1476 1042 Atque
1519 962 1768 1024 vtinam
1817 962 2227 1024 Graecanicae
2280 962 2636 1023 literaturae
2687 962 2915 1039 peritia
2968 963 3059 1021 sic

651 1064 882 1144 vbique
920 1067 1313 1142 propagetur,
1343 1065 1415 1122 vt
1450 1061 1508 1121 is
1547 1061 1726 1122 labor
1751 1079 1931 1123 meus
1966 1064 2266 1139 tanquam
2301 1079 2801 1138 superuacaneus
2832 1060 3067 1121 merito

564 1174 627 1237 65
655 1167 1107 1226 contemnatur.
1193 1162 1315 1222 Sed
1352 1160 1562 1220 nescio
1604 1178 1727 1237 quo
1766 1161 1948 1237 pacto
1985 1178 2209 1220 sumus
2243 1160 2322 1220 ad
2363 1178 2498 1218 rem
2534 1160 2667 1218 tam
2694 1157 3057 1235 frugiferam

652 1262 1124 1335 cunctantiores,
1186 1262 1248 1320 et
1288 1258 1577 1336 quamuis
1617 1257 1992 1318 eruditionis
2036 1258 2328 1318 vmbram
2383 1255 2570 1318 citius
2621 1256 3072 1332 amplectimur

653 1378 846 1439 quam
871 1358 938 1419 id
966 1358 1103 1419 sine
1130 1378 1255 1435 quo
1283 1356 1457 1416 nulla
1496 1358 1742 1416 constat
1777 1354 2066 1430 eruditio,
2100 1359 2165 1415 et
2200 1376 2238 1415 a
2273 1374 2395 1432 quo
2423 1374 2550 1415 vno
2586 1354 3063 1431 disciplinarum

654 1457 941 1520 omnium
968 1456 1310 1535 synceritas
1336 1455 1584 1533 pendet.

736 1557 1122 1630 Carminum,
1173 1573 1440 1632 quorum
1485 1553 1587 1613 hic
1636 1551 1889 1613 infinita
1934 1552 2034 1614 vis
2087 1551 2329 1625 incidit,
2376 1570 2492 1612 suo
2541 1550 2827 1629 quodque
2869 1554 3061 1613 metri

569 1674 632 1727 70
653 1673 880 1733 genere
923 1651 1325 1727 reddidimus,
1378 1651 1667 1729 pauculis
1712 1651 2053 1712 admodum
2100 1650 2388 1727 exceptis,
2438 1669 2664 1726 nempe
2706 1650 3065 1711 Pindaricis

652 1752 894 1832 aliquot
921 1750 1320 1828 choricisque,
1353 1750 1517 1827 quod
1552 1748 1857 1810 ridiculae
1884 1749 2212 1810 cuiusdam
2245 1748 2582 1809 anxietatis
2604 1747 2899 1809 videbam
2926 1748 3059 1808 fore

654 1850 712 1911 si
750 1851 1017 1912 totidem
1059 1848 1324 1925 syllabis
1361 1867 1436 1908 ea
1486 1846 1917 1921 reddidissem,
1966 1867 2183 1908 rursus
2231 1846 2521 1924 ineptum
2565 1846 2620 1906 si
2663 1844 2981 1907 diuersum
3023 1866 3068 1906 e·

654 1949 941 2026 proxima
968 1948 1124 2008 serie
1153 1965 1348 2024 genus
1376 1945 1715 2007 voluissem
1743 1964 2010 2006 assuere.
2100 1945 2183 2004 In
2212 1944 2472 2021 reliquis
2508 1947 2737 2017 autem,
2772 1945 2942 2022 quod
2977 1945 3059 2005 ad.

655 2048 841 2108 metri
867 2047 1070 2123 legem
1107 2044 1351 2118 attinet,
1383 2043 1583 2105 rarius
1617 2044 1874 2121 quidem
1904 2044 2015 2104 sed
2052 2046 2270 2104 tamen
2302 2041 2633 2120 aliquoties
2669 2042 2856 2103 nobis
2888 2042 3061 2104 idem

568 2166 596 2219 7
601 2170 628 2218 5
653 2141 1056 2222 permisimus
1095 2142 1258 2219 quod
1300 2140 1420 2202 sibi
1458 2141 1882 2219 permiserunt
1921 2144 2168 2202 autores
2204 2161 2242 2202 a
2282 2140 2511 2218 quibus
2546 2160 2620 2202 ea
2653 2145 3065 2216 mutuamur;

655 2240 832 2300 velut
860 2241 928 2300 in
956 2239 1458 2317 Aristophanicis
1490 2239 1801 2301 trimetris
1835 2242 2243 2317 anapaestum
2280 2239 2350 2299 in
2388 2240 2560 2317 paris
2600 2241 2849 2301 numeri
2886 2242 3061 2315 locis,

655 2337 724 2397 in
754 2336 1110 2398 Homericis
1135 2338 1517 2399 hexametris
1541 2339 1816 2416 μείουρον,
1849 2356 1919 2398 ac
1946 2338 2222 2415 syllabae
2248 2337 2462 2398 finalis
2488 2338 2725 2399 ectasin
2750 2339 2819 2399 in
2855 2338 3062 2416 prima

655 2435 986 2497 cuiuslibet
1020 2435 1197 2513 pedis
1224 2435 1367 2512 arsi,
1399 2438 1464 2495 et
1502 2436 1677 2513 siqua
1716 2438 1867 2497 sunt
1902 2435 2283 2496 huiusmodi.
2370 2436 2550 2512 Quod
2585 2437 2725 2497 ideo
2762 2437 3061 2498 duximus

655 2535 1143 2609 admonendum,
1204 2533 1427 2612 nequis
1480 2537 1717 2595 temere
1773 2538 2076 2612 tanquam
2133 2533 2384 2595 inscitia
2430 2534 2670 2595 factum
2719 2535 3067 2595 calumnia·

567 2649 632 2701 80
657 2635 848 2696 retur.

738 2732 871 2794 Nos
917 2752 1068 2793 sane
1114 2732 1318 2810 quoad
1364 2731 1548 2792 licuit
1591 2732 1659 2792 in
1711 2734 1845 2792 tam
1893 2731 2145 2792 infinita
2188 2751 2401 2792 rerum
2446 2732 2646 2807 turba,
2695 2732 3061 2810 praesertim

655 2832 1075 2910 antiquarum,
1113 2830 1340 2892 deinde
1379 2831 1450 2890 in
1492 2833 1673 2891 tanta
1713 2830 2001 2890 codicum
2042 2849 2187 2890 cum
2228 2830 2441 2907 inopia
2482 2832 2622 2890 tum
2664 2849 2810 2891 vero
2850 2831 3061 2908 depra-

655 2929 924 3006 uatione,
953 2931 1223 3007 denique
1250 2932 1384 2989 tam
1410 2931 1675 3006 angusto
1702 2927 2004 3005 temporis
2028 2928 2242 3006 spatio,
2265 2927 2431 3006 quod
2461 2928 2590 2988 otio
2617 2931 2833 2990 nostro
2859 2928 3071 3007 magis

659 3048 849 3105 quam
899 3027 1102 3105 operis
1151 3027 1390 3088 ratione
1436 3026 1650 3088 metiri
1704 3025 1829 3086 fuit
1876 3045 2142 3102 necesse,
2195 3027 2413 3086 sedulo
2463 3026 2752 3087 dedimus
2808 3047 3061 3106 operam

568 3142 629 3203 85
659 3125 889 3204 nequid
947 3127 1025 3187 ab
1080 3146 1276 3204 aequo
1324 3127 1556 3186 lectore
1603 3124 2092 3203 desyderaretur.
2180 3125 2445 3185 Restant
2495 3128 2710 3185 tamen
2757 3125 3063 3187 nonnulla

661 3243 820 3301 quae
854 3244 967 3286 nec
1004 3225 1166 3284 mihi
1203 3224 1447 3284 faciunt
1484 3223 1656 3284 satis.
1747 3223 1841 3283 De
1875 3222 2102 3300 quibus
2139 3222 2346 3300 siquid
2385 3222 2643 3300 posthac
2681 3225 3066 3301 compertius

659 3323 765 3382 vel
791 3323 1097 3400 posterior
1123 3322 1436 3400 cogitatio,
1461 3341 1616 3400 quae
1645 3321 1821 3382 iuxta
1846 3321 2250 3397 prouerbium
2283 3321 2507 3381 melior
2543 3341 2677 3381 esse
2712 3322 3066 3394 consueuit,

659 3418 764 3480 vel
819 3419 1065 3481 vberior
1119 3419 1423 3481 librorum
1477 3419 1651 3497 copia
1705 3419 2147 3497 suppeditabit,
2209 3419 2376 3480 haud
2430 3437 2739 3497 quaquam
2799 3420 3060 3497 pudebit

656 3518 1006 3598 παλινῳδεῖν,
1042 3519 1230 3596 idque
1257 3522 1542 3579 veterum
1578 3517 1881 3595 exemplo·
1979 3516 2060 3576 In
2089 3537 2215 3594 quo
2241 3517 2442 3594 siquis
2465 3516 2630 3576 alius
2655 3517 3063 3578 anteuerterit

566 3643 634 3695 90
667 3619 1004 3695 nostraque
1045 3616 1378 3695 castigarit,
1426 3615 1574 3677 huic
1624 3615 1895 3675 multam
1942 3615 2136 3675 etiam
2183 3617 2454 3693 gratiam
2493 3614 2773 3675 habituri
2818 3633 3055 3691 sumus,

668 3718 925 3775 tantum
952 3714 1153 3774 aberit
1180 3719 1251 3775 vt
1280 3714 1464 3776 nobis
1490 3714 1791 3774 iniuriam
1825 3733 1962 3774 esse
2001 3713 2230 3774 factam
2268 3713 2662 3775 arbitremur.
2748 3715 3061 3792 Equidem

670 3814 742 3873 vt
768 3813 960 3889 probo
991 3812 1383 3891 diligentiam
1413 3833 1633 3875 eorum
1669 3814 1778 3891 qui
1807 3811 1872 3873 id
1902 3815 2224 3886 conantur,
2256 3814 2346 3873 ita
2372 3812 2735 3875 felicitatem
2771 3815 3067 3887 admiror„

667 3901 781 3991 qui
817 3916 1129 3989 praestare
1166 3933 1412 3990 quoque
1452 3913 1695 3992 possint
1735 3912 1804 3971 in
1848 3911 2100 3989 scriptis
2138 3914 2287 3986 suis,
2318 3913 2547 3992 nequid
2589 3914 2801 3974 Momo
2840 3912 3064 3990 reliqui

658 4013 771 4073 fiat
815 4011 978 4089 quod
1021 4014 1207 4090 queat
1251 4030 1514 4089 carpere.
1602 4010 1830 4071 Nostra
1871 4014 2034 4072 certe
2077 4010 2473 4071 mediocritas
2513 4031 2639 4071 non
2681 4011 2852 4071 istud
2893 4011 3062 4073 ausit

565 4136 628 4186 95
661 4109 966 4187 polliceri,
1001 4110 1362 4187 praesertim
1397 4111 1469 4169 in
1510 4108 1628 4170 hoc
1669 4111 2025 4188 argumenti
2063 4129 2302 4188 genere.
2385 4109 2626 4171 Verum
2660 4107 2865 4185 siquid
2897 4108 3069 4170 inco-

654 4208 910 4288 gnitum
932 4208 1122 4285 vulgo
1150 4209 1475 4286 potuimus
1496 4227 1732 4282 eruere,
1759 4208 2110 4271 cuiusmodi
2129 4227 2258 4269 non
2278 4226 2503 4285 parum
2521 4206 2720 4266 multa
2738 4205 2833 4282 (ni
2850 4206 3064 4285 fallor)

658 4308 728 4368 in
764 4308 885 4368 hoc
920 4306 1247 4368 volumine
1284 4305 1569 4384 reperies,
1604 4305 1874 4367 libenter
1915 4308 2186 4385 citraque
2221 4304 2583 4367 iactantiam
2619 4304 3022 4382 impertimus
3044 4329 3069 4379 ;

657 4409 875 4467 contra
918 4404 1123 4483 siquid
1168 4403 1409 4477 fefellit,
1459 4423 1590 4463 non
1633 4403 1849 4464 minus
1888 4403 2159 4465 libenter
2200 4401 2522 4464 admoneri
2565 4421 2681 4463 nos
2722 4403 3054 4479 patiemur,

655 4504 834 4565 iuxta
875 4503 1074 4581 parati
1120 4501 1224 4563 vel
1276 4502 1537 4562 candide
1585 4502 1800 4561 docere
1844 4502 2010 4581 quod
2063 4503 2299 4564 scimus
2341 4500 2444 4562 vel
2501 4499 2771 4579 ingenue
2826 4502 3063 4563 discere

536 4627 629 4664 100
655 4604 820 4681 quod
851 4601 1232 4680 ignoramus.
1321 4598 1537 4678 Neque
1565 4599 1739 4660 enim
1764 4620 2042 4678 vnquam
2081 4600 2243 4661 mihi
2285 4599 2519 4678 placuit
2558 4601 2824 4661 istorum
2862 4619 3067 4660 exem-

654 4700 834 4778 plum
882 4700 992 4778 qui
1039 4719 1154 4777 pro
1195 4698 1415 4761 vocula
1459 4697 1705 4775 siquam
1750 4697 2125 4776 inuenerint,
2179 4699 2441 4777 perinde
2483 4698 2663 4777 quasi
2708 4696 3064 4774 Babylonas
