3355 5380
658 394 735 450 88
1356 388 1732 449 LETTERS
1786 388 1892 449 OF
1948 387 2343 450 ERASMUS
2865 383 3060 468 [¹488

655 547 858 608 vllum
910 546 1220 607 amicitiae
1267 546 1541 607 officium
1595 565 1730 606 esse
1787 549 1938 623 puto
1994 565 2182 622 quam
2236 545 2352 605 hac
2407 541 2717 604 scribendi
2772 543 2939 603 inter
2992 564 3066 605 se

640 645 1089 735 ⁵vicissitudine
1124 644 1234 705 vti.
1323 643 1499 719 Quod
1538 643 1766 721 itaque,
1803 644 1895 704 mi
1927 644 2249 704 Francisce
2283 642 2662 716 charissime,
2694 641 3068 719 diligentius

598 764 626 813 5
657 743 976 804 contuenti
1001 742 1163 803 mihi
1202 742 1516 803 subtristis
1552 742 1681 804 iam
1709 742 1947 803 dudum
1976 742 2150 802 frons
2192 744 2300 802 tua
2338 744 2604 819 apparet,
2651 740 2861 801 nescio
2903 741 3065 819 quid

655 844 809 904 mali
863 842 1196 922 portendit.
1304 840 1474 903 Solet
1529 840 1701 901 enim
1754 839 2122 918 plerumque
2166 840 2455 900 internus
2507 838 2707 899 animi
2759 838 2939 899 dolor
2991 839 3065 898 in

655 941 909 1002 vultum
970 959 1308 1016 erumpere,
1363 939 1714 1016 mentisque
1761 938 2014 999 habitus
2067 939 2138 997 in
2191 938 2395 998 fronte
2451 957 2583 997 non
2634 936 2816 997 aliter
2868 956 3064 1015 quam

657 1040 725 1099 in
781 1038 1031 1116 speculo
1089 1037 1377 1098 relucere.
1485 1036 1783 1114 Intelligo
1838 1036 2046 1113 itaque
2110 1055 2240 1096 non
2296 1035 2555 1096 obscure
2610 1034 2782 1113 (quid
2840 1034 2903 1094 id
2973 1034 3067 1096 sit

657 1137 955 1213 incertus)
997 1139 1162 1197 certe
1202 1135 1436 1213 aliquid
1479 1154 1615 1195 esse
1661 1134 1826 1213 quod
1867 1135 1981 1195 tibi
2022 1134 2242 1210 doleat,
2277 1134 2439 1212 quod
2467 1136 2530 1193 te
2567 1133 2892 1194 excruciet.
2975 1132 3068 1193 Et

572 1254 633 1290 10
657 1236 928 1311 hercule,
963 1236 1055 1295 mi
1096 1234 1438 1309 Francisce‚
1478 1232 1690 1310 (fidem
1731 1233 1891 1293 habe
1933 1233 2113 1310 mihi)
2153 1233 2323 1294 dolet
2363 1235 2429 1292 et
2468 1232 2631 1291 mihi
2673 1231 2848 1291 dolor
2886 1234 3057 1307 tuus,

660 1355 774 1396 nec
800 1334 970 1395 vllus
1007 1333 1170 1393 mihi
1210 1332 1418 1408 potest
1448 1350 1578 1391 esse
1611 1331 1883 1392 laetitiae
1915 1331 2105 1406 locus,
2139 1330 2248 1391 vbi
2281 1333 2345 1391 te
2386 1349 2664 1390 moerore
2704 1329 3067 1390 confectum

656 1434 899 1513 aspicio.
991 1431 1151 1507 Quid
1196 1432 1409 1490 autem
1455 1428 1538 1489 sit
1583 1428 1749 1506 quod
1797 1433 1861 1490 te
1909 1429 2072 1489 male
2117 1428 2317 1502 habet,
2369 1432 2441 1490 vt
2487 1428 2647 1488 mihi
2693 1427 2944 1503 indices,
2995 1431 3065 1488 te

659 1533 848 1594 etiam
891 1534 1078 1608 atque
1125 1529 1316 1589 etiam
1360 1547 1522 1605 rogo.
1614 1529 1683 1589 Si
1726 1527 1875 1604 quid
1908 1547 2048 1588 mea
2089 1528 2318 1604 poterit
2356 1547 2553 1604 opera,
2597 1529 2661 1587 te
2696 1529 2804 1587 aut
2840 1547 2908 1587 re
2950 1529 3069 1587 aut

658 1634 820 1692 certe
856 1627 1114 1690 consilio
1153 1628 1385 1687 iuuere.
1475 1625 1654 1702 Quod
1694 1625 1750 1685 si
1786 1646 1822 1686 a
1861 1645 1962 1685 me
1999 1625 2227 1686 doloris
2255 1624 2349 1685 tui
2379 1628 2513 1685 orta
2548 1627 2643 1685 est
2671 1644 2865 1699 causa,
2901 1624 3066 1685 dabo

572 1749 630 1799 ¹5
658 1747 907 1806 operam
960 1730 1033 1787 vt
1086 1745 1197 1802 per
1257 1745 1362 1784 me
1416 1723 1881 1802 quamprimum
1933 1724 2277 1801 corrigatur
2332 1723 2568 1783 itidem.
2677 1723 2920 1799 Quaeso
2975 1725 3062 1799 te,

657 1826 900 1886 animae
946 1823 1277 1884 dimidium
1321 1842 1511 1896 meae,
1566 1842 1647 1881 ne
1697 1824 1760 1881 te
1807 1821 1875 1881 in
1925 1841 1992 1881 re
2039 1820 2330 1881 mediocri
2377 1825 2508 1881 tam
2552 1821 2683 1880 dire
2726 1820 3061 1882 excrucies

656 1924 882 1984 Virum
928 1925 991 1982 te
1033 1921 1271 1999 praebe,
1310 1923 1525 1980 excute
1572 1919 1876 1999 quidquid
1925 1920 1993 1978 in
2036 1923 2097 1979 te
2143 1923 2236 1979 est
2271 1918 2578 1979 mollioris
2617 1919 2831 1980 animi.
2920 1918 3069 1981 Hoc

657 2024 837 2100 pacto
878 2023 940 2082 et
974 2019 1093 2080 tibi
1130 2018 1513 2080 consulueris
1557 2021 1619 2078 et
1660 2018 1936 2096 profecto
1973 2038 2075 2078 me
2112 2017 2208 2078 tui
2250 2017 2752 2078 amantissimum
2795 2016 3066 2078 hilarem

656 2122 1010 2199 laetumque
1043 2119 1401 2181 reddideris.

1315 2342 1418 2404 15.
1508 2339 1603 2405 To
1651 2340 2044 2405 SsRvA'rms
2090 2340 2416 2406 Roemms

731 2478 866 2535 Vita
889 2475 1109 2534 Erasmi
1134 2496 1189 2548 p.
1223 2492 1341 2548 154.
2694 2474 2967 2549 (Steyn.)

732 2568 905 2623 Lond.
932 2565 1084 2621 xxxi.
1111 2581 1177 2621 2:
1215 2564 1323 2621 LB.
1351 2565 1494 2634 App.
1523 2565 1646 2631 478.
2678 2563 2763 2636 (c.
2795 2563 2990 2636 1488.)

791 2706 1105 2755 ERASMVS
1150 2703 1653 2753 ROTERODAMVS
1700 2703 2037 2752 SERVATIO
2084 2702 2302 2751 amco
2349 2702 2835 2751 INTEGERRIMO
2879 2704 2934 2750 8.

745 2829 1036 2906 varmx
1082 2832 1274 2903 tuam,
1329 2848 1408 2888 ne
1463 2826 1753 2887 inertiam
1809 2825 2027 2902 dicam,
2081 2825 2319 2886 Seruati
2374 2824 2483 2900 mi,
2535 2824 2738 2886 indies
2790 2825 3073 2887 admiror

661 2928 1142 3002 vehementius3
1196 2947 1309 2987 nec
1350 2925 1598 2987 emitari
1637 2946 1811 3004 queO,
1862 2924 1973 3003 qui
2013 2924 2303 2984 omnibus
2348 2923 2672 2984 literarum
2720 2925 3073 2987 commodis

660 3028 899 3088 affatim
953 3026 1384 3099 arridentibus,
1439 3044 1597 3103 quae
1653 3024 1784 3084 sola
1837 3025 2133 3101 superest,
2187 3042 2435 3099 operam
2497 3041 2674 3083 cures
2726 3023 3070 3100 inpendere

662 3124 918 3186 nullam.
1026 3123 1145 3184 Ais
1200 3123 1453 3201 quidem
1497 3142 1677 3200 aegre
1724 3125 1789 3181 te
1837 3121 2174 3183 admodum
2222 3121 2382 3181 ferre
2429 3120 2807 3198 imperitiam
2849 3124 3070 3197 tuam3

600 3250 631 3297 5
661 3224 769 3283 sed
808 3222 975 3300 quid,
1022 3239 1265 3299 quaeso,
1304 3219 1423 3280 tibi
1464 3220 1812 3280 sententiae
1853 3222 1948 3280 est
1966 3222 1999 3280 ⁶?
2081 3219 2139 3279 N
2142 3240 2225 3279 on
2267 3218 2637 3280 dubitarunt
2678 3219 3071 3282 celeberrimi

660 3322 942 3380 veterum
998 3318 1381 3378 saeculorum
1424 3317 1542 3376 viri
1587 3316 1914 3377 literarum
1964 3317 2515 3394 comparandarum
2570 3317 2767 3394 gratia
2814 3316 3072 3379 dulcem

660 3417 927 3496 patriam
981 3413 1150 3475 tristi
1200 3417 1444 3474 mutare
1499 3414 1705 3490 exilio,
1764 3414 1916 3475 alias
1975 3415 2249 3475 calentes
2316 3414 2445 3476 sole
2511 3418 2708 3475 terras
2772 3414 3070 3492 inuisere,

661 3515 991 3574 innumera
1046 3512 1371 3590 procellosi
1414 3513 1605 3573 maris
1668 3512 1879 3573 subire
1941 3512 2323 3587 discrimina,
2372 3511 2623 3590 quiduis
2677 3513 2945 3590 denique
3003 3518 3073 3576 et

660 3631 879 3689 operae
920 3615 985 3671 et
1022 3610 1325 3688 impendii
1363 3610 1522 3671 ferre
1548 3631 1564 3685 ;
1619 3612 1684 3670 et
1721 3613 1794 3671 tu
1836 3611 2034 3672 bonae
2074 3611 2203 3689 spei
2239 3610 2527 3671 columen
2569 3610 2906 3672 dormienti
2944 3611 3072 3672 tibi

575 3737 637 3772 ιο
660 3711 811 3771 haec
856 3709 1239 3770 confecturos
1283 3708 1430 3769 deos
1476 3711 1660 3786 putas
1675 3710 1710 3771 Ῥ
1792 3708 1962 3769 Num
2003 3729 2140 3769 eam
2189 3709 2394 3786 legisti
2437 3707 2753 3784 fabellam,
2798 3730 2955 3787 quae
2995 3709 3069 3770 in

661 3808 889 3868 rustico
934 3811 1111 3868 tuam
1154 3806 1527 3868 condemnat
1575 3808 1885 3867 incuriam
1906 3809 1939 3868 ⁴?
2019 3807 2181 3867 Nam
2229 3807 2286 3867 is
2332 3827 2474 3867 cum
2525 3806 2683 3867 forte
2731 3807 3071 3886 quadrigae

660 3925 810 3966 suae
836 3909 1037 3966 rotam
1063 3905 1198 3965 luto
1224 3906 1477 3966 haerere
1504 3925 1616 3966 nec
1652 3926 1692 3967 a
1725 3905 2038 3984 iugalibus
2062 3905 2247 3966 euelli
2285 3924 2464 3983 posse
2505 3906 2902 3983 conspiceret,
2931 3907 3070 3984 ipse

661 4004 897 4064 otiosus
924 4005 994 4063 in
1022 4003 1326 4064 auxilium
1354 4024 1635 4064 summos
1661 4003 1984 4064 inuocasse
2011 4004 2188 4065 diuos
2215 4003 2478 4077 dicitur;
2521 4023 2645 4081 quo
2674 4004 2800 4064 iam
2822 4004 3071 4066 dudum

663 4101 979 4162 incassum
1023 4104 1238 4163 orante
1280 4097 1432 4183 [quo
1474 4102 1639 4162 nihil
1683 4098 2003 4184 exorante]
2050 4101 2114 4161 id
2163 4100 2392 4180 Apollo
2433 4121 2468 4162 e
2509 4101 2786 4164 nubibus
2830 4103 3072 4163 oraculi

574 4228 633 4277 15
660 4198 1033 4260 reddiderit:
1093 4199 1161 4260 Si
1208 4198 1330 4260 tibi
1372 4200 1602 4261 auxilio
1647 4219 1778 4261 esse
1828 4201 1974 4261 deos
2021 4200 2215 4278 cupis,
2261 4202 2392 4279 ipse
2440 4221 2682 4279 quoque
2733 4201 3064 4262 dexteram

660 4298 993 4359 admoneas
1019 4317 1265 4358 necesse
1296 4302 1410 4360 est.
1496 4298 1690 4360 Haud
1725 4298 1909 4360 aliter
1934 4303 2007 4360 tu
2046 4318 2308 4377 quoque,
2341 4299 2586 4360 Seruati
2623 4299 2729 4377 mi,
2764 4299 2820 4360 si
2844 4303 3073 4363 tantus

659 4400 723 4456 te
752 4396 845 4471 (vt
886 4394 999 4472 ais)
1040 4395 1365 4457 literarum
1405 4400 1579 4457 tenet
1627 4397 1903 4469 affectus,
1956 4401 2066 4458 tua
2110 4397 2423 4476 imprimis
2465 4417 2649 4476 opera
2704 4419 2862 4477 opus
2915 4401 3014 4459 est
3043 4421 3061 4475 3

1316 4547 1392 4594 14.
1413 4559 1461 4607 9.
1497 4544 1770 4594 excruciet
1790 4546 1991 4594 correxi:
2032 4544 2304 4593 excruciat
2331 4542 2405 4594 0¹.

1281 4697 1356 4745 15.
1381 4710 1428 4756 7.
1464 4694 1725 4760 calentes]
1749 4693 1816 4746 cf.
1843 4695 1972 4744 Hor.
1994 4699 2147 4745 Carm·
2170 4711 2216 4746 2.
2249 4696 2323 4745 16.
2355 4695 2431 4744 18.
