3355 5380
663 370 777 426 138
1367 362 1748 425 LETTERS
1803 362 1910 424 ΟΡ
1967 360 2363 423 ERASMUS
2876 356 3068 442 [1494

654 521 805 582 hinc
855 541 1000 582 cura
1039 520 1253 600 legum
1301 523 1365 582 et
1407 524 1502 583 tot
1541 521 1920 600 populorum
1963 519 2209 597 negotia
2248 518 2617 597 impediunt,
2663 518 2815 579 hinc
2857 518 3074 579 hostes

653 618 820 680 bello
861 618 1217 693 lacessunt3
1265 618 1521 681 tametsi
1564 618 1840 679 Romani
1879 619 2286 695 imperatores
2326 617 2517 677 etiam
2561 615 2831 677 militiae
2877 616 3072 678 libros

653 715 987 789 habebant,
1017 717 1086 776 in
1115 716 1337 777 castris
1362 736 1491 776 non
1529 716 1720 777 modo
1749 716 1950 794 legere
1978 735 2201 777 verum
2234 717 2299 776 et
2324 714 2590 776 scribere
2621 714 2752 775 illis
2790 715 3066 775 vacabat.

564 833 626 883 55
656 814 1035 891 Plerumque
1061 814 1245 875 nobis
1273 834 1403 875 non
1432 817 1567 875 tam
1595 815 1768 874 deest
1801 814 2069 875 facultas
2087 810 2297 891 'quam
2324 813 2638 875 voluntas.
2714 814 3072 875 Vtilissima

654 914 751 973 est
776 911 876 971 illi
901 911 1088 973 lectio
1113 912 1394 974 Terentii
1416 934 1433 988 3
1474 912 1531 972 is
1557 913 1733 973 enim
1761 915 1976 972 auctor
2003 914 2066 972 et
2102 930 2352 972 morum
2392 912 2706 989 quoddam
2743 911 3070 989 speculum

654 1013 769 1083 est,
810 1014 872 1072 et
912 1011 1050 1071 sine
1092 1031 1217 1088 quo
1259 1031 1446 1072 nemo
1487 1031 1769 1089 vnquam
1814 1011 2014 1071 euasit
2056 1010 2339 1071 Latinus,
2426 1009 2835 1071 Euoluendus
2874 1011 3071 1070 etiam

653 1108 838 1168 Titus
865 1109 1101 1183 Liuius,
1135 1112 1275 1170 tum
1315 1111 1567 1187 propter
1596 1107 1802 1170 leuem
1842 1112 1908 1169 et
1945 1108 2191 1169 dulcem
2228 1108 2606 1183 facundiam,
2638 1111 2778 1169 tum
2815 1111 3078 1186 propter

655 1204 1002 1282 historiam,
1034 1207 1103 1267 in
1131 1227 1255 1285 qua
1280 1210 1345 1268 et
1373 1208 1577 1268 multa
1604 1210 1756 1268 sunt
1781 1206 2068 1284 exempla
2100 1206 2175 1266 ad
2205 1206 2508 1267 virtutem
2546 1209 2609 1266 et
2651 1206 2944 1283 peritiam
2980 1206 3071 1266 rei

564 1311 631 1362 60
655 1304 967 1366 militaris.
1054 1305 1415 1367 Officiorum
1442 1326 1588 1366 vero
1615 1304 1935 1367 Ciceronis
1973 1305 2186 1380 libros,
2220 1305 2447 1384 quibus
2476 1305 2638 1365 nihil
2670 1305 3068 1380 laudabiliuS‚

657 1422 787 1464 non
812 1404 1011 1464 semel
1035 1407 1221 1482 atque
1248 1405 1478 1465 iterum
1505 1403 1799 1480 legendos
1828 1421 2065 1477 censeo,
2097 1403 2207 1463 sed
2250 1422 2497 1480 semper
2541 1404 2817 1479 comites,
2852 1404 2959 1465 sed
3003 1404 3075 1463 in

655 1500 803 1565 sinu
830 1521 1076 1579 semper
1102 1501 1317 1563 haberi
1342 1506 1624 1580 oportere
1647 1524 1664 1576 3
1699 1502 1926 1580 quibus
1952 1502 2009 1562 si
2035 1521 2247 1579 parere
2274 1501 2460 1579 volet,
2480 1502 2697 1563 nullus
2725 1523 2798 1563 eo
2827 1503 3068 1578 melior,

658 1600 877 1661 nullus
936 1599 1058 1661 erit
1121 1599 1399 1662 beatior:
1469 1600 1591 1661 sibi
1645 1600 1914 1678 gloriam
1969 1600 2413 1675 immortalem,
2474 1600 2657 1661 nobis
2722 1621 2939 1679 pacem
3008 1606 3072 1662 et

656 1698 1184 1777 tranquillitatem
1213 1700 1505 1777 acquiret.

569 1799 632 1863 ⁶5
740 1797 863 1858 Sed
908 1798 1180 1858 nimium
1221 1819 1333 1877 ego
1375 1798 1538 1860 liber
1575 1802 1640 1859 et
1683 1799 1952 1877 ineptus,
1992 1818 2207 1858 vereor
2250 1816 2329 1857 ne
2370 1798 2560 1859 etiam
2603 1816 2912 1876 arrogans,
2958 1796 3070 1875 qui

660 1895 812 1957 haec
840 1898 918 1957 ad
939 1899 1002 1957 te
1031 1896 1334 1971 scribam;
1371 1897 1559 1976 longe
1587 1898 1818 1959 melius
1846 1897 1996 1976 quid
2024 1898 2190 1958 facto
2217 1915 2372 1974 opus
2400 1896 2484 1957 sit
2511 1896 2644 1974 ipse
2664 1894 3065 1957 consultabis.

663 1994 900 2055 Desino
934 2014 1044 2055 sus
1072 1993 1423 2057 Mineruam
1462 1997 1679 2056 docere
1707 1996 1802 2071 (vt
1842 1997 1911 2056 in
1953 1995 2191 2073 adagiis
2231 1996 2364 2071 est),
2397 1997 2463 2056 et
2504 1995 2675 2071 ligna
2711 1993 2780 2054 in
2819 1993 3069 2071 syluam

662 2092 840 2154 ferre.
928 2093 1007 2153 Id
1049 2114 1249 2155 vnum
1279 2112 1316 2153 a
1356 2096 1422 2153 te
1461 2097 1621 2172 peto,
1654 2096 1727 2154 vt
1767 2094 2025 2171 posthac
2067 2094 2151 2154 sit
2195 2094 2361 2154 inter
2398 2112 2515 2154 nos
2555 2092 2848 2167 amicitia,
2880 2111 3071 2170 quam

662 2191 891 2254 habere
918 2211 1062 2252 cum
1091 2192 1250 2253 viris
1276 2191 1476 2253 doctis
1504 2195 1567 2253 et
1594 2192 1833 2253 eisdem
1860 2193 2160 2271 grauibus
2191 2212 2437 2271 semper
2461 2192 2624 2252 mihi
2652 2191 2833 2253 dulce
2858 2192 2980 2253 fuit
3007 2195 3072 2252 et

576 2306 639 2357 70
664 2292 965 2367 optatum.
1083 2290 1297 2351 Habes
1361 2291 1505 2352 istic
1573 2290 1928 2366 Erasmum,
1988 2291 2199 2351 virum
2254 2293 2456 2351 aetate
2511 2293 2726 2350 nostra
2781 2291 3075 2351 omnium

664 2388 1136 2463 doctissimum3
1179 2388 1287 2450 sed
1329 2391 1603 2467 praestat
1643 2392 1859 2465 tacere,
1900 2409 1978 2450 ne
2018 2388 2156 2449 falli
2191 2388 2410 2449 videar
2443 2407 2672 2448 amore.
2759 2389 2921 2450 Cum
2957 2389 3082 2449 hoc

663 2506 777 2565 ego
832 2488 1342 2548 coniunctissime
1395 2488 1550 2549 dum
1598 2489 1777 2549 licuit
1823 2488 1974 2557 vixi,
2025 2508 2140 2548 nec
2185 2508 2353 2549 nunc
2396 2487 2730 2567 quicquam
2773 2490 2870 2548 est
2915 2487 3078 2547 mihi

664 2585 991 2647 molestius
1028 2605 1219 2664 quam
1245 2584 1383 2646 eius
1410 2605 1615 2647 carere
1652 2585 2022 2664 praesentia.
2108 2586 2402 2647 Adsciuit
2433 2605 2581 2646 eum
2612 2586 3079 2648 Cameracensis

665 2685 1025 2765 Episcopus,
1056 2685 1159 2746 vir
1184 2685 1535 2747 litterarum
1563 2685 1815 2747 amicus.
1902 2684 2111 2763 Igitur
2137 2705 2281 2746 cum
2308 2683 2443 2746 viro
2481 2688 2615 2745 tam
2653 2684 2844 2759 docto,
2877 2683 3070 2758 fideli,

579 2794 639 2847 75
666 2784 861 2861 graui,
889 2783 1179 2858 iucundo,
1211 2783 1266 2844 si
1296 2784 1531 2845 curaris
1558 2783 1674 2843 tibi
1703 2784 2086 2844 intercedere
2120 2783 2632 2857 familiaritatem,
2667 2783 2848 2860 (mihi
2877 2782 3079 2857 crede)

668 2901 965 2960 magnam
1007 2883 1213 2960 capies
1251 2884 1657 2960 voluptatem.
1747 2884 2010 2943 Battum
2061 2885 2353 2943 nostrum
2396 2880 2514 2941 tibi
2552 2882 3075 2952 commendarem,

668 2980 795 3041 nisi
820 2984 1108 3059 putarem
1135 3001 1282 3042 eum
1310 3001 1419 3058 per
1444 3001 1510 3043 se
1539 2982 1694 3042 satis
1730 3000 1864 3042 esse
1903 2979 2024 3041 tibi
2062 2983 2402 3058 acceptum.
2488 2979 2664 3054 Vale,
2698 3001 2936 3060 meque,
2969 2983 3081 3058 qui

668 3084 735 3141 te
763 3100 923 3156 amc,
957 3081 1029 3139 tu
1054 3079 1154 3139 fac
1182 3098 1311 3140 non
1339 3080 1556 3141 oderis.

1345 3324 1451 3390 39.
1541 3321 1637 3386 To
1686 3320 2028 3386 WILLIAM
2077 3321 2412 3387 HERMAN.

744 3441 881 3497 Vita
907 3439 1127 3497 Erasmi
1154 3460 1210 3513 p.
1245 3456 1363 3510 149.
2627 3440 2918 3512 (Brussels
2937 3441 3011 3512 ‘?>

746 3528 922 3586 Lond.
948 3528 1101 3584 xxxi.
1132 3544 1153 3584 1
1177 3549 1190 3582 ε
1228 3528 1339 3585 LB.
1365 3529 1513 3601 App.
1540 3545 1662 3598 444.
2683 3527 2713 3600 (
2728 3544 2864 3599 1494
2880 3528 2951 3602 ‘?>

746 3653 1066 3720 [Evidently
1096 3655 1403 3717 answering
1432 3669 1464 3704 a
1493 3669 1648 3718 poem
1681 3653 2018 3717 speculating
2046 3654 2210 3703 about
2238 3654 2511 3704 Erasmus·
2534 3654 2831 3704 continued
2859 3655 3085 3717 silence,

676 3720 860 3769 which
884 3718 1024 3768 from
1047 3719 1144 3768 the
1168 3722 1373 3769 extract
1396 3721 1456 3769 in
1477 3719 1512 3770 l.
1530 3735 1589 3768 21
1617 3722 1664 3768 is
1688 3723 1784 3769 not
1807 3720 1866 3768 in
1892 3720 1987 3769 the
2010 3723 2158 3779 Sulua
2177 3724 2402 3769 Odmm.
2449 3720 2562 3769 The
2585 3720 2764 3769 words
2785 3723 2798 3747 ‘
2815 3722 3081 3783 pristinae

677 3783 1125 3846 consuetudinisf
1148 3785 1183 3833 l.
1212 3800 1260 3846 5,
1285 3800 1375 3834 are
1409 3787 1621 3849 against
1644 3801 1713 3834 an
1739 3785 1888 3847 early
1916 3786 2058 3834 date.
2128 3785 2301 3834 There
2332 3787 2379 3834 is
2401 3801 2473 3835 an
2499 3787 2865 3835 inconclusive
2895 3789 3080 3849 quota·

678 3853 796 3902 tion
835 3851 974 3900 from
1015 3851 1275 3900 Herman'
1278 3868 1304 3901 s
1343 3852 1453 3902 Ode
1491 3867 1525 3913 3
1563 3867 1632 3902 on
1672 3852 1770 3901 the
1809 3851 2054 3900 miseries
2092 3850 2152 3899 of
2188 3850 2446 3912 Holland,
2489 3852 2671 3901 which
2711 3865 2823 3901 was
2860 3853 3084 3902 written

719 3914 1023 3979 resumably
1056 3917 1258 3979 during
1290 3918 1387 3966 the
1420 3917 1476 3967 di
1480 3916 1693 3966 sorders
1726 3917 1851 3965 that
1885 3915 2105 3979 reigned
2140 3917 2279 3965 from
2321 3917 2581 3996 ι488-92ς
2614 3918 2680 3967 cf.
2712 3917 2807 3981 Ep.
2831 3932 2909 3980 35.
2935 3931 3078 3979 50¹¹·

678 3932 938 4033 Erasmus
965 3996 1190 4045 appears
1213 3985 1269 4031 to
1291 3983 1428 4031 have
1455 3984 1589 4032 been
1613 3996 1769 4044 away
1792 3982 1928 4032 from
1952 3982 2137 4044 Steyn,
2167 3982 2200 4030 1.
2234 3995 2342 4044 145,
2371 3983 2479 4031 and
2504 3985 2566 4031 in
2591 3997 2622 4030 a
2645 3983 2879 4044 position
2901 3984 3084 4032 where

682 4048 752 4097 he
783 4047 953 4098 found
982 4048 1028 4097 it
1052 4046 1283 4096 difficult
1310 4052 1367 4097 to
1396 4049 1573 4110 study,
1598 4048 1655 4098 11.
1690 4062 1799 4109 113,
1827 4065 1875 4109 4.
1944 4047 2058 4098 The
2089 4046 2386 4097 references
2416 4051 2472 4097 to
2494 4048 2777 4098 Cornelius
2804 4048 2915 4097 and
2934 4049 3084 4098 John

680 4113 1067 4243 Ζὲῗιξῗὲθξῗὲ.
1078 4112 1486 4229 3.ζέἒὲῧὲὴέ
1507 4112 2669 4242 {32‘3533ffi1333.¹22‘35.0133ffi⁰2ffi
2676 4114 3084 4245 Ᾱῖἕῗξῖθωᾱ

1024 4329 1339 4380 EBAsts
1379 4330 1882 4379 ROTERODAMVS
1925 4329 2281 4379 GVLIELMO
2327 4330 2650 4379 GovDANO
2696 4331 2748 4379 S.

766 4455 894 4516 hx
949 4455 1125 4530 forte,
1186 4455 1501 4518 Gulielme
1557 4457 1664 4534 mi,
1727 4477 1857 4517 non
1912 4457 2240 4518 mediocris
2309 4456 2593 4517 animum
2663 4459 2846 4516 tuum
2915 4458 3090 4516 tenet

685 4553 1030 4629 admiratiO,
1089 4555 1297 4631 (cur),
1361 4575 1505 4616 cum
1560 4555 1764 4615 literis
1818 4554 2034 4615 literas
2087 4554 2522 4628 cumulaueris,
2574 4574 2688 4632 ego
2737 4553 3090 4615 dormitans

685 4654 1009 4714 literarum
1039 4652 1419 4713 reddiderim
1450 4652 1628 4714 nihil.
1713 4652 1809 4713 'l'u
1841 4672 2011 4714 nunc
2039 4653 2243 4713 soluta
2274 4652 2553 4713 oratione
2582 4671 2896 4726 numeros,
2920 4671 3093 4712 nunc
