3355 5380
676 330 794 386 458
1370 323 1753 386 LETTERS
1809 319 1942 386 OF'
1973 323 2375 386 ERASMUS
2883 320 2944 405 [1
2956 340 2992 401 5
3006 345 3030 383 1
3049 344 3073 383 1

1199 479 1432 547 ²¹⁹221.
1521 478 1727 545 Fnou
1772 480 2092 545 Anum-:w
2136 480 2542 545 Aimomus.
2791 561 2801 569 ,

742 565 991 639 Farrago
1017 586 1072 638 p·
1098 582 1219 637 230.
2632 566 2887 623 London.

744 654 805 711 F.
833 672 890 726 p.
917 655 1054 727 358:
1091 653 1233 709 HN:
1271 654 1448 711 Lond.
1475 652 1592 710 viii.
1618 669 1690 726 39
1717 653 1867 724 (38):
1908 653 2019 708 LB.
2051 667 2167 724 175.
2517 668 2582 724 19
2605 653 2740 724 May
2768 651 3006 727 (1511).

1116 792 1278 840 ΛΝΒ.
1322 789 1697 839 AMMONIVS
1741 790 2018 839 ERASMO
2063 790 2426 840 'rnzomoo
2470 791 2525 838 S.
2562 791 2630 838 D.

752 903 980 981 Vmao,
1007 905 1104 966 mi·
1126 905 1573 966 officiosissime
1593 905 1871 979 Erasme,
1900 904 2282 982 ineptiarum
2309 924 2593 966 mearum
2619 906 3078 983 praefationem

671 1001 944 1064 Monioio
969 1003 1160 1082 (quod
1186 1006 1298 1065 tuo
1327 1003 1543 1065 diuino
1569 1002 1802 1065 iudicio
1828 1001 2232 1079 coniectaras)
2259 1002 2525 1063 minime
2550 1005 2818 1082 probari.
2906 1004 3081 1066 Ideo·

669 1121 791 1179 que
836 1100 1024 1162 aliam
1071 1100 1149 1163 ad
1199 1104 1263 1162 te
1309 1101 1535 1177 mitto;
1596 1104 1661 1162 at
1708 1101 1998 1180 equidem
2042 1100 2280 1162 recenti
2327 1101 2569 1162 foetura
2616 1103 2780 1163 mihi
2826 1103 3080 1165 videtur

671 1199 886 1261 minus
911 1199 1079 1261 mala
1112 1219 1301 1279 quam
1333 1201 1529 1262 altera
1560 1203 1710 1275 erat,
1742 1204 1806 1261 et
1837 1201 1894 1261 si
1930 1199 2097 1260 felici
2131 1203 2241 1260 tua
2276 1200 2433 1261 lima
2468 1200 2842 1278 dignaberis,
2870 1203 3077 1264 ausim

614 1322 646 1376 5
669 1318 916 1376 sperare
941 1298 1190 1361 bonam.
1271 1298 1387 1361 Sin
1413 1318 1563 1359 vero
1595 1317 1825 1359 manus
1862 1302 1970 1359 tua
2002 1298 2334 1360 materiam
2370 1298 2561 1359 istam
2598 1299 2880 1377 refugiet,
2913 1301 3078 1362 mihi

670 1400 912 1458 certum
940 1400 1037 1458 est
1064 1416 1191 1458 non
1230 1396 1516 1474 amplius,
1548 1400 1622 1456 vt
1659 1397 1728 1456 in
1764 1397 1883 1457 hoc
1911 1396 2030 1457 tibi
2073 1397 2370 1473 placeam,
2404 1395 2722 1471 laborare;
2764 1398 2833 1458 in
2861 1418 2930 1458 re
2967 1403 3080 1460 tua

669 1494 772 1578 vel
799 1495 1022 1573 capitis
1057 1495 1394 1557 discrimen
1431 1494 1643 1556 subire
1679 1514 1954 1572 possum.
2041 1494 2396 1572 Vtcunque‚
2428 1497 2521 1556 mi
2548 1496 2825 1571 Erasme,
2858 1517 3079 1559 meum

671 1613 902 1656 nomen
944 1595 1570 1674 quantulumcunque
1608 1596 1720 1670 est,
1754 1594 1872 1655 tibi
1914 1593 2144 1655 iterum
2186 1597 2373 1672 atque
2414 1594 2644 1656 iterum
2685 1597 3072 1667 commend0,

672 1694 741 1755 Si
776 1694 953 1755 vides
993 1694 1106 1754 has
1147 1713 1347 1770 nugas
1386 1692 1997 1754 commiserationem
2035 1692 2198 1753 mihi
2240 1693 2515 1772 aliquam
2558 1694 2869 1770 allaturas,
2911 1714 3077 1774 pone

584 1822 644 1859 10
669 1792 814 1869 illis,
848 1811 1013 1871 rogo,
1045 1792 1307 1853 modum
1335 1812 1523 1871 quem
1549 1792 1739 1867 voles,
1771 1796 1835 1853 et
1866 1791 1936 1852 in
1974 1811 2225 1853 summa
2261 1792 2357 1852 tui
2394 1792 2651 1853 amiculi
2678 1795 2907 1855 honori
2936 1814 3077 1856 con·

670 1890 821 1953 sule.
910 1889 1051 1951 Scio
1083 1893 1150 1950 te
1184 1889 1328 1968 plus
1365 1889 1435 1949 in
1473 1910 1540 1950 re
1578 1909 1717 1950 mea
1753 1909 1942 1968 quam
1978 1892 2227 1968 egomet
2264 1909 2496 1967 sapere,
2530 1910 2646 1951 nec
2672 1911 2892 1953 vereor
2919 1894 3074 1970 quin

668 1989 1042 2050 tantundem
1070 1988 1158 2048 sis
1185 1988 1518 2049 effecturus
1541 2010 1557 2062 ;
1599 1990 1750 2049 noui
1776 1987 1950 2048 enim
1977 2006 2164 2066 quam
2190 1987 2279 2049 sis
2306 1988 2543 2049 amicus
2568 1989 2791 2064 amico,
2815 1991 3077 2070 ideoque

669 2085 936 2147 verbum
965 2106 1094 2147 non
1122 2085 1398 2164 amplius
1423 2087 1664 2147 addam.

751 2184 886 2245 Tua
910 2183 1154 2261 Adagia
1181 2183 1322 2245 istic
1353 2203 1568 2244 rursus
1594 2203 1895 2246 excusum
1921 2184 2001 2244 iri
2028 2185 2283 2262 gaudeO,
2312 2205 2673 2263 quanquam
2703 2207 2816 2265 ego
2836 2187 3076 2250 Aldina

583 2313 642 2365 ¹5
670 2281 1048 2360 exemplaria
1085 2283 1320 2359 malim,
1359 2301 1504 2343 cum
1543 2283 1621 2343 ob
1658 2283 2032 2344 Latinorum
2069 2287 2211 2344 tum
2239 2282 2318 2344 ob
2338 2282 2687 2360 Ἑλληνικῶν
2710 2288 3077 2365 χαρακτήρων

669 2383 851 2462 χάριν.
934 2381 1177 2442 Verum
1203 2381 1280 2442 ad
1307 2401 1495 2459 quem
1517 2380 1758 2442 Italum
1786 2401 1890 2443 me
1916 2382 2150 2460 alleges
2177 2401 2305 2442 non
2335 2382 2647 2462 intelligo,
2674 2404 2872 2461 neque
2899 2386 3071 2446 enim

669 2499 1022 2559 quenquam
1050 2480 1291 2541 Italum
1327 2479 1737 2558 bibliopolam
1774 2480 1879 2540 hic
1914 2479 2107 2553 noui;
2146 2480 2255 2541 sed
2292 2480 2649 2559 perquiram
2686 2481 3073 2558 diligentius,

672 2598 821 2640 nam
847 2579 1032 2641 valde
1069 2578 1248 2657 cupio
1285 2597 1510 2639 emere.
1596 2578 1902 2656 Episcopo
1928 2578 2345 2640 Dunelmensi
2388 2582 2449 2640 te
2491 2599 2679 2658 quam
2719 2579 2895 2657 potui
2935 2579 3073 2641 dili·

668 2680 888 2757 genter
935 2678 1389 2740 commendaui.
1479 2678 1754 2740 Gauisus
1808 2681 1904 2739 est
1960 2678 2209 2754 nuncio,
2262 2681 2325 2739 et
2376 2678 2494 2739 tibi
2540 2678 2812 2757 gratiam
2859 2678 3068 2757 habet,

584 2806 647 2844 20
669 2774 1201 2855 interrogauitque
1237 2775 1485 2856 quando
1522 2795 1687 2836 esses
1714 2776 2069 2849 rediturus3
2113 2777 2421 2854 respondi,
2452 2779 2759 2854 quantum
2786 2799 2901 2856 ego
2937 2799 3077 2840 con·

668 2873 934 2950 iicerem,
967 2874 1159 2935 breui.
1248 2875 1574 2936 Caeterum
1590 2874 1757 2935 male
1785 2873 1870 2935 sit
1898 2873 1994 2934 illi
2022 2873 2122 2934 cui
2157 2878 2294 2935 tuas
2320 2873 2535 2935 literas
2564 2874 2643 2935 ad
2673 2895 2778 2936 me
2806 2877 3035 2937 dedisti
3059 2900 3074 2952 ;

670 2972 802 3034 eius
837 2972 1009 3034 enim
1047 2969 1428 3051 negligentia
1469 2972 1706 3033 factum
1742 2973 1896 3050 puto
1922 2974 1995 3032 vt
2022 2992 2221 3051 quum
2248 2975 2320 3032 tu
2360 2973 2583 3050 quinto
2622 2973 2832 3035 Galen.
2875 2973 3077 3036 Maias

672 3072 930 3147 dederis,
981 3091 1109 3132 non
1165 3075 1312 3132 ante
1367 3090 1525 3133 xvn.
1581 3070 1788 3132 Galen.
1839 3069 2061 3131 Iunias
2117 3070 2276 3130 mihi
2322 3071 2741 3146 redderentur,
2796 3076 2866 3133 vt
2925 3093 3075 3134 sane

671 3190 884 3232 verear
914 3191 992 3231 ne
1021 3190 1230 3232 serum
1259 3170 1385 3231 iam
1413 3170 1497 3230 sit
1525 3168 1602 3229 ad
1632 3188 1706 3230 ea
1734 3190 1891 3248 quae
1919 3168 2140 3230 scribis
2167 3170 2553 3247 respondere.

581 3293 639 3341 25
752 3269 845 3331 De
874 3269 1059 3330 rebus
1087 3267 1474 3330 Britannicis
1502 3266 1666 3346 quod
1697 3266 2194 3345 operaeprecium
2228 3267 2313 3330 sit
2352 3269 2530 3344 scire,
2559 3268 2713 3329 noui
2747 3267 2873 3328 fere
2907 3269 3074 3329 nihil

670 3371 781 3443 est,
814 3372 1243 3446 praeterquam
1273 3367 1348 3427 de
1377 3367 1514 3444 ipso
1537 3366 1705 3445 Rege
1733 3365 1843 3444 qui
1871 3365 2249 3426 diuiniorem
2280 3365 2484 3427 indies
2511 3386 2578 3428 se
2604 3366 2875 3445 praebet.
2947 3367 3071 3428 Sed

672 3465 789 3526 hoc
830 3469 1012 3527 vetus
1051 3465 1169 3525 tibi
1210 3468 1322 3526 est.
1397 3465 1492 3525 De
1534 3467 1596 3525 te
1633 3484 1783 3526 vero
1820 3465 2055 3524 mirum
2098 3465 2451 3526 mehercule
2489 3465 2920 3543 desyderium3
2969 3465 3072 3526 ob·

674 3563 907 3625 tundor
947 3564 1048 3624 his
1084 3562 1354 3638 vocibus,
1386 3563 1684 3642 quoniam
1726 3581 1828 3623 me
1870 3562 1988 3623 tibi
2030 3563 2543 3624 contubernalem
2587 3566 2838 3640 norunt,
2874 3570 2889 3595 ‘
2909 3563 3074 3640 Quid

671 3664 745 3723 de
781 3663 1092 3723 Erasmo‘?
1174 3661 1434 3738 Quando
1474 3660 1750 3722 reueniet
1768 3663 1801 3721 ⁴?
1882 3662 1998 3722 Est
2039 3660 2227 3739 plane
2265 3661 2359 3722 sol
2402 3662 2604 3723 nostri
2641 3662 2849 3723 seculi.
2936 3664 2991 3725 O
3019 3662 3074 3724 si

582 3782 647 3832 30
671 3750 882 3818 redeat
900 3757 952 3830 ’ς
1007 3759 1071 3816 et
1114 3757 1317 3817 multa
1358 3755 1497 3829 alia,
1545 3775 1701 3834 quae
1741 3755 2006 3816 scribere
2051 3755 2213 3830 nolo,
2260 3776 2341 3817 ne
2388 3756 2539 3835 quid
2590 3761 2808 3835 postea
2855 3757 2925 3818 in
2972 3777 3074 3819 me

671 3854 916 3915 referas.
1005 3853 1220 3913 Morus
1275 3858 1485 3915 noster
1539 3851 2005 3914 mellitissimus
2062 3872 2207 3915 cum
2262 3873 2377 3915 sua
2431 3854 2737 3916 facillima
2790 3856 3070 3931 coniuge,

671 3972 824 4030 quae
866 3972 1194 4030 nunquam
1235 3953 1332 4013 tui
1372 3950 1666 4013 meminit
1709 3951 1864 4028 quin
1907 3951 2028 4013 tibi
2068 3951 2230 4012 bene
2280 3956 2581 4029 precetur,
2629 3956 2693 4013 et
2742 3951 2960 4012 liberis
2996 3972 3071 4013 ac

673 4050 961 4111 vniuersa
989 4049 1229 4110 familia
1257 4050 1677 4128 pulcherrime
1697 4051 1884 4112 valet.
1944 4051 2022 4112 D.
2055 4049 2321 4111 Linacer
2347 4051 2687 4111 sacerdotio
2712 4052 2929 4110 auctus
2955 4054 3073 4125 est,

670 4170 783 4228 pro
821 4170 945 4228 quo
983 4168 1201 4210 omnes
1233 4149 1446 4210 Musas
1486 4148 1778 4210 fortunae
1814 4148 2045 4226 gratias
2080 4148 2278 4225 egisse
2317 4148 2625 4223 arbitror3
2665 4151 2811 4208 tuus
2847 4147 3075 4211 Leuco-

1669 4286 1750 4333 33.
1790 4272 1855 4322 D.
1879 4287 1973 4321 om.
1998 4274 2065 4320 H.

743 4386 818 4435 13.
855 4372 1081 4421 verbum
1134 4371 1266 4421 Hor.
1295 4374 1393 4419 Sat.
1422 4384 1464 4418 1.
1498 4385 1539 4418 1.
1568 4384 1676 4420 121.
1924 4369 2065 4431 wife,
2081 4369 2263 4418 whom
2278 4368 2347 4417 he
2359 4366 2596 4417 married
2609 4368 2857 4418 withina
2875 4370 3072 4420 mouth

739 4452 820 4501 31.
859 4371 1108 4515 coniuge]
1136 4436 1328 4487 More’s
1360 4436 1479 4485 first
1498 4436 1642 4485 wife.
1714 4434 1822 4485 She
1923 4435 2083 4485 ofhis
2100 4436 2492 4484 bereavement.
2545 4434 2827 4484 SerHR.
2842 4435 2939 4485 vii.
2959 4451 3072 4497 714·

674 4505 820 4554 must
858 4504 996 4554 have
1039 4502 1162 4553 died
1206 4502 1408 4564 during
1452 4501 1546 4551 the
1584 4514 1825 4550 summer
1988 4516 2075 4563 33.
2108 4497 2358 4563 Linacer]
2380 4498 2461 4549 Cf.
2486 4498 2581 4562 Ep.
2606 4500 2719 4549 218.
2751 4515 2810 4562 17
2831 4515 2886 4550 n.

674 4569 763 4629 (of.
790 4569 887 4633 Ep.
913 4571 1027 4619 228.
1055 4583 1108 4617 11
1131 4568 1245 4633 n.);
1279 4567 1364 4617 for
1395 4568 1494 4618 the
1520 4564 1751 4630 ‘harpy'
1770 4567 1831 4616 of
1987 4581 2071 4628 34.
2106 4566 2217 4617 Lon
2314 4565 2511 4643 baeu-1
2544 4564 2815 4630 Probably
2839 4566 3075 4616 Thomas

672 4635 767 4698 Ep.
812 4635 923 4696 236.
958 4651 1021 4698 47
1074 4637 1122 4684 is
1164 4633 1447 4699 evidently
1490 4634 1580 4683 his
1622 4632 1821 4684 second
1924 4633 2102 4695 Grey3
2134 4647 2223 4682 see
2263 4703 2279 4716 υ
2326 4646 2378 4694 p.
2405 4632 2471 4695 58
2495 4632 2697 4682 mtrod.
2721 4633 2833 4682 and
2854 4632 2936 4683 66.
