3355 5380
247 382 269 421 1
282 377 317 436 5
328 380 352 420 1
370 358 429 443 ι]
1004 358 1241 421 FROM
1292 359 1335 423 J
1338 359 1521 422 OHN
1577 360 1879 423 SIXTIN
2520 369 2640 424 475

238 518 364 580 nisi
398 537 475 578 ex
512 516 828 579 obliuione
870 516 1047 577 mei?
1128 515 1326 578 Crede
1366 516 1544 592 mihi,
1578 535 1928 579 memorem
1971 537 2104 580 esse
2144 536 2250 580 me
2288 518 2642 598 amplorum

236 617 307 677 in
374 636 478 677 me
545 621 798 678 tuorum
865 614 1222 690 officiorum,
1294 615 1528 693 quibus
1602 615 1724 676 etsi
1792 616 2058 693 gratiam
2123 617 2329 678 adhuc
2397 619 2641 682 nullam

238 715 472 789 rettuli,
546 715 809 776 referam
876 716 1091 774 tamen
1160 733 1304 774 cum
1372 714 1650 791 primum
1719 718 1975 792 potero;
2043 734 2418 793 quanquam,
2485 737 2642 794 quae
2668 736 2696 783 5

237 820 348 875 tua
382 818 482 876 est
524 813 720 874 animi
759 816 823 873 et
861 812 1241 890 generositas
1276 815 1342 874 et
1382 811 1747 887 liberalitas,
1780 831 1920 873 eam
1954 832 2086 874 non
2123 817 2413 891 expectas
2455 811 2641 897 [non]

236 932 639 991 magnopere.
719 910 840 972 Fac
900 909 1095 988 igitur
1150 909 1504 989 intelligam
1563 911 1938 989 expunxeris
1996 931 2098 972 me
2160 931 2238 972 ex
2300 913 2642 975 amicorum

237 1012 468 1090 pagina
517 1029 748 1072 necnee
802 1008 866 1068 id
917 1008 1083 1086 quod
1131 1009 1234 1069 vel
1287 1027 1365 1068 ex
1418 1007 1650 1069 litteris
1698 1008 1799 1070 vel
1848 1008 2110 1072 silentio
2165 1012 2274 1071 tuo
2329 1009 2637 1088 iudicabo,

237 1115 309 1172 vt
364 1110 641 1171 deletum
688 1128 791 1169 me
836 1107 1104 1168 sentiam
1152 1106 1208 1168 si
1256 1107 1536 1182 tacueris,
1582 1111 1794 1169 tenere
1848 1108 2057 1171 locum
2109 1107 2166 1169 si
2219 1109 2637 1187 rescripseris.

238 1208 397 1270 Vale
422 1212 484 1269 et
510 1207 759 1286 ignosce
786 1208 849 1266 et
876 1203 1268 1282 simplicitati
1296 1207 1362 1265 et
1389 1204 1684 1268 breuitati
1710 1225 1908 1269 meae.
2673 1223 2735 1261 10

321 1306 596 1369 Londini
631 1316 735 1381 13⁰
763 1304 893 1367 Gal.
924 1303 1228 1364 Nouemb.

737 1484 1032 1568 ²³⁴23⁶24⁵
1119 1480 1324 1547 Faou
1369 1483 1687 1548 ANDREW
1732 1485 2143 1551 Aimomus.

309 1620 554 1691 Farrago
580 1638 634 1690 p.
663 1634 784 1674 220.
2180 1617 2431 1673 London.

310 1709 369 1766 F.
394 1727 451 1779 p.
479 1709 614 1778 348:
654 1705 792 1760 HN:
829 1704 1004 1760 Lond.
1032 1700 1143 1756 viii.
1173 1718 1270 1772 23:
1310 1703 1418 1760 LB.
1453 1718 1566 1775 125.
2051 1720 2118 1773 27
2144 1705 2391 1762 October
2423 1718 2574 1775 1511.

306 1846 443 1913 [The
466 1846 591 1894 date
616 1845 663 1893 is
683 1841 1015 1893 established
1039 1840 1110 1904 by
1136 1839 1225 1888 the
1249 1845 1439 1892 events
1462 1844 1520 1891 in
1548 1842 1711 1908 Italy.
1783 1843 1896 1893 The
1929 1843 2093 1893 letter
2122 1841 2217 1892 did
2250 1846 2345 1893 not
2378 1842 2537 1892 resch
2572 1845 2645 1893 its

239 1911 574 1961 destination
598 1909 745 1959 until
770 1924 832 1968 24
858 1907 1020 1971 Nom]

561 2042 880 2091 ANDREAS
926 2041 1294 2091 AMMONIVS
1341 2041 1615 2088 ERASMO
1661 2040 2055 2089 DESYDERIO
2100 2041 2223 2088 SVO
2268 2041 2323 2089 S.

320 2157 586 2231 V1c1sr1,
620 2157 893 2232 Erasme,
928 2155 1056 2217 tuis
1090 2154 1295 2215 literis
1330 2174 1584 2216 omnem
1621 2174 1830 2216 meam
1857 2153 2371 2231 expectationem,
2395 2153 2644 2232 desyde-

239 2254 407 2314 rium
436 2258 646 2315 tamen
675 2273 803 2314 non
832 2253 1112 2331 explesti.
1201 2252 1519 2330 Scripsisti
1547 2253 1624 2314 ad
1653 2273 1757 2313 me
1789 2253 2056 2330 saepius,
2083 2256 2154 2314 vt
2183 2272 2404 2313 verum
2430 2253 2642 2327 samar,

239 2371 427 2430 quam
465 2355 527 2413 te
565 2351 876 2413 facturum
914 2351 1226 2428 putabam,
1258 2351 1465 2411 multo
1503 2355 1720 2412 tamen
1762 2370 1954 2428 quam
1992 2350 2365 2428 exoptabam
2406 2352 2646 2425 rarius;

239 2450 401 2530 quod
418 2449 928 2512 amantissimum
954 2452 1135 2510 tuum
1166 2449 1436 2509 officium
1467 2449 1627 2510 tanti
1654 2449 1820 2526 apud
1850 2468 1950 2508 me
1977 2451 2088 2522 est,
2113 2447 2278 2525 quod
2299 2468 2373 2508 eo
2401 2468 2502 2509 me
2529 2448 2648 2509 tibi

238 2548 495 2628 penitus
536 2546 906 2624 penitusque
953 2546 1308 2624 obligasses,
1356 2547 1413 2607 si
1456 2546 1808 2607 deuinctior
1849 2566 1983 2607 esse
2032 2545 2393 2622 potuissem.
2485 2547 2645 2608 Nam
2675 2563 2703 2613 5

237 2646 366 2708 tuis
393 2645 592 2707 literis
620 2645 780 2707 nihil
809 2645 1041 2723 accipio
1069 2644 1360 2721 suauius;
1402 2648 1465 2706 et
1493 2665 1595 2706 me
1625 2645 1794 2706 haud
1822 2644 2165 2723 vulgariter
2200 2642 2313 2706 abs
2341 2647 2404 2705 te
2431 2645 2646 2721 amari,

235 2744 355 2807 hoc
382 2746 542 2821 (mea
567 2744 900 2821 sententia)
921 2764 1049 2804 non
1079 2744 1204 2804 leui
1231 2747 1600 2822 argumento
1627 2743 1950 2821 perspexi;
1992 2742 2058 2802 id
2085 2742 2250 2820 quod
2288 2762 2436 2803 sane
2463 2746 2649 2804 antea

240 2843 579 2918 credebam,
614 2861 781 2903 nunc
825 2861 971 2903 vero
1015 2841 1175 2901 mihi
1216 2841 1433 2903 videor
1475 2842 1660 2920 plane
1703 2842 1877 2903 scire.
1963 2843 2053 2902 At
2095 2860 2223 2902 non
2264 2840 2445 2901 licuit
2487 2841 2647 2901 mihi

240 2961 373 3003 esse
419 2961 565 3019 erga
612 2943 674 3000 te
717 2940 970 3018 perinde
1016 2940 1302 3015 officioso,
1349 2941 1580 3019 partim
1631 2940 1820 3018 regiis
1864 2939 2027 3016 (vide
2072 2959 2262 3018 quam
2311 2939 2647 3019 gloriosam

239 3039 693 3100 excusationem
751 3037 1175 3117 praetendam)
1230 3041 1295 3098 et
1357 3037 1851 3099 intricatissimis
1921 3038 2267 3098 amicorum
2356 3036 2644 3116 negociis,
2679 3056 2741 3092 10

239 3138 471 3215 partim
500 3137 683 3215 culpa
708 3155 922 3196 eorum
957 3135 1183 3212 quibus
1221 3137 1451 3197 alteras
1489 3137 1567 3198 ad
1606 3140 1668 3197 te
1706 3137 1921 3197 literas
1958 3135 2140 3210 dedi3
2183 3154 2337 3213 quas
2366 3134 2647 3212 intelligo

241 3235 359 3296 tibi
389 3254 519 3296 non
548 3235 737 3295 fuisse
769 3233 1056 3310 redditas,
1092 3234 1239 3295 licet
1266 3255 1380 3312 pro
1409 3239 1663 3296 vectura
1693 3235 1986 3296 nonnihil
2018 3233 2313 3295 dederim.

325 3334 457 3412 Ego
486 3338 613 3394 tres
642 3336 780 3393 tuas
806 3333 1103 3411 epistolas
1129 3333 1349 3411 accepi,
1383 3333 1537 3394 duas
1567 3333 1786 3410 plenas
1806 3331 2055 3406 saccari,
2078 3331 2329 3393 tertiam
2361 3330 2646 3406 nectaris,

240 3452 430 3511 quam
485 3452 563 3493 ex
618 3431 1022 3508 inscriptione
1077 3434 1140 3492 et
1183 3431 1320 3491 vini
1366 3432 1724 3492 Graecaniei
1779 3431 2098 3492 mentione
2151 3429 2357 3508 primo
2412 3428 2490 3489 ad
2545 3448 2649 3489 me

241 3532 536 3610 scriptam
580 3551 706 3591 non
749 3529 1075 3603 dubitaui;
1126 3530 1234 3589 sed
1277 3549 1424 3590 mox
1461 3529 1572 3590 vbi
1609 3531 1687 3591 ad
1728 3530 2007 3591 earmina
2041 3528 2316 3607 perueni‚
2347 3527 2648 3604 suspicari
2678 3548 2736 3598 ¹5

242 3628 464 3705 occepi,
509 3629 757 3705 quando
801 3646 874 3688 ea
919 3646 1075 3704 quae
1119 3627 1247 3687 illic
1289 3628 1540 3688 extollis
1583 3648 1724 3689 mea
1754 3649 1889 3690 esse
1933 3648 2059 3688 non
2103 3646 2521 3705 agnoscerem,
2566 3626 2644 3687 ad

240 3725 441 3789 alium
484 3726 758 3803 aliquem
804 3729 865 3786 te
909 3725 1191 3786 scribere.
1279 3726 1401 3787 Sed
1453 3726 1562 3787 vbi
1608 3730 1669 3786 te
1717 3726 1908 3788 dubio
1949 3726 2167 3804 procul
2211 3726 2288 3786 de
2334 3745 2436 3785 me
2476 3725 2648 3802 loqui

244 3824 540 3900 perspexi,
572 3843 818 3883 mecum
860 3822 1172 3895 continuo,
1210 3824 1374 3899 Quid
1412 3824 1598 3886 times
1637 3826 1902 3886 Erasmo
1941 3826 2017 3885 de
2054 3826 2119 3884 te
2156 3823 2415 3898 credere,
2448 3822 2547 3884 cui
2585 3826 2649 3882 et

243 3922 439 3984 vitam
467 3922 793 3983 crederes?
873 3924 967 3983 Ac
1005 3921 1075 3981 in
1115 3942 1379 3997 summa,
1415 3923 1538 3983 nisi
1578 3927 1760 3984 tuum
1799 3924 1867 3982 in
1905 3942 2007 3982 me
2042 3941 2319 3983 amorem
2356 3912 2501 3982 huic
2539 3926 2648 3982 tuo

243 4019 486 4098 Lynceo
532 4019 808 4096 alioquin
863 4018 1089 4079 iudicio
1146 4020 1463 4097 imponere
1510 4021 1980 4097 existimassem,
2029 4023 2277 4101 egomet
2325 4020 2485 4080 mihi
2535 4021 2648 4080 im·
2678 4039 2739 4076 20

243 4120 628 4194 posuissem3
675 4122 739 4179 et
775 4121 1091 4196 vtcunque
1131 4138 1209 4178 ne
1238 4118 1387 4195 quid
1425 4122 1632 4181 tecum
1671 4119 2082 4195 dissimulem,
2116 4120 2303 4198 paulo
2339 4120 2485 4196 plus
2520 4117 2649 4178 tuis

245 4215 624 4276 carminibus
665 4236 851 4293 quam
894 4218 1076 4276 antea
1118 4216 1279 4276 mihi
1319 4217 1547 4294 placeo,
1597 4220 1699 4279 vel
1745 4219 1861 4279 hoc
1905 4219 2056 4294 solo,
2105 4218 2267 4297 quod
2316 4217 2647 4277 Erasmum

246 4316 464 4376 nactus
488 4334 630 4375 sum
668 4315 1068 4377 laudatorem.
1157 4314 1293 4390 Qua
1328 4315 1392 4375 in
1434 4336 1501 4375 re
1529 4317 1886 4378 Alexandro
1915 4318 2142 4395 Magno
2169 4315 2648 4377 fortunatiorem

247 4429 347 4470 me
384 4410 660 4484 arbitror,
689 4417 753 4473 et
791 4413 1031 4476 Achilli
1074 4432 1153 4474 ne
1195 4413 1521 4475 tantillum
1565 4415 1817 4493 quidem
1860 4416 2126 4477 inuideo.
2215 4414 2289 4475 Id
2331 4433 2478 4475 vero
2520 4413 2650 4492 ipse

984 4547 1097 4596 285.
1118 4559 1165 4607 5.
1202 4545 1395 4594 rettuli
1417 4549 1528 4597 LB:
1565 4546 1781 4597 rettulit
1804 4550 1908 4597 MS.

861 4663 973 4712 286.
997 4676 1070 4724 13.
1107 4664 1215 4711 tres
1239 4666 1362 4712 tuas
1385 4662 1667 4727 epistolas]
1696 4664 1826 4727 Epp.
1854 4679 2034 4727 232-4.

1376 4766 1400 4805 1
1431 4769 1454 4806 1
1481 4765 1521 4806 2
