3355 5380
633 386 750 441 308
1325 381 1702 443 LETTERS
1757 380 1866 442 013·
1920 379 2324 442 ERASMUS
2838 375 3029 462 [1500

638 528 798 605 cipio
827 529 1111 608 cogitare,
1141 533 1282 591 tum
1311 550 1461 591 vero
1497 529 1657 592 ratio
1694 531 1931 607 accepti
1966 533 2152 608 atque
2192 529 2449 606 expensi
2481 529 2858 607 neutiquam
2896 549 3033 590 con·

543 649 606 695 50
635 626 829 688 uenit.
913 630 1020 688 An
1067 629 1144 689 de
1188 648 1332 689 mea
1372 628 1699 690 fortunula
1744 628 2038 689 remetiar
2053 631 2087 689 Ῥ
2144 648 2301 706 quae
2343 647 2641 706 perquam
2685 629 2897 688 tenuis
2937 629 3031 687 est

634 725 943 803 planeque
975 726 1231 803 poetica,
1266 727 1329 786 id
1359 731 1457 788 est
1483 726 1763 804 maligna
1786 747 1857 788 ac
1886 746 2045 803 pene
2081 727 2274 802 nulla,
2305 746 2453 787 cum
2490 725 2914 804 proestantius
2948 726 3033 785 sit

635 823 699 883 id
728 823 894 901 quod
920 824 989 883 in
1017 845 1133 885 nos
1160 825 1489 886 contulisti
1514 844 1706 903 quam
1734 829 1804 886 vt
1833 825 1934 886 vel
1963 826 2228 886 Croesus
2256 825 2406 902 ipse,
2438 826 2494 885 si
2522 826 2846 885 vniuersas
2887 843 3033 900 opes

639 922 963 983 exhauriat
1003 941 1162 994 suas,
1205 943 1318 999 par
1355 943 1493 985 esse
1532 923 1768 999 possit;
1820 927 1932 984 aut
1971 923 2133 984 mihi
2168 924 2224 983 si
2265 924 2472 984 fontes
2507 922 2660 996 auri,
2700 926 2775 983 vt
2813 928 3033 998 poetae

643 1019 1020 1095 fabulantur,
1065 1022 1240 1082 domi
1282 1022 1429 1095 sint,
1474 1025 1583 1083 aut
1614 1022 1827 1100 Tagus
1868 1021 2096 1099 aliquis
2137 1021 2515 1083 Pactolusue
2556 1040 2777 1082 aureas
2817 1041 3036 1082 arenas

544 1134 608 1184 55
637 1117 916 1180 voluens.
1007 1119 1298 1180 Phalaris
1347 1124 1415 1182 et
1465 1124 1781 1198 tyrannus
1831 1123 1897 1181 et
1943 1119 2465 1198 opulentissimus
2509 1139 2657 1180 cum
2702 1119 3035 1198 Polycleto

637 1215 877 1276 medico
903 1218 1298 1293 amplissima
1324 1238 1590 1279 munera
1625 1219 1933 1296 planeque
1968 1219 2199 1297 regalia
2231 1218 2524 1293 misisset,
2555 1220 2784 1296 purgat
2818 1221 3031 1278 tamen

641 1315 924 1375 muneris
965 1316 1333 1391 exilitatem,
1384 1317 1693 1394 imparem
1739 1336 1809 1377 se
1855 1317 1993 1378 eius
2040 1317 2363 1378 beneficiis
2408 1317 2625 1377 fassus.
2711 1317 2850 1394 Ego
2888 1335 3035 1376 vero

638 1413 728 1473 sic
771 1416 844 1473 vt
886 1432 984 1474 res
1029 1414 1223 1476 habet
1263 1416 1486 1486 sentio,
1532 1419 1605 1476 vt
1646 1434 1728 1476 ne
1769 1416 1825 1477 si
1865 1436 1970 1476 me
2011 1418 2218 1477 totum
2266 1416 2523 1493 quidem
2571 1418 2848 1492 quantus
2889 1431 3030 1475 sum

640 1510 891 1588 pignori
933 1531 1291 1590 opposuero,
1337 1517 1447 1574 aut
1486 1515 1679 1574 etiam
1720 1513 1941 1591 capitis
1981 1515 2335 1575 auctionem
2373 1513 2592 1588 fecero,
2633 1512 2869 1589 possim
2906 1511 3033 1572 vlla

545 1620 611 1670 60
641 1629 720 1670 ex
760 1613 933 1685 parte
974 1611 1276 1671 soluendo
1315 1631 1465 1673 esse.
1558 1611 1798 1672 Verum
1838 1612 1965 1673 scio
2009 1615 2072 1673 te
2113 1614 2244 1672 tam
2286 1612 2403 1671 hac
2445 1611 2642 1689 gratia
2685 1630 2814 1670 non
2856 1629 3034 1687 egere

640 1727 828 1785 quam
856 1727 971 1786 ego
998 1710 1224 1769 referre
1252 1730 1381 1769 non
1417 1730 1714 1786 possum;
1753 1711 1865 1771 sed
1894 1710 2215 1770 interdum
2254 1710 2412 1770 bene
2448 1710 2648 1787 egisse
2684 1708 2933 1786 gratias,
2964 1712 3035 1767 vt

641 1804 732 1864 ait
788 1806 1035 1881 Seneca,
1086 1807 1373 1868 retulisse
1425 1811 1559 1883 est3
1617 1807 1933 1885 siquidem
1978 1809 2349 1886 Aeschynes
2406 1811 2582 1885 grata
2630 1807 3036 1883 modestaque

639 1904 917 1963 oratione
942 1905 1258 1965 Socratem
1295 1904 1418 1966 sibi
1453 1906 1908 1968 deuinctiorem
1934 1907 2205 1968 reddidit
2232 1926 2424 1984 quam
2451 1905 2799 1967 Alcibiadis
2823 1906 3035 1965 animo

643 1998 1081 2064 liberalissimo
1101 2022 1278 2078 pares
1294 2003 1568 2066 diuitiae.
1645 2006 1737 2066 At
1757 2006 1860 2066 hic
1882 2024 2133 2084 quoque
2153 2025 2345 2082 quam
2364 2005 2487 2065 sim
2504 2004 2714 2081 impar
2729 2022 3000 2081 agnosco
3021 2024 3036 2074 3

547 2114 611 2177 65
641 2102 962 2174 propterea
998 2100 1163 2178 quod
1195 2104 1375 2163 tanta
1415 2107 1569 2164 sunt
1609 2106 1721 2164 tua
1755 2104 1826 2165 in
1861 2124 1965 2164 me
2004 2104 2249 2178 merita,
2294 2106 2366 2164 vt
2402 2101 2805 2181 quantamuis
2842 2101 3036 2162 etiam

649 2196 897 2256 dicendi
917 2198 1156 2274 copiam
1177 2204 1487 2277 superent,
1512 2222 1715 2280 neque
1743 2202 2075 2280 quisquam
2094 2206 2227 2263 tam
2255 2202 2586 2279 magnifice
2613 2200 2814 2261 dicere
2840 2199 3037 2276 poenit

640 2294 804 2371 quod
847 2315 973 2355 non
1015 2297 1092 2357 ad
1134 2301 1312 2359 tuam
1351 2300 1816 2361 humanitatem
1859 2300 2019 2361 exile
2052 2299 2357 2374 videatur,
2400 2304 2541 2360 tum
2578 2320 2650 2359 ea
2689 2305 2786 2360 est
2825 2302 3039 2357 nostra

641 2392 908 2454 infantia
943 2399 1016 2457 vt
1058 2415 1139 2456 ne
1179 2397 1521 2458 mediocres
1562 2399 1820 2478 quidem
1861 2398 2156 2459 materias
2203 2399 2400 2476 possit
2448 2396 2711 2459 dicendo
2751 2415 3035 2474 aequare.

648 2490 935 2568 Denique
961 2515 1033 2554 ea
1059 2498 1154 2554 est
1180 2495 1420 2574 ingenii
1445 2497 1543 2557 tui
1581 2497 1903 2576 elegantia,
1936 2517 2009 2557 ea
2037 2496 2253 2557 iudicii
2289 2496 2639 2570 acrimonia,
2674 2499 2744 2555 vt
2773 2494 2872 2555 illi
2914 2493 3039 2554 nisi

553 2618 614 2669 70
643 2591 1023 2666 perpolitum
1052 2598 1339 2655 exactum
1367 2595 1873 2674 exquisitumque
1902 2595 2065 2655 nihil
2094 2599 2278 2673 queat
2304 2595 2671 2655 satisfacere.

662 2751 668 2754 ,
729 2688 933 2766 Quare
968 2712 1113 2753 eum
1150 2698 1412 2772 vtroque
1449 2696 1636 2755 modo
1670 2696 1907 2771 vincar,
1944 2699 2015 2755 vt
2052 2715 2169 2755 nec
2208 2696 2434 2755 referre
2462 2694 2657 2754 vllam
2701 2711 2813 2752 nec
2857 2710 3039 2769 agere

645 2807 825 2864 pares
849 2791 1082 2868 gratias
1109 2792 1362 2869 possim,
1399 2794 1462 2853 id
1493 2794 1658 2871 quod
1686 2813 1890 2854 vnum
1916 2794 2055 2870 opis
2081 2796 2178 2854 est
2205 2796 2451 2853 nostrae
2477 2793 2676 2852 facere
2708 2809 3037 2867 nunquam

652 2887 932 2949 desinam
951 2912 965 2964 3
993 2911 1221 2967 nempe
1243 2893 1609 2965 meminero,
1637 2892 1876 2967 amabo,
1899 2893 2131 2969 gratias
2150 2911 2333 2971 agam
2360 2911 2472 2969 pro
2492 2889 2752 2963 viribus,
2775 2890 3042 2949 referam

651 2985 955 3048 hactenus
981 2993 1050 3049 vt
1079 2990 1361 3067 ingratus
1389 2991 1647 3051 omnino
1677 2990 1881 3051 videri
1906 3010 2037 3050 non
2074 2990 2309 3068 possim
2335 3012 2351 3064 ;
2391 2989 2697 3065 mittoque
2731 2986 2853 3047 hoc
2879 2987 2959 3046 ad
2985 2991 3046 3046 te

555 3103 615 3157 75
644 3103 772 3144 non
816 3085 885 3145 in
927 3088 1188 3149 rationis
1229 3088 1683 3161 deductionem,
1728 3089 1837 3149 sed
1877 3088 2076 3149 animi
2116 3087 2279 3166 grati
2318 3086 2640 3161 indicium,
2684 3085 3040 3146 Homerum

644 3183 968 3261 Graecum,
1013 3207 1201 3264 quem
1242 3208 1356 3265 ego
1398 3187 1477 3246 ab
1515 3188 1775 3248 homine
1817 3186 2198 3248 amicissimo
2239 3185 2488 3260 abstuli,
2532 3188 2602 3245 vt
2649 3188 2714 3244 te
2755 3183 2923 3244 mihi
2972 3203 3041 3242 eo

641 3280 865 3342 faciam
891 3284 1265 3347 amiciorem.
1356 3286 1532 3346 Bene
1556 3285 1713 3345 vale.

1409 3501 1551 3563 133.
1644 3498 1742 3562 To
1782 3497 2017 3563 JAMES
2062 3498 2272 3564 BA'rr.

710 3598 956 3669 Farrago
980 3619 1036 3671 p.
1064 3603 1183 3655 280.
2483 3598 2735 3654 Orleans.

713 3686 774 3740 F.
801 3703 856 3756 p.
884 3702 1021 3757 395:
1063 3688 1200 3743 HN:
1239 3687 1412 3744 Lond.
1439 3691 1515 3744 ix.
1543 3706 1642 3759 30:
1683 3690 1792 3744 LB.
1821 3692 1905 3758 76.
2256 3686 2627 3761 <September
2648 3688 2745 3741 fin.
2779 3685 2971 3758 1500.)

707 3807 1025 3871 [Evidently
1051 3810 1188 3859 later
1221 3810 1358 3858 than
1395 3810 1489 3873 Ep.
1523 3825 1627 3871 131,
1653 3826 1712 3859 as
1747 3810 2001 3860 Erasmus
2034 3812 2082 3860 is
2115 3826 2187 3860 no
2209 3809 2397 3873 longer
2430 3824 2500 3859 on
2532 3808 2666 3872 good
2686 3810 2873 3857 'terms
2906 3807 3038 3856 with

634 3873 966 3935 Augustin03
1003 3875 1101 3923 but
1124 3878 1219 3924 not
1242 3876 1370 3938 long
1390 3878 1532 3926 after
1553 3878 1648 3925 the
1676 3892 1835 3926 move
1856 3880 1914 3926 to
1933 3876 2159 3939 Voeoht,
2185 3877 2333 3925 since
2353 3874 2478 3924 that
2498 3877 2547 3924 is
2568 3876 2695 3924 here
2717 3873 3040 3924 announoed

634 3941 691 3987 to
715 3940 842 3988 Batt
865 3940 948 3987 for
968 3940 1063 3989 the
1085 3940 1206 3990 first
1227 3942 1403 4006 time]

1173 4074 1490 4122 ERASMVS
1542 4074 2054 4122 ROTERODAMVS
2099 4074 2321 4122 BA'r'ro
2366 4073 2507 4121 SVO.

725 4194 931 4253 Simu:
977 4193 1341 4269 plurimum,
1387 4195 1760 4256 suauissime
1802 4195 2003 4256 Batte.
2089 4195 2216 4256 Res
2262 4199 2515 4256 nostrae
2563 4194 2652 4255 sic
2696 4192 2936 4254 habent
2974 4195 3044 4252 vt

643 4292 768 4352 iam
825 4293 922 4352 vel
979 4293 1294 4354 amantius
1350 4293 1623 4354 blandiri
1676 4294 1780 4354 vel
1835 4293 2103 4354 iocosius
2155 4292 2534 4354 stomachari
2586 4311 2793 4368 neque
2854 4290 3043 4351 libeat

641 4411 840 4468 neque
893 4391 1091 4452 liceat.
1184 4393 1308 4452 Res
1362 4412 1534 4453 meas
1586 4391 1888 4468 accipies;
1957 4412 2144 4471 quare
2196 4396 2261 4453 te
2315 4411 2544 4469 quaeso
2603 4395 2676 4451 vt
2722 4390 3040 4451 Batticum

769 4520 1000 4600 53.'auri
1027 4544 1070 4588 F
1090 4543 1262 4600 Cori-69.
1289 4558 1302 4588 ε
1335 4541 1486 4589 aurei
1511 4543 1570 4590 Ε.
1769 4542 1851 4602 69.
1888 4538 1973 4589 illi
1996 4556 2085 4590 om.
2109 4543 2173 4589 N.
2377 4554 2454 4601 73.
2490 4539 2690 4601 gratias
2711 4542 2828 4587 add.
2854 4542 2909 4587 F.

703 4674 784 4720 62.
826 4672 1041 4736 Seneca]
1077 4677 1190 4722 Bm.
1219 4688 1266 4723 ε.
1290 4688 1369 4733 3ο.
1393 4689 1426 4721 2
1447 4673 1556 4723 and
1580 4687 1663 4735 35.
1692 4688 1734 4723 1.
2002 4672 2338 4738 Aemhynes]
2375 4671 2459 4722 Cf.
2483 4663 2607 4721 Seu.
2632 4675 2749 4720 Ben-
2781 4685 2825 4722 1.
2849 4673 2896 4719 8.
