3355 5380
671 290 791 348 478
1374 282 1753 345 LETTERS
1807 279 1918 345 OF
1974 281 2370 345 ERASMUS
2887 279 2949 362 [1
2963 295 3001 357 5
3012 300 3036 340 1
3054 299 3082 339 1

752 442 927 518 Quod
980 443 1056 503 de
1101 441 1381 520 Diogene
1428 440 1612 516 rides,
1661 441 1952 519 equidem
1998 441 2236 519 gaudeo
2285 460 2387 500 me
2436 439 2554 500 tibi
2602 459 2849 518 quoquo
2897 443 3090 516 pacto

667 539 978 617 voluptati
1005 559 1154 601 esse.
1241 540 1333 599 At
1361 559 1475 617 ego
1502 538 1660 599 serio
1680 539 2029 617 'Diogenem
2051 557 2248 615 agam,
2284 538 2340 598 si
2375 540 2591 615 pergat
2617 536 2868 597 fortuna
2891 558 2907 610 ;
2949 556 3089 598 non

668 641 739 699 vt
792 638 955 699 mihi
1009 657 1119 698 rex
1180 656 1398 714 regum
1455 637 1771 698 maximus
1826 637 2054 711 videar,
2107 637 2215 697 sed
2269 639 2342 696 vt
2386 636 2570 713 plane
2616 634 2822 695 vitam
2877 634 3089 712 ipsam

582 757 644 793 20
665 739 1106 809 contemnam;
1146 734 1379 812 alioqui
1415 734 1566 813 quid
1606 734 1781 796 aliud
1819 735 1905 796 sit
1938 735 2055 796 hac
2090 736 2293 795 aetate
2336 736 2524 812 atque
2557 734 2677 794 hac
2712 733 3089 794 valetudine

667 833 1015 912 Diogenem
1069 852 1249 911 agere
1266 835 1300 894 Ῥ
1402 832 1565 908 Quid
1615 835 1827 894 autem
1876 853 2007 894 non
2052 835 2268 910 postea
2311 834 2675 893 contemnat
2718 831 2826 908 qui
2875 832 3086 893 vitam

668 933 947 1010 negligat
962 934 996 993 ἰ’
1076 931 1316 992 Verum
1374 930 1437 991 id
1494 931 1720 1009 quouis
1774 933 1912 993 loco
1967 931 2197 1006 licebit,
2260 930 2362 992 vel
2415 931 2579 1008 apud
2630 931 3089 1004 flammantem

667 1030 920 1091 tametsi
948 1031 1066 1091 hoc
1096 1049 1343 1107 quoque
1370 1028 1618 1089 felicius
1643 1049 1966 1091 cessurum
1988 1030 2258 1091 arbitror
2272 1049 2462 1108 quam
2484 1029 2647 1091 hanc
2666 1029 3087 1090 ambitionem

667 1131 871 1191 multo
896 1127 1418 1201 infelicissimam,
1453 1126 1701 1187 etiamsi
1727 1126 1907 1189 foeda
1935 1148 2063 1188 non
2090 1131 2269 1188 esset.

581 1247 639 1296 ²5
750 1228 843 1287 De
872 1228 1064 1288 Croco
1089 1225 1328 1304 scripsi,
1361 1244 1489 1286 non
1518 1225 1683 1302 quod
1712 1225 1874 1285 mihi
1914 1245 2280 1304 persuasum
2308 1230 2474 1288 esset
2499 1225 2663 1304 apud
2688 1228 2750 1287 te
2787 1225 3088 1303 pecunias

666 1346 801 1387 esse
842 1325 1093 1400 alienas,
1120 1328 1191 1386 vt
1234 1344 1422 1401 quem
1463 1323 1656 1385 sciam
1697 1327 1763 1384 et
1803 1324 1971 1385 vltro
2019 1324 2283 1385 traditas
2327 1322 2662 1400 abiecisse;
2715 1324 2823 1386 sed
2872 1323 3086 1384 existi·

667 1424 918 1486 mabam
966 1423 1036 1483 in
1079 1422 1363 1499 Anglum
1414 1424 1475 1482 te
1523 1421 1823 1482 libentius
1866 1422 2327 1498 collocaturum,
2378 1423 2434 1483 si
2477 1422 2629 1501 quid
2675 1422 2834 1482 forte
2877 1423 3085 1493 esset;

666 1525 983 1600 praeterea
1029 1522 1098 1581 in
1150 1519 1444 1580 iuuenem
1493 1520 1722 1580 rectius
1763 1520 1953 1581 etiam
2013 1519 2298 1580 collocari
2347 1518 2739 1596 beneficium,
2786 1520 2843 1581 si
2892 1520 3083 1580 modo

666 1621 865 1681 bonae
926 1620 1010 1680 sit
1072 1618 1240 1697 spei:
1307 1621 1369 1678 et
1432 1617 1801 1679 destituitur
1866 1618 1979 1678 ille
2032 1637 2070 1678 a
2129 1618 2452 1679 nonnullis
2506 1619 2611 1697 qui
2665 1619 3087 1696 promiserant

580 1737 645 1788 30
667 1717 1040 1779 subsidium.
1130 1716 1327 1777 Porro
1356 1717 1521 1793 quod
1559 1716 1720 1777 mihi
1758 1719 1898 1777 tuas
1936 1716 2121 1777 offers
2156 1716 2467 1794 pecunias,
2500 1737 2764 1795 agnosco
2803 1720 3082 1779 veterem

669 1820 854 1878 tuum
901 1816 969 1876 in
1018 1834 1120 1875 me
1164 1814 1464 1891 animum,
1518 1816 1580 1873 et
1624 1815 1891 1892 gratiam
1939 1813 2137 1874 habeo
2183 1835 2371 1892 quam
2415 1834 2671 1891 possum
2715 1816 3078 1876 maximam.

672 1912 793 1974 Sed
834 1899 1101 1992 pupugit
1140 1910 1436 1972 nonnihil
1478 1910 1763 1972 animum
1805 1932 2020 1973 meum
2056 1911 2320 1973 verbum
2361 1912 2540 1988 illud,
2573 1913 2921 1990 quamlibet
2948 1914 3086 1974 ioco

669 2011 931 2086 dictum,
982 2013 997 2042 ⁴
1014 2009 1082 2070 Si
1123 2008 1452 2070 humiliter
1491 2011 1986 2071 mendicaueris!
2085 2010 2369 2071 Fortasse
2423 2011 2754 2089 significas,
2816 2017 2878 2072 et
2934 2032 3086 2074 vere

667 2109 1001 2187 significas,
1035 2106 1199 2186 quod
1228 2111 1462 2169 sortem
1493 2111 1776 2169 nostram
1805 2113 1936 2170 tam
1967 2109 2180 2187 iniquo
2215 2109 2479 2170 ferimus
2511 2109 2739 2187 anim0,
2776 2111 2841 2170 id
2873 2114 3081 2171 totum

583 2228 642 2277 35
667 2207 747 2268 ab
775 2207 1055 2267 humana
1080 2204 1369 2282 superbia
1397 2206 1707 2283 proficisci
1732 2229 1747 2280 3
1787 2227 1938 2268 nam
1959 2226 2105 2267 vere
2126 2207 2305 2267 mitis
2333 2208 2585 2268 animus
2605 2212 2668 2270 et
2686 2209 3085 2271 Christianus

670 2305 882 2366 omnia
930 2305 1081 2366 boni
1128 2305 1416 2366 consulit.
1515 2303 1656 2365 Hoc
1706 2304 1908 2382 magis
1949 2304 2244 2380 admiror,
2290 2325 2411 2384 quo
2450 2305 2613 2366 nodo
2653 2306 3083 2368 humilitatem

669 2422 815 2463 cum
843 2401 1285 2462 inuerecundia
1312 2402 1638 2488 copularis.
1723 2402 1826 2463 Sic
1860 2402 2031 2463 enim
2072 2403 2305 2476 scribis,
2345 2405 2360 2434 ⁴
2378 2404 2447 2464 Si
2485 2403 2814 2466 humiliter
2848 2407 3087 2468 mendi-

669 2498 946 2573 caueris,'
972 2502 1037 2560 et
1070 2501 1087 2531 ⁴
1103 2499 1159 2560 si
1186 2499 1604 2561 inuerecunde
1631 2500 1852 2576 petas.’
1908 2499 2071 2561 Nam
2100 2501 2155 2562 si
2184 2501 2428 2579 vulgari
2454 2523 2627 2564 more
2657 2504 3083 2566 humilitatem

668 2617 855 2659 vocas
911 2617 1068 2676 quae
1122 2601 1361 2676 pugnet
1415 2617 1561 2657 cum
1615 2599 1985 2676 arrogantia,
2020 2599 2127 2677 qui
2190 2600 2489 2661 conuenit
2542 2602 2969 2680 impudentiae
3017 2607 3083 2664 et

580 2720 646 2768 40
670 2697 1009 2757 modestiae
1025 2699 1058 2757 ⁶?
1155 2697 1269 2757 Sin
1313 2698 1641 2758 humiliter
1684 2696 1963 2775 appellas
2002 2697 2316 2758 seruiliter
2363 2702 2552 2778 atque
2597 2700 2849 2774 abiecte,
2898 2703 3087 2781 longe

670 2795 967 2856 dissentis
994 2815 1031 2856 a
1056 2795 1309 2871 Seneca,
1342 2795 1435 2855 mi
1465 2795 1699 2871 Colete‚
1733 2795 1842 2873 qui
1868 2798 2050 2874 putat
2086 2796 2252 2857 nihil
2289 2802 2571 2859 constare
2607 2799 2857 2860 charius
2893 2820 3085 2876 quam

668 2896 834 2972 quod
878 2893 1163 2974 precibus
1211 2894 1477 2968 emitur;
1521 2912 1636 2953 nec
1672 2913 1819 2952 eum
1861 2894 2120 2955 omnino
2163 2894 2349 2955 amici
2390 2895 2589 2956 officio
2635 2897 2816 2975 fungi
2858 2898 2965 2976 qui
3005 2898 3088 2959 ab

665 2993 867 3053 amico
893 2992 1155 3053 verbum
1183 2991 1342 3053 illud
1370 2990 1612 3052 humile
1644 2993 1658 3021 ‘
1675 2991 1850 3070 Rogo
1869 2992 1885 3017 '
1910 2996 2208 3069 expectat.
2270 2995 2553 3055 Socrates
2578 2995 2911 3073 aliquando
2937 3017 3085 3057 cum

667 3091 888 3152 amicis
943 3090 1368 3165 confabulanS,
1433 3090 1815 3150 ‘Emissem'
1872 3090 2080 3166 inquit
2139 3090 2359 3152 ‘hodie
2414 3093 2699 3171 pallium,
2744 3093 2869 3153 nisi
2921 3094 3085 3155 mihi

580 3212 640 3261 45
671 3190 938 3267 pecunia
978 3189 1321 3251 defuisset)
1404 3188 1553 3249 Sero
1581 3187 1770 3262 dedit,
1808 3188 2015 3266 inquit
2055 3189 2303 3266 Seneca,
2335 3190 2442 3268 qui
2482 3193 2623 3269 post
2664 3190 2825 3252 hanc
2865 3212 3084 3252 vocem

673 3286 864 3347 dedit.
956 3285 1146 3347 Alius
1189 3287 1444 3365 quidam
1486 3286 1706 3360 amico,
1740 3305 1885 3345 cum
1922 3288 1989 3346 et
2028 3290 2235 3365 egeret
2271 3291 2337 3348 et
2375 3292 2735 3368 aegrotaret,
2769 3294 3086 3369 vtrunque

675 3386 891 3444 tamen
918 3384 1150 3461 pudore
1168 3385 1436 3462 quodam
1455 3384 1898 3459 dissimulanti,
1922 3385 2254 3461 pecuniam
2284 3387 2402 3448 sub
2422 3387 2720 3449 ceruicale
2741 3388 3086 3450 dormienti

670 3480 955 3543 subiecit.
1045 3483 1177 3560 Ego
1220 3501 1363 3543 cum
1406 3482 1557 3543 haec
1599 3482 1960 3543 adolescens
2000 3483 2284 3561 legerem,
2315 3485 2551 3545 mirum
2594 3507 2781 3564 quam
2821 3487 3085 3548 alterius

671 3579 1086 3641 verecundiae
1113 3580 1395 3656 fauerim,
1428 3580 1682 3641 alterius
1709 3580 2038 3641 candorem
2067 3584 2429 3645 amauerim.

580 3699 644 3750 50
754 3676 876 3738 Sed
905 3676 1173 3754 obsecro,
1206 3678 1357 3755 quid
1386 3699 1489 3739 me
1516 3682 1720 3755 potest
1748 3699 1881 3739 esse
1910 3680 2391 3742 inuerecundius
2425 3686 2535 3743 aut
2572 3683 2721 3762 quid
2758 3683 3077 3758 abiectius,

670 3775 780 3852 qui
798 3774 926 3835 iam
955 3775 1062 3835 diu
1089 3775 1338 3853 publice
1367 3777 1718 3837 mendicem
1746 3777 1813 3836 in
1843 3778 2127 3855 Anglia‘?
2194 3779 2298 3840 Ab
2324 3781 2803 3860 Archiepiscopo
2828 3784 3081 3843 tantum

669 3872 878 3949 accepi
924 3876 997 3933 vt
1042 3871 1374 3951 plusquam
1421 3874 1960 3952 improbissimum
2009 3876 2092 3936 sit
2140 3877 2219 3937 ab
2268 3899 2342 3939 eo
2391 3879 2741 3958 quicquam,
2786 3881 2976 3940 etiam
3025 3881 3083 3941 si

666 3968 898 4048 offerat,
950 3970 1242 4049 accipere.
1331 3973 1435 4032 Ab
1495 3973 1570 4034 N.
1623 3973 1776 4033 satis
1827 3974 2114 4034 audacter
2167 3976 2338 4053 petii,
2398 3981 2463 4039 at
2516 3978 2626 4038 ille
2681 3978 3084 4056 impudenter

666 4072 992 4146 rogantem
1034 4068 1462 4147 impudentius
1503 4070 1796 4148 reppulit.
1887 4072 2030 4132 Iam
2068 4073 2263 4135 etiam
2303 4075 2568 4136 Linacro
2611 4080 2825 4138 nostro
2868 4077 3085 4138 videor

576 4191 639 4241 55
665 4185 889 4243 parum
934 4166 1337 4244 verecundus,
1387 4168 1495 4248 qui
1541 4189 1687 4229 cum
1733 4169 1918 4230 sciret
1966 4189 2070 4231 me
2112 4172 2401 4235 Londino
2457 4174 2768 4237 discedere
2818 4176 2926 4237 vix
2972 4196 3083 4238 sex

665 4263 1043 4327 instructum
1070 4266 1402 4343 nobilibus,
1425 4269 1491 4328 et
1511 4267 1945 4329 valetudinem
1971 4270 2206 4347 optime
2235 4272 2418 4348 norit,
2451 4275 2529 4334 ad
2557 4273 2710 4335 haec
2735 4274 3081 4335 instantem

669 4361 980 4439 hyemem,
1027 4367 1243 4427 tamen
1288 4366 1505 4427 sedulo
1535 4368 1753 4426 monet
1772 4366 1865 4427 vti
1894 4387 2149 4445 parcam
2173 4371 2668 4451 ArchiepiscopO,
2704 4373 2798 4434 vti
2826 4393 3081 4451 parcam

1103 4490 1181 4535 42.
1219 4488 1344 4524 eum
1369 4480 1482 4527 add.
1509 4480 1572 4526 H.
1777 4477 1860 4538 56.
1897 4477 2171 4528 nobilibus
2194 4484 2273 4529 E:
2307 4482 2573 4545 angelatis
2596 4486 2651 4533 F.

734 4602 815 4650 45.
852 4590 1080 4655 Seneca]
1105 4595 1224 4642 Bm.
1252 4607 1298 4654 7.
1326 4608 1407 4652 24.
1991 4609 2071 4656 53.
2116 4594 2208 4660 R]
2234 4596 2505 4660 Probably
2527 4598 2827 4661 HouutJoy.
