3355 5380
663 348 774 409 192
1358 344 1735 408 LETTERS
1788 345 1895 406 01²·
1949 344 2349 406 ERASMUS
2859 339 3045 423 [1497

656 524 800 567 cum
845 503 1232 581 Epimenide,
1275 502 1386 580 qui
1431 501 1533 563 vel
1579 521 1717 562 sero
1764 500 1842 562 ad
1887 520 2020 561 sese
2062 499 2332 561 redierit.
2404 501 2499 560 At
2539 497 2816 577 plerique
2852 495 3052 559 nostri

656 601 955 679 temporis
1007 599 1284 678 theologi
1332 620 1658 678 nunquam
1712 599 2242 677 expergiscuntur,
2291 600 2357 659 et
2408 617 2554 658 cum
2610 597 3054 675 mandragorae

569 722 630 773 55
656 699 1054 775 indormiant,
1105 698 1378 759 maxime
1423 697 1682 776 vigilare
1728 696 1848 757 sibi
1899 697 2208 758 videntur.
2309 695 2431 757 Sed
2477 695 2557 755 ad
2611 692 3053 772 Epimenidem

658 798 1185 877 expergiscentem
1226 799 1629 857 reuertamur.

740 896 1190 975 Expergiscens
1235 895 1443 972 igitur,
1490 893 1599 954 vbi
1643 913 1867 955 somno
1904 892 2315 953 conniuentes
2354 891 2564 952 oculos
2610 890 3053 964 confricuisset,

661 997 943 1057 nondum
1012 993 1133 1054 sibi
1202 994 1357 1055 satis
1421 993 1624 1054 fidens
1693 992 2062 1069 vigilaretne
2129 1011 2214 1051 an
2282 991 2637 1064 somniaret,
2694 988 3056 1067 speluncam

660 1111 944 1171 egressus
1006 1095 1122 1153 est.
1251 1091 1354 1152 Ibi
1418 1111 1562 1151 cum
1627 1091 1907 1150 cerneret
1966 1093 2167 1150 totam
2222 1087 2717 1149 circumiacentis
2783 1086 3059 1163 regionis

570 1201 638 1252 6ο
660 1192 882 1252 faciem
910 1190 1329 1263 immutatam,
1368 1189 1658 1249 videlicet
1696 1190 1875 1249 tanto
1913 1188 2119 1266 spatio
2150 1206 2462 1248 annorum
2488 1186 2827 1247 fluminum
2864 1185 3060 1245 alueis

663 1288 788 1350 alio
840 1287 1176 1363 translatis,
1234 1286 1433 1365 syluis
1487 1286 1640 1346 alibi
1694 1285 1926 1361 recisis,
1986 1285 2138 1346 alibi
2190 1284 2406 1361 enatis,
2457 1285 2693 1361 campis
2745 1284 2815 1344 in
2869 1282 3062 1343 colles

662 1386 1035 1461 tumefactis,
1066 1385 1328 1445 collibus
1371 1385 1439 1444 in
1480 1384 1667 1462 plana
1709 1384 2015 1457 demissis,
2045 1403 2192 1444 cum
2220 1385 2286 1444 et
2320 1384 2528 1461 ipsum
2563 1401 2781 1460 specus
2816 1380 3060 1442 aditum

664 1504 918 1546 muscus
943 1484 1237 1544 obsidens
1263 1503 1334 1544 ac
1360 1486 1615 1560 vepreta
1642 1486 2008 1556 mutassent,
2039 1483 2238 1561 coepit
2263 1480 2454 1542 homo
2482 1481 2560 1541 de
2587 1480 2790 1559 seipso
2818 1497 3064 1557 quoque

665 1584 967 1645 dubitare.
1057 1582 1214 1643 Adit
1253 1579 1489 1655 vrbem,
1537 1584 1600 1641 et
1641 1581 1745 1641 hic
1786 1600 1953 1642 noua
1993 1581 2250 1654 omnia;
2303 1598 2432 1640 non
2472 1578 2753 1656 agnoscit
2794 1577 3060 1651 moenia,

577 1692 641 1758 ⁶5
667 1701 796 1741 non
822 1681 975 1754 vias,
1010 1699 1140 1740 non
1176 1682 1514 1753 monetam,
1544 1698 1675 1739 non
1712 1679 2004 1740 homines
2038 1679 2244 1755 ipsosz
2284 1678 2447 1739 alius
2483 1678 2707 1752 cultus,
2737 1677 2846 1737 alii
2881 1676 3061 1749 ritus,

667 1781 828 1841 alius
854 1799 1079 1839 serm0.
1166 1778 1369 1839 Tanta
1396 1781 1490 1838 est
1522 1797 1734 1838 rerum
1772 1778 2195 1839 humanarum
2221 1775 2601 1838 volubilitas.
2688 1776 2779 1836 Vt
2806 1775 3070 1853 quisque

671 1882 804 1939 erat
852 1877 1091 1952 obuius,
1138 1875 1508 1953 compellat:
1572 1877 1590 1906 ‘
1610 1875 1790 1937 Heus
1838 1879 1926 1951 tu,
1976 1895 2105 1936 non
2153 1874 2272 1934 tibi
2318 1874 2536 1934 videor
2578 1873 2984 1952 Epimenides
3000 1874 3035 1933 ‘?
3051 1870 3071 1897 '

671 1974 794 2035 Ille
848 1994 914 2034 se
971 1973 1161 2034 rideri
1209 1976 1453 2051 putans,
1514 1975 1531 2004 ‘
1550 1978 1604 2036 ἐς
1649 1977 1884 2051 κόρακας
1902 1974 1918 1999 ’
1961 1973 2171 2051 inquit
2223 1974 2238 2003 ‘
2260 1973 2573 2050 hospitem
2621 1971 2886 2049 quaere!
2965 1970 3071 2030 Ita

672 2073 973 2133 ridiculus
1019 2092 1267 2133 menses
1312 2072 1556 2149 aliquot
1603 2071 1982 2146 obambulat,
2031 2072 2228 2132 donec
2273 2072 2344 2131 in
2399 2074 2786 2148 compotores
2832 2069 3071 2146 aliquot

586 2195 649 2247 70
673 2169 973 2230 incideret
1000 2170 1128 2230 iam
1157 2169 1497 2230 admodum
1529 2188 1726 2245 senes,
1759 2167 1839 2229 ab
1864 2169 1968 2229 his
1994 2172 2309 2246 vtcunque
2335 2172 2430 2229 est
2456 2168 2725 2247 agnitus.

756 2267 878 2329 Sed
927 2287 1058 2344 age,
1101 2267 1192 2326 mi
1234 2267 1499 2341 Thema,
1539 2265 1691 2343 quid
1736 2270 1808 2327 tu
1857 2267 2294 2345 Epimenidem
2344 2269 2443 2327 tot
2486 2285 2687 2327 annos
2729 2266 3073 2326 somniasse

676 2367 830 2427 reris
846 2368 879 2427 Ῥ
946 2366 1097 2443 quid
1135 2364 1307 2426 aliud
1346 2385 1535 2442 quam
1577 2365 1694 2425 has
1734 2365 2182 2426 subtilissimas
2221 2365 2602 2426 subtilitates
2642 2365 2869 2442 quibus
2903 2384 3075 2425 nunc

677 2485 745 2525 se
763 2465 1051 2525 iactitant
1072 2463 1401 2525 Scotidae'?
1445 2483 1595 2524 nam
1620 2463 2059 2541 Epimenidem
2082 2464 2150 2525 in
2167 2464 2351 2524 Scoto
2372 2466 2659 2524 renatum
2679 2462 2783 2523 vel
2806 2462 3077 2523 deierare

680 2583 806 2624 non
838 2562 1139 2623 dubitem.
1227 2562 1390 2638 Quid
1419 2563 1475 2622 si
1501 2562 1747 2623 videres
1781 2563 2119 2623 Erasmum
2146 2563 2313 2622 iuter
2353 2582 2556 2622 sacros
2592 2560 2737 2622 illos
2773 2560 3078 2621 Scotistas

593 2680 654 2740 75
680 2662 953 2743 κεχηνότα
978 2661 1317 2735 sedentem,
1341 2681 1378 2722 e
1403 2659 1666 2723 sublimi
1693 2660 1850 2723 solio
1879 2661 2268 2740 praelegente
2295 2658 2670 2737 Gryllardo‘?
2716 2659 2772 2721 si
2800 2677 3083 2721 cerneres

678 2762 952 2821 frontem
980 2762 1382 2834 contractam,
1419 2760 1635 2821 oculos
1661 2762 2004 2838 stupentes,
2033 2759 2288 2821 vultum
2316 2758 2657 2819 sollicitum
2672 2761 2707 2819 ⁴?
2782 2756 3082 2819 Alterum

681 2879 816 2920 esse
865 2859 1117 2921 diceres.
1205 2858 1454 2936 Negant
1503 2859 1694 2920 huius
1742 2858 2108 2936 disciplinae
2153 2857 2454 2935 mysteria
2492 2857 2726 2935 percipi
2771 2875 2952 2934 posse
2999 2856 3081 2917 ab

681 2976 753 3016 eo
793 2956 895 3017 cui
933 2956 1268 3033 quicquam
1303 2955 1562 3016 omnino
1590 2956 1948 3016 commercii
1979 2955 2064 3016 sit
2097 2975 2241 3016 cum
2270 2954 2471 3016 Musis
2501 2956 2612 3015 aut
2648 2974 2792 3015 cum
2820 2954 3078 3016 Gratiis.

682 3054 1144 3116 Dediscendum
1172 3056 1283 3128 est,
1308 3053 1363 3113 si
1391 3053 1540 3130 quid
1567 3053 1875 3114 bonarum
1903 3054 2226 3115 literarum
2253 3053 2566 3130 attigeris;
2608 3052 3082 3127 reuomendum,

596 3166 660 3215 80
681 3153 737 3212 si
781 3153 932 3229 quid
975 3151 1259 3213 hauseris
1307 3170 1383 3210 ex
1431 3149 1749 3212 Helicone.
1835 3153 2107 3214 Adnitor
2150 3171 2263 3230 pro
2310 3151 2497 3226 virili,
2542 3171 2619 3211 ne
2661 3151 2812 3228 quid
2858 3151 3089 3212 Latine

684 3250 905 3324 dicam,
951 3269 1032 3309 ne
1079 3249 1230 3326 quid
1272 3252 1535 3310 venuste
1576 3253 1685 3310 aut
1732 3252 1936 3312 salse:
1994 3257 2057 3312 et
2093 3251 2344 3311 videtur
2379 3269 2477 3310 res
2520 3249 2887 3328 procedere:
2943 3267 3093 3326 spes

684 3351 780 3408 est
815 3347 948 3408 fore
982 3351 1053 3407 vt
1091 3348 1427 3408 Erasmum
1467 3352 1809 3424 agnoscant
1835 3349 2188 3426 aliquando.

770 3443 1086 3519 Quorsum
1134 3447 1344 3505 autem
1397 3445 1546 3505 haec
1563 3447 1597 3506 ⁴?
1654 3447 1915 3524 inquies.
2010 3447 2103 3508 Ne
2157 3446 2306 3524 quid
2355 3446 2614 3525 posthac
2667 3448 2949 3522 expectes
3004 3443 3094 3504 ab

687 3541 949 3601 Erasmo
1004 3543 1169 3619 quod
1226 3543 1494 3620 pristina
1549 3544 1757 3605 studia
1811 3564 2094 3605 moresne
2147 3544 2362 3622 sapiat,
2414 3565 2655 3606 memor
2706 3546 2876 3605 inter
2928 3562 3098 3621 quos

600 3650 664 3714 85
688 3659 913 3715 verser,
974 3640 1140 3701 inter
1201 3661 1354 3719 quos
1417 3643 1641 3703 cotidie
1707 3643 1996 3718 sedeam3
2079 3644 2147 3703 tu
2212 3643 2329 3703 tibi
2384 3643 2581 3703 alium
2643 3660 3096 3721 congerronem

691 3753 931 3814 quaere.
1017 3738 1253 3799 Verum
1294 3759 1375 3799 ne
1411 3740 1560 3817 quid
1602 3761 1786 3815 erres,
1819 3741 2237 3801 mellitissime
2281 3741 2448 3815 Grei,
2480 3740 2681 3802 nolim
2712 3740 2864 3801 haec
2900 3739 3100 3799 inter·

692 3836 953 3913 preteris
1007 3837 1075 3896 in
1132 3837 1333 3915 ipsam
1390 3838 1555 3900 dicta
1601 3839 2000 3917 theologiam,
2054 3859 2261 3917 quam,
2312 3841 2386 3899 vt
2433 3840 2572 3915 scis,
2619 3841 2801 3900 vnice
2847 3857 3102 3916 semper

694 3932 895 4008 colui;
973 3934 1080 3995 sed
1142 3935 1211 3995 in
1276 3939 1523 3998 nostrae
1583 3939 1976 4015 tempestatis
2028 3936 2482 4015 theologastros
2535 3937 2840 4014 quosdam
2903 3935 3102 3997 iocari

696 4031 898 4107 libuit,
959 4052 1227 4109 quorum
1282 4035 1602 4096 cerebellis
1657 4035 1823 4096 nihil
1889 4035 2188 4113 putidius,
2248 4034 2467 4114 lingua
2530 4035 2692 4096 nihil
2747 4034 3098 4109 barbarius,

766 4273 845 4324 75.
882 4260 1193 4327 Gryuardo]
1251 4263 1545 4327 Evidently
1587 4281 1619 4314 a
1664 4266 1843 4316 wilful
1945 4265 2169 4328 Gryllus
2182 4266 2416 4315 Graecus
2431 4265 2704 4315 veneficiis
2719 4265 2896 4314 Circes
2908 4278 3104 4314 versus

697 4327 1014 4388 corruption
1031 4327 1089 4375 of
1107 4342 1252 4376 some
1270 4343 1429 4378 name
1446 4330 1558 4380 like
1575 4332 1841 4395 Guillard,
1944 4333 2005 4381 in
2029 4345 2181 4380 suem
2205 4332 2450 4394 disputat
2471 4346 2594 4380 cum
2616 4331 2823 4394 Vlysse,
2854 4345 3104 4381 asserens

701 4391 773 4453 by
816 4393 1176 4454 composition
1228 4395 1368 4443 with
1425 4396 1682 4458 Gryllus;
1747 4398 1847 4446 but
1946 4398 2232 4447 brutorum
2293 4397 2662 4446 animantium
2723 4395 3099 4447 conditionem

703 4456 952 4506 Guillard
974 4457 1103 4507 does
1124 4460 1221 4508 not
1242 4474 1438 4523 appear
1458 4463 1519 4510 in
1542 4462 1679 4511 the‘
1696 4463 1848 4512 Cata-
1946 4463 2243 4511 feliciorem
2278 4477 2392 4511 esse
2434 4462 2711 4525 humana;
2759 4463 2872 4511 also
2904 4461 3102 4525 Gryllo

703 4523 856 4585 logus
892 4524 1241 4588 provisorum,
1279 4527 1544 4575 sociorum
1578 4532 1635 4578 et
1670 4527 1848 4591 hospi·
1949 4529 2184 4588 stultior,
2217 4529 2276 4576 in
2310 4529 2407 4577 the
2440 4532 2508 4577 Do
2546 4532 2699 4590 Οφίῦ,
2733 4527 2842 4578 LB.
2873 4528 2906 4576 i.
2937 4541 3063 4589 35ιΡ

704 4590 859 4653 tum(
881 4590 1171 4652 published
1201 4560 1274 4654 b’y
1296 4591 1574 4658 Franklim
1600 4597 1848 4644 Sor-bonne.
1948 4591 3100 4658 andaletterofCorneliusGerard(1499?),

704 4653 785 4705 Cf.
834 4655 1082 4705 Listrius’
1139 4658 1267 4706 note
1320 4672 1391 4706 on
1446 4659 1539 4721 Ep.
1588 4673 1704 4709 ωε.
1748 4661 1851 4722 36:
1952 4661 2012 4708 in
2038 4659 2376 4723 Molhuysen'
2380 4675 2407 4708 s
2429 4662 2561 4709 com.
2585 4662 2827 4720 Aurelius,
2854 4672 2902 4720 p.
2927 4673 3010 4721 30.
