3355 5380
709 392 785 447 24
1408 383 1785 445 LETTERS
1835 382 1947 443 OF
2000 380 2399 443 ERASMUS
2826 375 3100 462 [1523-4

705 546 1063 605 sanctorum
1103 543 1369 618 patrum,
1414 540 1523 618 qui
1565 538 1802 600 faciunt
1841 538 1917 598 ad
1959 537 2275 615 pietatem.
2359 536 2503 597 Imo
2544 556 2672 596 non
2718 536 2947 596 desunt
2993 534 3103 613 qui

705 643 963 704 credant
1016 640 1247 701 talibus
1301 638 1627 717 praesidiis
1683 640 1850 701 recte
1922 635 2175 696 defendi
2227 637 2463 696 statum
2519 634 2852 708 ecclesiae;
2923 634 3105 695 cuius

707 738 950 815 negocii
979 758 1120 798 cum
1147 737 1308 797 illud
1336 737 1420 797 sit
1456 736 1656 813 caput,
1691 737 1762 795 vt
1805 735 1967 810 apud
2007 753 2225 793 omnes
2261 734 2506 811 pondus
2533 733 2802 795 habeant
2830 732 3105 793 Romani

707 836 1035 899 Pontificis
1087 834 1585 907 constitutiones,
1635 832 1757 892 iste
1800 852 1868 892 re
1910 833 2046 910 ipsa
2099 832 2276 892 docet
2320 834 2625 909 quantum
2680 831 2810 892 illis
2865 831 2952 891 sit
2998 832 3106 892 tri·

646 960 683 1009 :5
708 935 1030 996 buendum
1072 935 1234 1011 apud
1272 934 1427 993 alias
1461 932 1765 1004 nationes,
1796 951 1941 994 cum
1978 929 2109 1007 ipse
2146 930 2378 990 Romae
2403 929 2588 990 toties
2614 930 2871 1006 impune
2898 930 3106 991 rideat
3169 948 3176 957 ·

708 1033 1092 1094 Pontificum
1119 1035 1183 1092 et
1210 1031 1638 1095 cardinalium
1663 1030 1887 1091 edicta.
1985 1029 2384 1105 Respondent
2410 1046 2538 1087 non
2565 1027 2747 1087 aliter
2773 1028 3106 1089 Stunicam

708 1130 961 1192 tolerari
1015 1131 1251 1191 Romae
1305 1149 1494 1208 quam
1550 1127 1961 1205 Pasquillum.
2081 1127 2316 1188 Verum
2373 1125 2731 1203 Pasquillus
2785 1128 2849 1186 et
2902 1126 3107 1187 leuius

708 1229 960 1302 insanit,
994 1231 1059 1290 et
1086 1230 1282 1290 semel
1310 1229 1613 1292 duntaxat
1640 1227 1711 1286 in
1749 1246 1931 1287 anno.
2021 1225 2153 1285 Iste
2184 1224 2562 1302 posthabitis
2598 1225 2783 1287 rebus
2809 1226 3106 1286 omnibus

709 1329 871 1389 nihil
901 1329 1066 1389 aliud
1108 1329 1278 1406 agit;
1319 1330 1385 1388 et
1412 1327 1575 1386 hanc
1605 1326 1785 1402 putat
1823 1323 2156 1385 mirificam
2193 1323 2507 1401 quandam
2543 1323 2925 1385 felicitatem.
3011 1324 3108 1383 De

627 1448 683 1484 10
710 1426 983 1487 Caranza
1028 1426 1195 1488 nihil
1239 1425 1438 1499 audio,
1485 1424 1595 1484 sed
1640 1422 1898 1486 Stunica
1943 1423 2117 1483 totus
2161 1422 2512 1484 etiamnum
2562 1422 2630 1480 in
2676 1423 2932 1498 negocio
2974 1426 3109 1482 est:

710 1523 1088 1598 obambulat,
1149 1522 1364 1597 ambit,
1424 1522 1656 1599 satagit
1723 1521 1885 1598 apud
1935 1520 2326 1594 Pontificem,
2384 1522 2458 1580 vt
2523 1518 2714 1580 liceat
2779 1522 2905 1580 tres
2962 1521 3112 1581 illos

709 1623 1111 1684 admirandos
1147 1621 1394 1682 libellos
1425 1621 1642 1680 aedere
1684 1639 1828 1680 cum
1868 1618 2212 1680 autoritate.
2299 1618 2607 1695 Equidem
2650 1618 2923 1679 demiror
2964 1638 3110 1695 quo-

710 1721 979 1781 rundam
1022 1719 1356 1780 hominum
1402 1719 1711 1797 perditam
1766 1716 2239 1794 impudentiam,
2293 1717 2402 1793 qui
2460 1736 2656 1793 quum
2709 1716 2875 1776 vltro
2929 1719 3112 1776 tanta

712 1819 1056 1879 virulentia
1100 1818 1416 1880 incessant
1469 1817 1626 1877 alios
1677 1814 2068 1876 benemereti
2122 1814 2460 1888 studentes,
2506 1815 2691 1875 toties
2737 1811 3110 1891 deprehensi

627 1939 682 1987 ¹5
711 1915 780 1977 in
820 1915 1172 1976 manifestis
1211 1915 1537 1989 erroribus,
1573 1918 1788 1976 tamen
1831 1913 2006 1991 quasi
2046 1933 2115 1974 re
2154 1914 2313 1974 bene
2352 1921 2524 1990 gesta
2554 1933 2771 1973 rursus
2802 1913 3110 1990 prodeant

711 2013 781 2073 in
807 2015 1122 2089 harenam,
1148 2015 1313 2075 vltro
1339 2016 1745 2092 prouocantes
1769 2013 1846 2072 ad
1875 2014 2208 2073 certamen.
2285 2011 2414 2072 Nec
2439 2031 2506 2071 se
2532 2015 2801 2089 purgant
2828 2011 3108 2085 interim,

711 2111 819 2171 sed
857 2114 1126 2189 pergunt
1162 2111 1228 2172 in
1270 2111 1425 2172 alios
1465 2110 1674 2171 lutum
1715 2110 1927 2171 iacere.
2014 2110 2148 2187 Ego
2188 2113 2368 2185 certe,
2410 2110 2465 2169 si
2505 2110 2654 2188 quid
2699 2111 2858 2171 mihi
2898 2111 3111 2171 simile

709 2209 1050 2285 accidisset,
1096 2210 1390 2269 abderem
1434 2211 1669 2269 memet
1718 2209 1786 2268 in
1835 2208 2255 2283 solitudinem,
2304 2212 2369 2269 et
2414 2210 2677 2286 puderet
2729 2228 2982 2272 rursum
3038 2208 3109 2268 in

711 2307 1097 2369 eruditorum
1123 2308 1455 2368 hominum
1485 2307 1736 2385 prodire
1761 2307 2099 2366 theatrum.
2175 2307 2444 2368 Veniam
2472 2309 2688 2367 exorat
2712 2308 2822 2385 qui
2848 2306 3112 2367 studens

629 2431 685 2465 20
711 2406 1051 2485 promereri
1103 2405 1381 2479 labitur3
1450 2405 1593 2483 quis
1655 2408 1868 2466 autem
1923 2404 2200 2481 ignoscat
2255 2404 2358 2465 his
2418 2405 2528 2483 qui
2580 2405 2671 2466 sic
2732 2406 3111 2483 impetentes

713 2503 909 2565 alium
956 2504 1080 2581 ipsi
1132 2504 1494 2581 turpissime
1549 2502 1897 2564 labuntur?
1997 2502 2254 2565 Stunica
2297 2502 2615 2580 primitias
2660 2525 2807 2566 suae
2852 2504 3112 2564 maledi-

712 2603 947 2661 centiae
988 2602 1303 2662 aediderat
1348 2602 1683 2679 Compluti.
1767 2601 2005 2661 Verum
2047 2621 2242 2678 quum
2285 2606 2497 2663 essent
2536 2604 2715 2681 pauci
2763 2604 2873 2681 qui
2912 2604 3112 2664 talem

713 2699 946 2762 librum
994 2701 1233 2760 vellent
1278 2705 1581 2778 emptum,
1613 2702 1791 2761 velut
1833 2701 2074 2777 ἔμπορος
2114 2700 2381 2762 Romam
2429 2722 2665 2764 merces
2712 2724 2855 2765 suas
2897 2704 3113 2781 depor-

711 2799 896 2862 tauit.
979 2800 1310 2877 Quumque
1344 2800 1613 2877 reliquas
1646 2799 2089 2877 sycophantias
2114 2819 2225 2878 per
2260 2799 2535 2861 Leonem
2570 2802 2941 2863 Pontificem
2979 2822 3111 2862 non

627 2925 685 2974 αξ,
713 2897 926 2957 liceret
972 2898 1205 2974 aedera,
1250 2901 1394 2975 post
1436 2898 1625 2958 huius
1682 2897 1921 2959 obitum
1977 2897 2320 2975 interregni
2365 2900 2644 2974 tempore
2690 2899 2993 2976 vulgauit,
3039 2904 3111 2961 vt

715 2996 862 3071 dixi,
897 2997 1218 3074 quaedam,
1263 2996 1580 3059 aediturus
1619 2996 1818 3073 plura,
1862 2995 1934 3055 ni
1975 2995 2402 3058 Cardinalium
2444 2996 2647 3057 edicto
2687 2998 2882 3059 semel
2922 3001 3111 3076 atque

713 3094 942 3156 iterum
988 3094 1210 3155 fuisset
1251 3094 1577 3155 cohibitus.
1667 3093 1832 3154 Nam
1875 3093 2194 3154 Adrianus
2234 3095 2584 3171 complures
2623 3116 2869 3157 menses
2908 3097 3115 3159 haesit

711 3192 781 3251 in
812 3192 1135 3267 Hispania,
1168 3191 1531 3269 priusquam
1560 3211 1627 3251 se
1654 3191 1922 3250 Romam
1960 3191 2283 3252 conferret.
2371 3192 2701 3270 Quumque
2736 3194 2899 3271 apud
2942 3195 3114 3256 hunc

716 3309 960 3366 quoque
987 3289 1221 3350 frustra
1257 3289 1516 3350 molitus
1547 3291 1712 3349 esset
1738 3292 1809 3349 vt
1836 3288 2051 3348 liceret
2077 3289 2241 3366 quod
2269 3289 2599 3369 scripserat
2625 3293 2930 3369 emittere,
2962 3313 3112 3354 mox

632 3412 691 3461 30
718 3388 795 3447 ab
843 3387 1031 3447 huius
1074 3387 1251 3448 obitu
1293 3386 1479 3447 rediit
1518 3387 1598 3447 ad
1638 3386 2008 3463 ingenium3
2060 3387 2331 3467 dumque
2373 3389 2730 3451 Cardinales
2765 3391 2992 3453 inclusi
3036 3393 3114 3453 de

716 3505 885 3546 nouo
921 3486 1228 3546 Pontifice
1256 3485 1518 3546 creando
1544 3485 1876 3560 decertant,
1908 3484 2119 3545 emisit
2151 3487 2584 3549 conclusiones
2616 3487 2856 3565 aliquot
2880 3508 2956 3548 ex
2986 3508 3116 3550 om-

716 3584 903 3644 nibus
929 3583 1088 3644 meis
1114 3581 1651 3647 lucubrationibus
1676 3583 2013 3661 decerptas,
2045 3584 2356 3645 adornans
2383 3585 2641 3646 interim
2675 3589 2740 3647 et
2778 3586 3018 3664 reliqua
3045 3587 3112 3647 in

715 3683 946 3760 vulgus
985 3682 1147 3743 dare.
1235 3681 1319 3743 Et
1360 3680 1623 3754 fecisset,
1663 3681 1732 3741 ni
1774 3681 2114 3743 Clementis
2153 3683 2408 3759 septimi
2445 3684 2744 3745 autoritas
2783 3685 3112 3747 hominem

714 3783 920 3858 palam
949 3781 1268 3840 furentem
1294 3777 1786 3855 compescuisset.
1871 3780 1954 3840 Et
1985 3779 2133 3842 huic
2161 3781 2357 3858 igitur
2382 3780 2598 3843 libello
2623 3781 2835 3861 paucis
2862 3802 3114 3861 respon-

631 3899 690 3949 35
716 3878 942 3951 dimus,
975 3897 1330 3955 quanquam
1358 3881 1422 3938 et
1451 3880 1598 3938 ante
1624 3877 1752 3939 iam
1782 3879 2313 3959 responderamus.

799 3975 915 4036 Est
961 3975 1227 4036 Louanii
1268 3975 1623 4052 Theologus
1663 3976 1921 4053 quidam
1965 3977 2315 4053 Cat-melita,
2364 3978 2474 4056 qui
2526 3999 2595 4040 se
2645 3979 2899 4056 gloriari
2954 3980 3117 4042 solet

717 4073 946 4134 habere
980 4073 1266 4150 linguam
1301 4094 1416 4151 pro
1451 4076 1727 4149 calamo;
1767 4078 1829 4136 et
1866 4075 2125 4135 omnino
2155 4075 2437 4154 linguam
2478 4077 2684 4152 habet,
2713 4078 2820 4138 sed
2855 4078 3114 4156 dignam

790 4218 831 4253 1.
867 4206 927 4258 B:
963 4204 1166 4252 faciant
1188 4222 1236 4253 α.
1370 4204 1488 4252 Imo
1511 4241 1523 4252 .
1550 4242 1562 4255 .
1587 4242 1598 4254 .
1626 4220 1675 4266 9.
1700 4204 2016 4254 felicitatem
2039 4208 2148 4254 add.
2174 4206 2225 4258 β.
2440 4221 2521 4256 21.
2560 4206 2786 4256 Stunica
2806 4246 2819 4258 .
2848 4246 2860 4257 .
2886 4247 2898 4259 .
2923 4223 3004 4271 35.
3034 4225 3116 4258 re-

718 4269 1107 4331 sponderamus
1136 4272 1196 4323 B:
1248 4270 1428 4317 Simili
1462 4270 1805 4332 impudentia
1836 4270 2122 4319 Eduardus
2148 4270 2300 4333 Lens,
2328 4286 2498 4332 quum
2529 4287 2644 4321 rem
2680 4278 2794 4323 tam
2821 4275 3116 4324 infeliciter

707 4335 958 4398 gesserit,
991 4349 1179 4383 rursus
1210 4334 1359 4383 aliud
1394 4349 1528 4396 opus
1559 4336 1618 4385 in
1653 4351 1742 4385 me
1775 4337 2021 4398 scripsit3
2065 4350 2239 4397 neque
2271 4338 2562 4398 quicquam
2603 4339 2777 4389 obstat
2816 4342 3116 4401 quominus

717 4401 979 4463 prodierit
1013 4402 1074 4448 in
1097 4401 1289 4463 lucem,
1316 4401 1425 4449 nisi
1449 4402 1592 4462 quod
1615 4403 1935 4464 typographi
1968 4401 2335 4450 Londinenses
2356 4402 2612 4454 diuinum
2635 4419 2767 4466 opus
2790 4420 2900 4454 non
2924 4405 3113 4468 digna-

721 4467 913 4514 rentur
933 4467 1046 4514 suis
1068 4466 1293 4528 praelis;
1327 4480 1433 4527 quo
1452 4467 1670 4515 nomine
1691 4468 2037 4517 vehementer
2059 4467 2224 4516 etiam
2248 4467 2361 4516 illis
2382 4469 2713 4535 indignatur,
2731 4475 2786 4519 et
2804 4471 3112 4534 periculum

718 4537 800 4580 est
826 4546 893 4579 ne
917 4532 974 4579 in
1000 4531 1124 4579 illos
1146 4545 1359 4593 quoque
1382 4532 1579 4580 scribat
1601 4532 1810 4592 aliquid
1834 4550 1880 4581 α.

1364 4691 1444 4751 36.
1483 4689 1797 4755 carmelita]
1821 4689 2071 4740 Nicolaus
2092 4691 2486 4754 Egmondanus.
