3355 5380
704 397 823 455 220
1410 394 1789 459 LETTERS
1829 392 1938 456 OF
1982 392 2377 454 ERASMUS
2916 387 3109 472 [1498

702 551 1062 629 impendere
1117 553 1399 617 debebas.
1498 555 1682 616 Nunc
1739 573 1884 613 eum
1939 551 2042 612 cui
2097 550 2260 611 nulli
2314 570 2592 628 vnquam
2647 568 2842 625 casus,
2901 548 3117 611 nullae

702 669 909 711 rerum
964 652 1344 714 mutationes
1401 653 1499 715 tui
1558 651 1928 713 charitatem
1990 651 2276 710 excutere
2337 650 2693 726 potuerunt,
2762 646 3113 712 maledictis

583 770 673 821 115
701 750 879 825 potes
915 745 1238 824 incessere,
1271 753 1449 829 potes
1484 748 1732 829 probris
1762 748 2072 822 insectari,
2103 750 2403 824 tanquam
2440 746 2649 807 desint
2677 745 2787 825 qui
2814 746 3111 809 manibus

699 843 1083 923 pedibusque
1122 846 1195 906 in
1241 868 1449 910 meam
1497 846 1839 926 perniciem
1891 845 2279 920 incumbant,
2332 845 2442 922 qui
2490 864 2592 904 me
2639 844 2803 905 ferro
2850 843 3108 922 ignique

700 942 1051 1004 extinctum
1088 945 1305 1007 velint.
1391 946 1555 1021 Quid
1597 944 1761 1005 mihi
1807 943 1997 1005 isthic
2037 947 2171 1004 tam
2219 943 2475 1004 charum
2522 942 2664 1014 fuit,
2713 941 2892 1002 cuius
2940 941 3114 1005 inter

697 1039 819 1102 hos
864 1061 1044 1103 casus
1092 1061 1219 1102 non
1269 1043 1605 1121 obrepserit
1655 1041 1894 1104 obliuio
1908 1044 1942 1102 ⁴?
2014 1040 2254 1102 Vidisti
2299 1040 2437 1119 ipse
2493 1061 2593 1101 me
2649 1059 3110 1118 nonnunquam

700 1142 1043 1203 νεανιεύοντα
1069 1144 1132 1202 et
1167 1141 1364 1202 risisti
1398 1161 1596 1219 saepe.
1686 1140 1822 1201 Scis
1855 1140 2018 1218 quod
2057 1142 2275 1216 pectus
2311 1139 2546 1215 loquar.
2632 1137 2797 1214 Quid
2831 1157 3107 1215 vnquam

581 1263 675 1300 120
699 1239 908 1300 amani
955 1239 1283 1301 tenerius?
1367 1239 1553 1301 Nunc
1607 1239 1844 1299 mirum
1891 1240 1988 1298 est
2035 1237 2207 1298 dictu
2253 1256 2444 1314 quam
2489 1236 2768 1314 frigeam.
2873 1236 3112 1296 Omnes

698 1355 945 1397 amores
999 1337 1095 1397 illi
1147 1337 1438 1415 vulgares
1489 1336 1773 1399 excidere
1825 1337 2207 1414 potuerunt3
2262 1338 2334 1395 tu
2387 1355 2551 1395 vnus
2604 1333 2837 1412 pectori
2892 1335 3112 1394 nostro

698 1434 1072 1508 inhaesisti;
1123 1437 1190 1496 et
1223 1435 1314 1497 ita
1349 1434 1681 1496 inhaesisti
1717 1437 1788 1495 vt
1823 1433 2096 1495 charitas
2132 1433 2603 1494 consuetudinis
2640 1430 3114 1493 intermissione

697 1535 877 1595 aucta
902 1532 1003 1608 sit,
1037 1553 1165 1593 non
1192 1533 1489 1593 extincta.
1554 1533 1640 1593 Et
1665 1536 1739 1594 tu
1765 1532 2037 1593 amicum
2065 1536 2199 1592 tam
2225 1531 2627 1608 pertinaciter
2651 1530 2774 1591 tibi
2802 1529 3108 1603 deditum,

698 1630 801 1693 cui
845 1630 1013 1691 felici
1059 1629 1340 1691 inuidere
1387 1650 1515 1691 non
1559 1651 1788 1709 posses,
1842 1630 2270 1691 miserrimum
2319 1628 2524 1690 odisse
2571 1629 2808 1706 poteris
2828 1632 2861 1690 ’ἓ
2940 1626 3115 1691 Noui

580 1755 672 1804 125
699 1728 888 1805 vulgo
942 1729 1198 1807 quidem
1240 1729 1409 1789 hunc
1448 1749 1584 1789 esse
1625 1748 1889 1802 morem,
1933 1729 2043 1789 sed
2090 1750 2128 1789 o
2174 1747 2280 1788 me
2326 1726 2649 1803 miserum,
2686 1726 2743 1787 si
2783 1730 2848 1787 te
2890 1727 3117 1789 literae

696 1846 735 1888 a
760 1826 937 1904 vulgi
963 1827 1245 1887 moribus
1271 1826 1591 1887 vindicare
1617 1847 1749 1887 non
1776 1830 2059 1905 possunt.
2148 1825 2312 1901 Quid
2340 1827 2414 1885 tu
2444 1824 2639 1903 igitur
2670 1845 2773 1885 me
2801 1825 3112 1902 Pyladem

698 1926 900 1999 tuum,
945 1924 1093 2002 quid
1135 1924 1373 1986 Thesea
1418 1925 1748 2004 appellasti
1765 1929 1798 1986 ’Β
1886 1926 2258 2002 Quanquam
2308 1922 2623 1984 inuertere
2668 1922 2988 1999 debueras,
3043 1932 3112 1987 et

700 2022 988 2083 Orestem
1015 2021 1226 2101 potius
1250 2043 1320 2083 ac
1347 2022 1710 2084 Pirithoum
1737 2023 2067 2101 appellare.

778 2120 899 2181 Sed
956 2120 1040 2181 sit
1087 2120 1348 2181 tandem
1403 2122 1872 2199 lachrymarum
1926 2120 2089 2181 finis.
2178 2120 2316 2179 Hoc
2367 2139 2566 2179 vnum
2613 2122 2694 2194 te,
2743 2120 3114 2181 charissime

577 2239 673 2289 130
700 2217 1013 2278 Gulielme
1066 2217 1617 2293 (iucundissimum
1671 2219 1846 2279 enim
1902 2218 2105 2279 dicere
2162 2237 2289 2277 non
2344 2216 2514 2294 licet)
2561 2220 2628 2278 et
2680 2238 2791 2296 per
2831 2221 3113 2280 veterem

701 2319 980 2376 nostram
1025 2316 1523 2377 beneuolentiam
1563 2321 1627 2378 et
1667 2336 1779 2394 per
1819 2336 1991 2377 meas
2030 2317 2320 2376 fortunas
2365 2315 2808 2378 afflictissimae
2851 2315 3115 2376 obsecro

698 2417 880 2493 atque
915 2415 1211 2490 obtestor,
1242 2418 1315 2475 vt
1341 2414 1399 2475 si
1434 2435 1538 2476 me
1570 2435 1703 2476 non
1735 2415 1942 2476 odisse
1969 2434 2099 2475 non
2126 2418 2321 2491 potes,
2354 2413 2411 2475 si
2437 2414 2723 2476 misereri
2750 2435 2882 2476 non
2909 2417 3112 2493 potes,

698 2513 921 2574 saltem
955 2531 1139 2590 parce
1174 2513 1527 2574 maledictis
1561 2512 2061 2574 crudelissimum
2097 2512 2330 2572 vulnus
2370 2532 2772 2590 exasperare;
2830 2516 2892 2574 et
2939 2514 3114 2590 quod

698 2612 867 2672 victo
920 2611 1091 2672 hoai
1138 2612 1285 2671 dare
1336 2611 1649 2684 debueras,
1703 2610 1782 2671 da
1832 2611 2036 2672 amico
2091 2609 2256 2671 nihil
2311 2610 2694 2674 commerito.
2781 2611 2878 2671 Tu
2928 2612 3114 2671 tuam

580 2726 671 2778 ¹35
700 2710 1127 2773 valetudinem
1195 2713 1373 2772 tanto
1435 2730 1585 2772 cura
1638 2710 2004 2788 diligentius
2059 2712 2291 2786 quanto
2346 2730 2486 2770 mea
2545 2709 2928 2788 desperatior
2986 2714 3114 2774 est.

700 2811 878 2871 Patri
937 2813 1069 2886 tuo,
1125 2809 1265 2870 viro
1326 2809 1785 2870 humanissimo
1844 2808 2126 2887 beneque
2185 2808 2262 2867 de
2322 2828 2427 2868 me
2488 2809 2731 2883 merito,
2792 2811 3115 2885 praeterea

700 2908 957 2970 domino
982 2907 1209 2969 Iacobo
1237 2907 1586 2969 conuictori
1611 2910 1724 2968 tuo
1751 2926 1854 2967 me
1883 2925 2071 2985 quam
2098 2904 2582 2983 diligentissime
2617 2907 3109 2969 commendabis·

700 3007 875 3068 Tuus
906 3006 1199 3085 Iasparus
1227 3025 1329 3067 me
1356 3005 1479 3066 sibi
1505 3005 1696 3065 habet
1726 3003 2291 3079 deuinctissimum,
2324 3006 2388 3063 et
2422 3004 2615 3081 pudet
2646 3024 2749 3064 me
2779 3005 3114 3069 hominem

700 3109 832 3165 tam
884 3104 1157 3166 amicum
1212 3109 1346 3165 tam
1400 3103 1812 3181 indiligenter
1863 3102 2223 3180 amplexum
2279 3100 2493 3163 fuisse.
2580 3101 2757 3176 Vale,
2818 3103 3117 3164 Guielme

584 3212 675 3263 ¹40
700 3203 1089 3265 suauissime.
1175 3200 1453 3275 Parisiis
1484 3199 1787 3278 postridie
1812 3200 1911 3261 Id.
1943 3200 2231 3262 Decemb.
2266 3195 2488 3279 [Anno
2515 3219 2582 3261 11.
2607 3197 3009 3280 ccco.xcv11.]

813 3409 915 3472 84.
1006 3406 1208 3472 Facu
1254 3406 1571 3474 FAthrUs
1615 3406 2078 3473 Aunnssmmxs
2122 3423 2207 3471 'ro
2252 3405 2600 3470 WILmAM
2644 3405 2986 3473 HERMAN.

770 3540 878 3596 LB.
906 3540 1049 3612 App.
1080 3558 1200 3613 449.
2621 3541 2870 3617 (Paris)

2458 3627 2809 3702 (December
2838 3630 3036 3705 1498.)

767 3749 1059 3814 [Probably
1092 3754 1313 3802 written
1345 3756 1401 3801 at
1428 3752 1701 3802 Erasmus·
1735 3755 1949 3814 request
1979 3755 2035 3800 to
2066 3752 2214 3800 show
2238 3751 2326 3800 his
2355 3751 2566 3802 friends
2594 3756 2651 3802 at
2680 3753 2850 3817 Steyn
2881 3754 3004 3803 that
3037 3754 3121 3805 he

700 3829 810 3863 was
831 3816 954 3865 well
979 3817 1217 3880 thought
1240 3818 1301 3867 of
1317 3819 1378 3866 in
1404 3817 1572 3868 Paris.
1644 3818 1701 3868 It
1725 3833 1853 3880 may
1872 3817 1940 3866 be
1963 3817 2150 3878 placed
2174 3816 2564 3880 conjecturally
2585 3818 2724 3867 with
2749 3819 2844 3881 Ep.
2871 3820 2953 3880 83.

765 3881 989 3931 Publius
1008 3883 1237 3933 Faustus
1253 3883 1589 3933 Andrelinus
1611 3887 1677 3944 (c.
1708 3885 1932 3945 1462-25
1959 3883 2084 3933 Feb.
2112 3884 2258 3945 1518)
2277 3882 2339 3931 of
2357 3882 2518 3932 Forli.
2601 3884 2687 3933 He
2706 3898 2815 3933 was
2836 3884 3121 3936 educated

698 3948 756 3994 at
790 3946 1028 4011 Bologna
1060 3948 1236 3998 under
1269 3950 1496 4011 Filelf03
1551 3949 1661 3998 and
1697 3964 1766 3997 on
1799 3964 1865 3997 ω
1897 3949 2027 4011 Apr.
2071 3949 2198 4009 1483
2230 3948 2477 3998 received
2511 3949 2606 3997 the
2639 3949 2807 4012 poets'
2841 3950 3015 4000 laurel
3048 3959 3117 4002 at

700 4011 866 4062 Rome
899 4013 984 4062 for
1015 4013 1105 4063 his
1136 4018 1283 4063 Liuia
1318 4030 1381 4064 or
1411 4019 1624 4065 Amores.
1692 4014 1853 4063 From
1899 4014 2090 4075 1484-8
2129 4014 2198 4062 he
2229 4028 2342 4063 was
2379 4013 2643 4064 domestic
2679 4018 2805 4077 poet
2845 4019 2902 4064 to
2941 4016 3124 4066 Louis

699 4078 959 4141 Gonzaga,
988 4079 1088 4142 Bp.
1113 4080 1173 4129 of
1203 4081 1439 4142 Mantua,
1466 4082 1563 4131 but
1585 4081 1686 4129 left
1714 4081 1832 4129 him
1856 4082 1916 4128 in
1940 4079 2086 4140 Sept.
2116 4079 2241 4141 1488
2270 4079 2354 4129 for
2385 4079 2554 4139 Paris,
2579 4081 2763 4130 where
2793 4095 2864 4130 on
2894 4095 2926 4142 5
2956 4082 3122 4145 Sept.

770 4227 788 4259 1
802 4227 877 4273 13.
915 4213 1097 4264 nullae
1113 4220 1158 4264 F
1175 4219 1341 4277 corr-ia.
1361 4232 1374 4264 =
1398 4213 1554 4263 mille
1576 4217 1636 4262 E.
1775 4213 1886 4262 118.
1922 4213 2035 4274 ipse
2056 4227 2147 4262 om.
2174 4210 2241 4263 0¹.
2381 4226 2493 4261 121.
2528 4211 2616 4261 illi
2638 4212 2887 4276 vulgares
2907 4229 3000 4264 om.
3031 4216 3123 4267 Ο“.

701 4292 809 4338 127.
845 4280 1085 4342 appellas
1103 4282 1174 4330 Ο“.
1266 4281 1378 4331 128.
1414 4278 1732 4329 Perithoum
1752 4278 1824 4329 0¹.
1914 4292 2024 4340 1⁹9·
2059 4277 2284 4327 tandem
2302 4281 2421 4326 add.
2444 4272 2513 4326 Ο“.
2605 4292 2716 4339 13ο.
2753 4279 3130 4341 (iucundissi-

698 4358 851 4393 mum
877 4380 890 4393 .
913 4382 928 4396 .
949 4381 966 4397 .
989 4345 1140 4411 licet)
1164 4351 1241 4397 E:
1274 4361 1371 4410 per
1404 4344 1853 4395 iucundissimam
1886 4346 2129 4393 nostram
2152 4342 2452 4392 amicitiam
2478 4341 2548 4393 0¹.
2783 4358 2892 4406 131.
2927 4347 2986 4393 et
3008 4361 3127 4410 per

696 4412 771 4458 E:
806 4424 1007 4474 perque
1031 4412 1098 4463 0¹.
1268 4427 1375 4473 132.
1415 4414 1577 4474 atque
1598 4412 1645 4457 E
1660 4426 1674 4459 ε
1707 4410 1749 4459 ἀ
1774 4409 1842 4460 0¹.
2017 4423 2127 4469 134.
2151 4407 2222 4457 da
2243 4443 2258 4462 .
2282 4444 2296 4459 .
2322 4443 2336 4458 .
2359 4410 2675 4458 commerito
2696 4412 2774 4459 E:
2808 4411 2866 4459 id
2959 4412 3128 4463 rdito

693 4473 1108 4541 calamitosoque
1133 4480 1321 4535 amico,
1346 4479 1621 4540 praeterea
1646 4474 1899 4537 supplici,
1922 4474 2160 4523 tribuere
2184 4487 2296 4524 non
2318 4476 2561 4536 gratioris
2585 4473 2655 4526 Ο“.
2729 4490 2837 4536 137.
2916 4478 3129 4528 omino

693 4544 809 4656 “dig'
836 4542 907 4594 0¹.
1013 4545 1123 4604 138.
1156 4544 1302 4593 Tuus
1325 4544 1575 4605 Iasparus
1600 4577 1614 4591 .
1636 4577 1649 4590 .
1677 4577 1692 4592 .
1724 4555 1834 4602 139.
1859 4540 2024 4589 fuisse
2046 4555 2135 4588 om.
2166 4537 2237 4591 0¹.
2338 4544 2448 4602 139.
2482 4539 2614 4589 Vale
2639 4577 2652 4590 .
2677 4578 2689 4589 .
2715 4577 2726 4587 .
2758 4556 2866 4601 1⁴0·
2895 4545 3129 4593 suauis-

692 4621 721 4655 ε
803 4623 832 4656 e
854 4614 965 4659 add.
998 4609 1069 4662 Ο“.

1309 4722 1418 4768 137.
1444 4703 1659 4768 Iacobo]
1688 4704 1927 4768 Perhaps
1949 4704 2180 4755 Maurits
2198 4704 2256 4753 of
2279 4704 2373 4768 Pp.
2401 4706 2510 4765 176.
