3355 5380
300 415 325 454 ι
339 389 497 475 500]
1335 392 1445 453 TO
1500 429 1664 441 ——-
2583 399 2703 456 289

291 552 450 613 velit
466 553 499 612 ⁴?
522 552 539 576 ’
589 551 894 629 Equidem
939 571 1068 613 non
1108 552 1372 614 diffiteor
1406 552 1872 613 fortunatorum
1913 552 2143 612 amicos
2180 572 2313 612 esse
2354 552 2707 630 plurimos3

296 653 361 711 at
414 669 533 710 nec
588 650 966 727 pauperibus
1011 651 1236 711 desunt
1285 650 1487 725 amici,
1536 654 1600 710 et
1649 650 1905 728 quidem
1953 650 2092 710 istis
2147 669 2277 710 non
2333 651 2518 728 paulo
2566 654 2706 711 tum
2738 677 2796 725 ¹5

296 749 590 809 certiores
644 751 786 808 tum
840 749 1310 810 commodiores.
1405 750 1567 810 Cum
1624 750 1726 810 his
1774 769 1877 809 me
1925 749 2226 809 concludo
2281 750 2350 808 in
2403 750 2707 826 angulum

295 848 589 925 aliquem,
634 851 697 907 et
730 847 980 908 turbam
1014 850 1337 909 ventosam
1374 847 1622 926 fugiens
1659 851 1769 908 aut
1813 868 1957 932 cum
1994 847 2122 906 illis
2157 847 2367 907 dulcia
2403 849 2706 924 quaedam

297 946 582 1020 mussit0,
622 950 732 1006 aut
768 966 874 1007 eos
910 947 1146 1025 aliquid
1181 947 1647 1007 insusurrantes
1689 935 1892 1020 audie,
1935 966 2080 1006 cum
2116 946 2217 1006 his
2252 967 2381 1006 non
2422 966 2599 1007 secus
2637 966 2709 1006 ac

298 1064 546 1106 mecum
596 1044 833 1121 loquor.
919 1046 1026 1104 An
1080 1044 1416 1122 quicquam
1464 1043 1567 1104 his
1622 1044 2064 1105 commodius?
2123 1046 2373 1105 Arcana
2426 1045 2550 1122 ipsi
2596 1064 2711 1106 sua

300 1144 507 1204 celant
541 1163 883 1219 nunquam,
925 1142 1260 1203 commissa
1300 1163 1549 1203 summa
1585 1163 1730 1202 cum
1774 1142 1899 1202 fide
1940 1143 2304 1204 continent:
2353 1142 2517 1203 nihil
2559 1142 2712 1203 foris
2739 1163 2800 1198 20

304 1262 459 1318 quae
491 1243 746 1303 liberius
778 1243 946 1302 inter
980 1240 1321 1302 familiares
1360 1240 1681 1302 effundere
1718 1241 2008 1316 solemus,
2049 1242 2457 1302 renunciant:
2506 1241 2712 1302 vocati

304 1343 550 1417 praesto
597 1345 762 1416 sunt,
810 1342 1088 1401 inuocati
1135 1361 1263 1401 non
1311 1342 1608 1417 ingerunt
1655 1359 1821 1400 sese:
1878 1340 2034 1402 iussi
2080 1341 2435 1418 loquuntur,
2484 1339 2713 1402 iniussi

302 1442 545 1500 tacent:
605 1439 954 1518 loquuntur
1001 1459 1155 1518 quae
1203 1438 1392 1514 voles,
1437 1442 1746 1516 quantum
1794 1439 1979 1513 voles,
2027 1440 2232 1516 quoad
2279 1439 2491 1501 voles:
2549 1438 2712 1500 nihil

300 1541 724 1611 assentantur,
771 1537 1024 1615 fingunt
1063 1537 1245 1612 nihil,
1294 1537 1456 1598 nihil
1497 1537 1928 1598 dissimulant:
1990 1538 2147 1598 vitia
2192 1540 2304 1597 tua
2351 1537 2467 1598 tibi
2515 1537 2713 1597 libere

302 1637 599 1711 indicant,
662 1637 903 1697 nemini
958 1636 1352 1697 obtrectant:
1421 1638 1531 1697 aut
1596 1635 1868 1695 iucunda
1923 1636 2158 1710 dicunt,
2219 1639 2329 1697 aut
2382 1635 2714 1697 salutaria:
2741 1655 2802 1704 25

299 1736 593 1796 secundis
634 1734 702 1794 in
744 1734 932 1795 rebus
973 1735 1393 1811 moderantur,
1432 1735 1835 1795 consolantur
1876 1735 1943 1794 in
1976 1734 2239 1809 afflictis,
2276 1754 2424 1795 cum
2464 1735 2718 1795 fortuna
2754 1772 2756 1775 >

301 1829 569 1890 minime
590 1830 947 1890 variantur:
982 1829 1051 1888 in
1074 1829 1287 1889 omnia
1303 1828 1579 1905 pericula
1598 1831 1659 1889 te
1689 1830 2055 1905 sequuntur,
2084 1829 2161 1888 ad
2189 1831 2500 1889 extremos
2519 1848 2716 1905 vsque

304 1949 488 2007 rogos
525 1928 902 2006 perdurant:
945 1926 1108 1988 nihil
1137 1915 1290 2005 ipsis
1329 1928 1498 1987 inter
1533 1947 1599 1987 se
1628 1926 1969 1987 candidius.
2057 1927 2402 1987 Committo
2428 1926 2712 2002 subinde,

303 2047 472 2087 nunc
496 2027 632 2102 hoe,
665 2047 834 2087 nunc
862 2026 1006 2086 illos
1028 2027 1193 2087 mihi
1218 2027 1538 2098 asciscerm,
1573 2025 1868 2086 omnibus
1894 2045 2146 2102 aequuS.
2696 2099 2702 2108 ι

388 2127 550 2187 Cum
577 2125 681 2186 his
710 2124 1013 2199 amiculis,
1045 2125 1282 2202 optime
1303 2124 1399 2201 N„
1425 2125 1711 2201 sepultus
1738 2123 2047 2184 delitescO.
2126 2125 2292 2198 Quas
2319 2143 2433 2200 ego
2463 2124 2715 2185 tandem
2744 2143 2808 2192 30

304 2245 452 2302 opes
492 2227 602 2284 aut
646 2243 802 2302 quae
845 2225 1089 2301 sceptra
1137 2243 1281 2282 cum
1328 2222 1445 2283 hac
1493 2222 1730 2283 desidia
1772 2225 2237 2282 commutauero
2254 2224 2287 2282 ⁴?
2354 2223 2595 2283 Verum
2636 2242 2721 2296 ne

301 2327 518 2384 nostra
540 2326 601 2382 te
627 2322 806 2382 fallat
826 2321 1206 2400 metaphora,
1228 2321 1521 2399 quicquid
1547 2321 1623 2381 de
1649 2320 1936 2380 amiculis
1955 2320 2257 2381 hactenus
2286 2340 2429 2380 sum
2451 2320 2715 2397 locutus,

305 2423 384 2482 de
425 2421 609 2482 libris
657 2421 895 2481 dictum
938 2420 1268 2497 intelligas,
1320 2439 1586 2497 quorum
1637 2419 2032 2480 familiaritas
2079 2439 2182 2478 me
2230 2418 2416 2497 plane
2464 2419 2717 2479 beatum

304 2519 525 2592 effecit,
572 2520 690 2579 hoc
730 2520 864 2580 solo
905 2519 1367 2580 infortunatum
1407 2519 1573 2596 quod
1615 2538 1743 2578 non
1788 2520 1998 2578 tecum
2047 2517 2211 2578 mihi
2257 2517 2406 2577 haec
2453 2517 2721 2577 felicitas
2756 2512 2760 2516 ⁴

303 2617 657 2696 contigerit.
744 2617 850 2693 Te,
888 2637 1243 2696 quanquam
1287 2616 1448 2676 nihil
1491 2636 1663 2695 opuS,
1697 2615 1935 2676 hortari
1979 2635 2106 2674 non
2149 2615 2433 2675 desinam
2475 2619 2545 2675 vt
2587 2618 2720 2676 toto
2746 2637 2805 2685 35

305 2719 522 2778 animo
577 2717 892 2795 praeclara
946 2716 1155 2777 studia
1208 2717 1655 2794 complectaris,
1715 2736 1793 2775 ne
1849 2715 1999 2792 quid
2055 2714 2385 2791 plebeium,
2440 2734 2518 2773 ne
2566 2715 2718 2790 quid

302 2816 617 2877 mediocre
659 2815 942 2889 mireris;
997 2815 1073 2874 ad
1123 2835 1372 2875 summa
1413 2834 1662 2892 semper
1699 2813 1952 2874 enitere.
2041 2813 2236 2890 Spero
2283 2813 2571 2873 futurum
2611 2812 2719 2872 ali-

305 2916 557 2994 quando
585 2917 657 2975 vt
685 2934 786 2973 me
814 2917 876 2974 et
904 2912 1178 2974 fideliter
1203 2916 1267 2973 et
1299 2915 1583 2973 amanter
1610 2913 1997 2973 consuluisse
2024 2932 2152 2972 non
2180 2912 2376 2971 semel
2404 2912 2673 2973 fatearis.

390 3013 662 3091 Concepi
698 3013 775 3072 de
819 3012 1073 3087 facetiis,
1109 3012 1457 3089 prouerbiis
1494 3010 1951 3087 sententiisque
1983 3010 2334 3088 negocium.
2422 3010 2722 3088 Degusta-

305 3117 522 3173 menta
542 3111 848 3189 quaedam
870 3111 946 3171 ad
965 3113 1029 3171 te
1052 3110 1212 3185 dedi,
1237 3129 1508 3186 quorum
1527 3110 1674 3186 plus
1695 3109 1814 3169 tria
1834 3109 2011 3169 milia
2031 3129 2132 3168 me
2159 3111 2720 3169 annumeraturum
2747 3122 2813 3171 40

307 3212 486 3271 breui
504 3209 770 3283 confido,
797 3228 955 3287 opus
975 3210 1067 3284 (vt
1092 3208 1382 3285 auguror)
1404 3211 1544 3267 tum
1573 3208 1922 3286 gratiosum
1944 3211 2082 3268 tum
2110 3207 2395 3284 perutile,
2420 3207 2726 3267 hactenus

306 3328 346 3369 a
385 3309 638 3368 nemine
675 3310 1005 3368 tentatum.
1093 3306 1270 3382 Quod
1315 3306 1372 3366 si
1410 3306 1530 3366 tibi
1563 3307 1737 3366 cordi
1768 3326 1901 3366 esse
1938 3305 2321 3382 intellexerO,
2353 3307 2470 3365 erit
2507 3325 2621 3365 cur
2660 3307 2725 3365 et

309 3408 615 3469 libentius
640 3409 704 3466 et
739 3406 1062 3466 ardentius
1088 3425 1233 3465 eum
1259 3404 1536 3465 laborem
1563 3404 1920 3483 suscipiam.
2003 3403 2272 3464 Interim
2300 3404 2440 3464 vale
2467 3424 2719 3481 nosque,

307 3507 475 3586 quod
503 3505 672 3581 facis,
706 3524 863 3566 ama.

636 3669 781 3732 126.
871 3667 969 3732 'l'o
1014 3667 1358 3731 WILLIAM
1405 3665 1711 3745 BLotm‘r,
1758 3665 1953 3731 Lonn
1998 3665 2400 3732 Monm-Jor.

386 3788 611 3860 Adagia
637 3788 824 3859 (1500)
850 3786 962 3843 Tit.
988 3795 1066 3842 v0.
2355 3785 2527 3841 Paris.

383 3876 497 3932 LB.
521 3876 582 3931 ii.
610 3874 741 3931 init.
2238 3872 2423 3946 (June
2456 3870 2647 3944 1500.)

375 3966 493 4015 The
516 3966 729 4028 presace
752 3967 808 4013 to
830 3963 927 4012 the
950 3963 1068 4012 first
1089 3963 1296 4012 edition
1321 3963 1381 4011 of
1395 3962 1492 4011 the
1516 3964 1819 4022 Adam'omm
1843 3965 2133 4023 Conectanea,
2163 3961 2333 4024 Paris,
2353 3962 2434 4011 Jo.
2457 3960 2723 4022 Philippi,

311 4047 447 4094 1500
469 4033 567 4093 (a).
633 4030 768 4079 This
788 4028 897 4079 and
920 4030 1017 4091 Ep.
1049 4044 1140 4090 1⁹7
1164 4043 1305 4078 were
1335 4028 1615 4090 evidently
1637 4029 1859 4077 written
1894 4029 2034 4077 after
2065 4029 2161 4077 the
2196 4029 2350 4077 main
2383 4030 2508 4090 part
2541 4027 2602 4076 of
2630 4026 2726 4074 the

310 4098 453 4147 book
477 4094 590 4146 had
614 4096 747 4145 been
773 4098 855 4144 set
877 4110 952 4158 up
974 4096 1033 4144 in
1056 4098 1198 4157 type,
1226 4109 1284 4142 as
1306 4094 1446 4142 with
1470 4093 1567 4141 the
1590 4095 1713 4142 title
1738 4094 1873 4156 they
1896 4093 1978 4141 fill
2003 4093 2125 4141 four
2146 4092 2526 4142 unnumbered
2548 4092 2728 4141 leaves

309 4169 369 4213 at
397 4163 492 4212 the
515 4161 830 4224 beginning,
857 4162 965 4209 and
1000 4161 1097 4209 the
1121 4159 1335 4222 regular
1356 4159 1658 4220 signatures
1689 4160 1848 4221 begin
1871 4159 2009 4207 with
2043 4160 2139 4208 the
2174 4158 2379 4221 adages.
2445 4157 2560 4206 'I'he
2592 4157 2727 4205 book

312 4244 428 4278 was
443 4228 705 4291 probably
719 4227 952 4289 through
971 4226 1065 4275 the
1083 4239 1232 4289 prees
1251 4227 1346 4273 not
1368 4225 1508 4274 later
1524 4224 1657 4272 than
1675 4224 1710 4272 J
1712 4224 1823 4286 uly,
1840 4225 1989 4273 since
2007 4226 2080 4286 by
2094 4225 2191 4273 the
2210 4225 2318 4272 end
2336 4224 2397 4273 of
2413 4224 2728 4286 September

314 4296 436 4357 (Ep.
468 4308 574 4354 133.
607 4308 654 4355 5,
683 4294 759 4353 6.)
785 4294 962 4355 copies
994 4293 1053 4339 of
1079 4293 1126 4339 it
1157 4291 1268 4339 had
1302 4291 1443 4338 been
1475 4292 1599 4338 sent
1630 4293 1689 4338 to
1723 4290 1969 4353 England
2007 4290 2157 4352 eight
2186 4291 2364 4339 weeks
2398 4290 2602 4338 before.
2670 4287 2726 4336 It

311 4375 429 4409 was
465 4358 751 4423 reprinted
789 4359 859 4419 by
897 4356 1138 4420 Philippi
1173 4358 1234 4404 in
1276 4370 1401 4417 1505
1433 4355 1668 4405 without
1703 4355 2003 4418 important
2036 4356 2287 4417 changes.
2357 4356 2468 4404 But
2503 4356 2563 4402 in
2601 4356 2728 4412 1506

309 4427 359 4475 it
395 4440 507 4474 was
539 4423 753 4474 revised
789 4424 859 4484 by
883 4423 1137 4471 Erasmus
1168 4437 1240 4472 on
1274 4422 1363 4470 his
1397 4435 1517 4484 way
1540 4424 1595 4469 to
1621 4421 1767 4482 Italy
1788 4422 1898 4471 and
1924 4424 2135 4483 twenty
2156 4422 2351 4483 adages
2383 4434 2524 4468 were
2550 4418 2725 4467 added

309 4491 452 4541 from
496 4491 597 4540 the
643 4489 956 4539 collections
1000 4489 1070 4536 he
1113 4487 1222 4537 had
1266 4487 1426 4535 made
1465 4488 1547 4535 sor
1589 4500 1659 4535 an
1706 4487 1961 4550 enlarged
1994 4488 2211 4535 volume
2250 4485 2440 4551 (Lond.
2482 4484 2615 4532 xvii.
2659 4496 2692 4543 3
2715 4501 2726 4530 z

663 4619 746 4654 20.
785 4604 926 4653 foras
947 4607 1011 4654 H.
1212 4603 1291 4652 28.
1329 4603 1460 4665 ipsis
1483 4602 1628 4650 inter
1648 4616 1705 4650 se
1726 4605 1804 4651 E:
1840 4602 1953 4650 illis
1976 4603 2126 4652 inter
2146 4603 2292 4665 ipsos
2317 4605 2370 4649 F.

997 4717 1071 4764 19.
1108 4703 1334 4764 Arcana,
1361 4699 1477 4765 ἀει]
1501 4701 1582 4752 Cf.
1608 4701 1704 4764 Ep.
1731 4703 1813 4751 61.
1842 4704 2022 4765 152-6.
