3355 5380
295 370 480 454 1506]
870 372 978 433 ΤΟ
1032 371 1641 434 CHRISTOPHER
1696 371 2103 435 URSWICK
2558 379 2674 434 425

289 533 633 608 repeterem
681 531 987 608 quantum
1033 529 1104 590 in
1151 549 1256 590 me
1302 528 1467 589 nihil
1514 528 1930 606 promeritum
1978 532 2089 588 tua
2135 527 2492 607 benignitas
2537 549 2678 590 con·

289 629 540 689 tulisset
583 628 756 705 (nam
803 626 1101 689 collatum
1142 627 1411 689 arbitror
1454 626 1743 706 quicquid
1786 627 1878 687 ita
1921 626 2196 688 delatum
2239 631 2349 703 est,
2395 631 2467 689 vt
2509 627 2677 689 haud
2713 640 2771 675 ¹0

290 727 418 788 scio
452 730 668 788 vtrum
703 745 815 804 per
839 726 1176 800 fortunam,
1209 744 1290 784 an
1326 745 1436 803 per
1472 725 1800 803 meipsum,
1834 728 1994 787 certe
2033 745 2142 803 per
2177 729 2242 787 te
2277 746 2405 786 non
2440 727 2683 788 steterit

292 845 417 903 quo
436 826 651 886 minus
672 824 1044 902 acceperim),
1064 823 1741 902 circunspectaremque
1759 843 2032 903 quonam
2052 827 2418 903 argumento
2436 844 2687 903 possem

289 923 571 1000 aliquam
597 923 822 983 saltem
850 941 995 999 erga
1021 924 1084 982 te
1112 922 1408 982 memoris
1434 921 1719 999 gratique
1745 922 1943 982 animi
1969 920 2488 1001 significationem
2515 923 2677 995 dare,

295 1041 494 1099 neque
534 1022 602 1081 in
643 1022 822 1081 tanta
861 1020 1146 1081 fortunae
1186 1039 1362 1081 meae
1402 1020 1711 1081 tenuitate
1752 1020 2084 1099 quicquam
2133 1023 2481 1083 occurreret
2520 1022 2683 1101 quod

293 1119 426 1181 vlla
452 1139 529 1180 ex
554 1122 745 1197 parte,
768 1138 896 1180 non
924 1118 1130 1179 dicam
1152 1118 1279 1179 tuis
1307 1119 1552 1179 meritis
1576 1119 1992 1197 responderet,
2013 1119 2123 1181 sed
2151 1119 2317 1196 quod
2343 1119 2447 1181 vel
2475 1120 2685 1181 animo
2715 1138 2770 1190 15

295 1217 677 1278 satisfaceret
722 1236 901 1292 meo;
959 1216 1118 1278 illud
1162 1217 1427 1295 denique
1471 1216 1634 1278 mihi
1674 1218 1849 1278 venit
1897 1217 1968 1278 in
2009 1220 2306 1294 mentem,
2348 1222 2420 1280 vt
2461 1220 2686 1280 saltem

298 1318 451 1377 istos
479 1316 781 1394 quosdam
808 1334 941 1376 non
967 1314 1310 1376 inurbanos
1337 1316 1627 1377 homines
1652 1315 1948 1390 imitarer,
1979 1316 2087 1394 qui
2112 1316 2370 1377 flosculo
2396 1317 2689 1395 quopiam

299 1413 535 1492 insigni
588 1417 699 1474 aut
751 1413 875 1474 alio
939 1412 1135 1474 simili
1197 1414 1485 1492 symbolo
1548 1414 1745 1475 misso
1808 1414 2154 1475 voluntatis
2212 1415 2688 1492 propensionem

298 1511 695 1591 promptique
723 1512 926 1574 animi
961 1511 1244 1573 studium
1282 1512 1605 1575 testificari
1642 1514 1886 1588 solent;
1928 1514 2291 1591 praesertim
2324 1514 2445 1592 ipsi
2473 1517 2690 1575 tenues

296 1630 442 1689 erga
466 1630 570 1672 eos
598 1610 828 1688 quibus
854 1630 1056 1688 neque
1078 1630 1177 1671 res
1204 1631 1405 1689 neque
1431 1612 1684 1673 animus
1709 1612 1796 1674 sit
1823 1612 2092 1673 aliorum
2120 1632 2310 1689 egens
2337 1631 2687 1674 munerum.
2718 1632 2780 1666 ιο

378 1709 546 1787 Ergo
603 1709 974 1770 Graecanica
1025 1709 1403 1788 ingredienti
1455 1712 1697 1788 μουσεῖα
1751 1710 1924 1787 (nam
1978 1709 2300 1771 Musarum
2362 1709 2536 1771 horti
2589 1711 2693 1772 vel

302 1807 523 1867 mediis
575 1809 841 1868 vernant
895 1807 1158 1883 brumis)
1209 1808 1424 1869 statim
1479 1808 1645 1869 inter
1707 1808 1945 1869 multos
1999 1808 2173 1871 varia
2225 1808 2693 1870 adblandientes

302 1905 500 1982 gratia
523 1905 628 1967 hic
655 1905 917 1967 Luciani
943 1906 1237 1967 flosculus
1264 1909 1507 1985 praeter
1533 1908 1806 1968 caeteros
1834 1906 2062 1968 arrisit.
2138 1907 2306 1967 Eum
2333 1925 2462 1967 non
2488 1927 2695 1985 vngue

303 2003 413 2062 sed
462 2003 697 2064 calamo
746 2005 1107 2082 decerptum
1154 2005 1233 2066 ad
1280 2007 1345 2065 te
1392 2006 1595 2081 mitto,
1650 2024 1783 2065 non
1835 2004 2045 2066 solum
2098 2006 2379 2066 nouitate
2426 2010 2692 2083 gratum,

306 2102 506 2162 colore
531 2102 791 2178 varium,
823 2104 1024 2181 specie
1060 2106 1417 2181 venustum,
1449 2124 1564 2164 nec
1604 2103 1791 2165 odore
1828 2105 2011 2165 modo
2049 2104 2445 2181 fragrantem,
2476 2123 2700 2166 verum
2727 2123 2787 2173 25

306 2200 497 2260 etiam
524 2220 706 2261 succo
725 2205 1167 2279 praesentaneo
1192 2202 1504 2262 salubrem
1526 2204 1588 2264 et
1616 2202 1938 2264 efficacem.
1998 2202 2202 2263 Omne
2228 2202 2379 2262 tulit
2395 2205 2700 2281 punctum

310 2299 404 2374 (vt
430 2299 679 2376 scripsit
705 2299 980 2376 Flaccus)
1014 2301 1124 2378 qui
1150 2301 1402 2361 miscuit
1429 2301 1587 2361 vtile
1613 2300 1796 2361 dulci.
1870 2301 2047 2376 Quod
2075 2301 2328 2378 quidem
2359 2302 2469 2362 aut
2494 2320 2695 2376 nemo,

310 2417 449 2458 mea
495 2398 816 2474 sententia,
869 2403 980 2459 aut
1025 2402 1239 2460 noster
1284 2398 1388 2460 hic
1435 2398 1748 2460 Lucianus
1790 2400 1887 2459 est
1926 2402 2261 2476 assecutus,
2309 2398 2419 2477 qui
2465 2399 2698 2476 priscae

309 2497 656 2558 comoediae
703 2497 1110 2574 dicacitatem,
1160 2499 1269 2559 sed
1318 2497 1473 2559 citra
1518 2497 1936 2576 petulantiam
1990 2498 2278 2573 referens,
2334 2497 2539 2557 Deum
2592 2498 2703 2558 im-

309 2596 653 2671 mortalem,
711 2616 833 2675 qua
882 2595 1152 2671 vafricie,
1213 2615 1336 2674 quo
1390 2596 1599 2674 lepore
1662 2595 2031 2674 perstringit
2086 2596 2315 2670 omnia,
2372 2614 2497 2673 quo
2548 2613 2703 2656 naso
2729 2616 2793 2664 30

310 2698 534 2756 cuncta
567 2695 906 2773 suspendit,
940 2714 1131 2772 quam
1170 2696 1385 2756 omnia
1419 2695 1582 2756 miro
1614 2694 1745 2755 sale
1783 2694 2116 2771 perfricat;
2158 2694 2323 2755 nihil
2363 2695 2466 2756 vel
2502 2694 2704 2756 obiter

310 2794 626 2871 attingens
672 2792 836 2871 quod
882 2813 1009 2854 non
1052 2793 1261 2872 aliquo
1309 2795 1496 2855 feriat
1542 2795 1901 2869 scommate,
1945 2794 2272 2871 praecipue
2316 2792 2705 2871 philosophis

312 2892 599 2967 infestus,
635 2894 821 2971 atque
860 2892 1026 2953 inter
1068 2892 1185 2953 hos
1226 2892 1660 2970 Pythagoricis
1695 2891 2096 2969 potissimum
2133 2911 2205 2952 ac
2243 2891 2584 2952 Platonicis
2625 2891 2703 2951 ob

313 2988 697 3068 praestigias,
758 2990 986 3051 Stoicis
1049 2990 1206 3050 item
1265 2992 1518 3068 propter
1578 2990 2044 3051 intolerandum
2110 2990 2528 3068 supercilium,
2586 2990 2704 3050 hos

315 3087 604 3163 punctim
659 3105 728 3147 ac
784 3088 1031 3163 caesim,
1087 3088 1206 3149 hos
1260 3088 1435 3149 omni
1487 3089 1761 3150 telorum
1813 3108 2036 3167 genere
2098 3089 2274 3167 petit,
2332 3088 2518 3166 idque
2573 3088 2707 3150 iure
2734 3101 2795 3152 35

317 3182 570 3259 optimo.
660 3182 823 3257 Quid
861 3183 1035 3243 enim
1078 3183 1368 3260 odiosius,
1414 3183 1566 3261 quid
1607 3184 1824 3245 minus
1864 3183 2210 3258 ferendum,
2257 3203 2446 3261 quam
2483 3183 2707 3261 impro-

320 3279 482 3341 bitas
516 3279 772 3341 virtutis
810 3281 1193 3359 professione
1228 3284 1555 3359 personata
1574 3283 1608 3343 ‘1‘
1690 3282 1862 3345 Hinc
1903 3281 2001 3343 illi
2042 3276 2411 3359 blasphemi,
2454 3281 2571 3343 hoc
2613 3285 2707 3343 est

320 3377 625 3456 maledici,
684 3380 1063 3442 vocabulum
1125 3380 1433 3456 addidere,
1504 3382 1611 3442 sed
1675 3382 1745 3441 hi
1809 3382 2115 3441 nimirum
2180 3400 2445 3460 quorum
2505 3380 2709 3441 vlcera

321 3477 625 3555 tetigerat.
730 3478 878 3539 Pari
925 3478 1215 3539 libertate
1266 3477 1412 3539 deos
1458 3498 1704 3557 quoque
1750 3480 1985 3557 passim
2035 3483 2098 3540 et
2146 3479 2307 3539 ridet
2350 3480 2414 3538 et
2462 3478 2702 3552 lacerat,

322 3575 485 3635 vnde
526 3595 872 3653 cognomen
911 3575 1188 3637 inditum
1228 3575 1413 3651 ἀθέου,
1447 3580 1799 3655 speciosum
1836 3577 2111 3656 profecto
2153 3577 2255 3638 vel
2296 3578 2415 3637 hoc
2456 3576 2712 3637 nomine
2736 3592 2802 3641 40

323 3674 486 3750 quod
533 3673 612 3734 ab
661 3673 873 3750 impiis
919 3693 987 3734 ac
1037 3673 1484 3750 superstitiosis
1531 3676 1926 3737 attributum.
2013 3676 2254 3737 Floruit
2298 3675 2416 3753 (vti
2461 3675 2710 3754 putant)

323 3770 575 3831 Traiani
617 3772 813 3831 ferme
854 3771 1255 3849 temporibus,
1304 3771 1621 3850 indignus,
1671 3773 1762 3834 ita
1809 3794 1907 3834 me
1954 3774 2109 3835 deus
2155 3777 2341 3850 amet,
2388 3772 2499 3852 qui
2540 3772 2711 3832 inter

322 3869 635 3946 sophistas
659 3871 1118 3930 annumeretur.
1203 3869 1478 3931 Tantum
1514 3870 1758 3932 obtinet
1792 3871 1862 3932 in
1901 3872 2159 3933 dicendo
2186 3871 2431 3950 gratiae,
2461 3872 2709 3931 tantum

324 3969 392 4028 in
436 3967 815 4029 inueniendo
858 3966 1191 4042 felicitatis,
1239 3970 1489 4028 tantum
1535 3968 1606 4029 in
1654 3968 1916 4029 iocando
1958 3969 2202 4047 leporis,
2252 3969 2322 4029 in
2368 3968 2709 4030 mordendo

325 4066 497 4139 aceti,
542 4065 633 4126 sic
680 4064 904 4127 titillat
942 4065 1368 4141 allusionibus,
1416 4064 1506 4125 sic
1547 4065 1710 4126 seria
1755 4054 1956 4145 nugis,
2004 4087 2203 4146 nugas
2242 4066 2417 4128 seriis
2458 4067 2713 4141 miscet;
2739 4082 2802 4133 45

1270 4202 1350 4235 20.
1388 4187 1687 4237 alienorum
1709 4190 1761 4243 β.

393 4298 471 4333 22.
505 4286 738 4350 brumis]
759 4288 890 4336 This
912 4288 961 4335 is
982 4288 1215 4351 perhaps
1230 4301 1302 4336 an
1327 4286 1470 4334 indi·
1571 4286 1681 4337 and
1737 4289 2065 4337 translation
2119 4287 2178 4337 of
2226 4289 2321 4338 the
2372 4291 2534 4337 Genus
2577 4301 2716 4336 were

331 4351 507 4399 cation
541 4350 665 4400 that
703 4353 800 4402 the
837 4352 1160 4402 translation
1201 4367 1313 4401 was
1352 4352 1472 4401 first
1571 4353 1855 4416 composed
1890 4354 1953 4403 in
1986 4353 2082 4403 the
2118 4354 2337 4417 winter,
2372 4353 2471 4402 the
2509 4352 2716 4416 preface

333 4417 617 4475 presented
665 4421 723 4466 to
766 4418 1013 4468 Urswiek
1064 4419 1125 4468 in
1174 4418 1273 4468 the
1322 4419 1474 4480 early
1572 4419 1737 4483 being
1774 4418 2098 4482 sufficiently
2134 4419 2419 4468 indefinite
2463 4421 2519 4466 to
2558 4417 2717 4467 allow

335 4481 556 4529 months
588 4481 647 4530 of
669 4485 809 4544 1506.
880 4484 1044 4532 From
1076 4485 1173 4534 the
1207 4484 1315 4533 fact
1349 4483 1473 4533 that
1572 4499 1682 4548 any
1704 4498 1865 4534 name
1886 4487 1942 4534 to
1964 4484 2030 4533 be
2053 4483 2330 4543 inserted;
2363 4484 2476 4533 and
2506 4483 2629 4533 that
2655 4483 2717 4530 in

334 4543 429 4593 the
468 4549 734 4597 Alexander
772 4549 891 4613 (Ep.
938 4551 1053 4614 199)
1093 4564 1204 4599 was
1241 4550 1475 4612 brought
1574 4551 1670 4599 the
1690 4550 1845 4599 haste
1867 4550 1927 4599 of
1941 4550 2278 4613 publication
2295 4550 2551 4599 Erasmus
2570 4562 2717 4599 over-

333 4612 392 4658 to
436 4610 589 4659 Paris
622 4613 858 4663 without
895 4629 927 4663 a
968 4615 1294 4678 dedication,
1335 4616 1381 4664 it
1425 4617 1475 4665 is
1573 4615 1766 4665 looked
1789 4616 1904 4665 this
1925 4615 2227 4664 indication
2248 4615 2309 4664 of
2325 4614 2466 4664 date.

331 4676 567 4738 possible
587 4681 644 4726 to
666 4679 971 4741 conjecture
997 4681 1120 4730 that
1142 4681 1237 4730 the
1268 4680 1475 4743 preface
1641 4696 1722 4743 27.
1760 4680 2003 4744 Flaccus]
2030 4687 2092 4731 A.
2116 4684 2171 4732 Ρ.
2194 4695 2308 4743 343.

432 4775 593 4809 mu
1486 4783 1523 4823 F
1548 4764 1581 4824 f
