3355 5380
697 353 773 409 38
1395 345 1776 406 LETTERS
1830 346 1937 406 or
1994 345 2392 407 ERAsMUs
2815 341 3106 426 [1523-4

692 502 1048 565 absolutior.
1134 504 1503 580 Quanquam
1532 502 1665 580 ipse
1706 503 1837 563 iam
1869 502 2109 563 dudum
2137 501 2407 579 ingenue
2442 501 2643 563 fassus
2678 521 2821 562 sum
2860 521 2964 562 me
2988 501 3112 563 hic

694 601 1220 680 indiligentiorem
1262 621 1393 662 esse
1434 621 1621 680 quam
1661 621 1775 679 par
1814 605 1953 674 est;
2006 600 2114 662 sed
2156 599 2413 660 interim
2453 600 2563 661 alii
2603 619 2743 661 mea
2781 600 3114 663 sententia

694 699 947 777 grauius
973 702 1245 777 peccant,
1277 699 1387 777 qui
1415 719 1609 777 quum
1637 699 1767 759 sint
1795 698 1980 776 longe
2005 698 2324 773 doctiores,
2358 697 2800 776 superstitione
2825 699 3111 776 quadam

694 799 804 857 aut
838 797 1002 859 nihil
1043 799 1278 859 aedunt
1315 800 1428 860 aut
1462 817 1614 858 sero.
1702 796 1977 857 Proinde
2014 815 2094 858 ne
2131 797 2282 875 quid
2317 816 2527 874 speres
2560 816 2674 874 per
2708 816 2812 857 me
2838 797 3111 875 quidem

641 922 672 972 5
697 894 967 957 liberum
1010 898 1072 957 te
1107 898 1241 957 fore
1280 896 1397 956 hac
1436 895 1740 971 molestia,
1775 894 1949 972 prius
1976 914 2162 973 quam
2209 895 2425 955 exiens
2464 915 2500 955 e
2540 895 2860 973 proscenio
2900 895 3114 957 semel

697 992 901 1053 dicam
956 993 1133 1054 vobis
1185 993 1496 1069 omnibus,
1539 993 1761 1056 Valete
1813 995 1877 1053 et
1928 993 2417 1071 plaudite,—(id,
2465 993 2628 1053 mihi
2674 994 2869 1069 crede,
2916 994 3112 1055 breui

697 1090 981 1152 futurum
1037 1095 1182 1169 erat,
1248 1091 1373 1153 nisi
1425 1090 1652 1152 vinum
1706 1091 2219 1170 Burgundiacum
2274 1091 2450 1151 velut
2501 1093 2613 1152 ἀπὸ
2666 1096 2923 1172 μηχανῆς
2969 1093 3115 1157 θεὸς

698 1188 1276 1267 succurrisset)-tu
1336 1188 1610 1249 delibera
1661 1190 1875 1249 vtrum
1943 1189 2130 1250 malis
2197 1188 2316 1250 boc
2383 1191 2611 1267 optare,
2672 1210 2756 1251 an
2830 1190 3114 1252 subinde

699 1287 962 1348 mercari
999 1287 1233 1348 librum
1268 1291 1523 1348 auctum
1560 1289 1671 1348 aut
1706 1287 2111 1365 recognitum.
2201 1287 2398 1348 Porro
2436 1287 2492 1348 si
2527 1287 2761 1350 recolas
2796 1290 3114 1367 quantam

614 1413 675 1450 10
699 1387 995 1463 pecuniae
1023 1385 1155 1446 vim
1183 1385 1253 1445 in
1286 1405 1441 1463 quas
1469 1403 1669 1463 nugas
1696 1384 1853 1445 olim
1881 1383 2221 1461 collocaris,
2248 1384 2481 1461 minus,
2504 1384 2742 1463 opinor,
2772 1387 2834 1446 te
2861 1384 3117 1462 pigebit

698 1484 891 1545 huius
915 1483 1241 1562 impendii.
2493 1556 2498 1563 Ι

781 1581 921 1643 Iam
945 1582 1131 1643 audio
1166 1582 1469 1659 quosdam
1506 1581 1742 1642 amicos
1768 1580 2037 1642 subinde
2069 1586 2431 1644 mussantes
2456 1582 2535 1643 de
2562 1582 3117 1644 lucubrationibus

699 1680 860 1741 meis
914 1679 1207 1741 omnibus
1261 1679 1333 1740 in
1387 1681 1592 1741 tomos
1643 1679 2016 1758 digerendis.
2123 1681 2234 1742 An
2288 1681 2377 1741 sit
2427 1681 2760 1760 quicquam
2813 1701 3114 1743 meorum

699 1778 1072 1856 scriptorum
1093 1777 1259 1855 quod
1284 1777 1714 1854 posteritatem
1742 1781 2067 1854 mereatur,
2095 1777 2360 1840 aliorum
2389 1782 2524 1840 esto
2548 1777 2853 1840 iudicium
2877 1800 2893 1853 ;
2934 1783 3114 1840 certe

613 1907 675 1959 15
699 1876 754 1936 si
795 1876 872 1937 ad
915 1880 1195 1954 posteros
1233 1875 1615 1954 peruenient,
1648 1876 1917 1954 optarim
1957 1875 2120 1936 mihi
2156 1877 2471 1955 Tyronem
2508 1876 2870 1954 quempiam
2895 1875 3114 1937 fidum

698 1993 768 2034 ac
822 1975 1092 2049 doctum,
1155 1974 1265 2052 qui
1316 1975 1437 2036 hoc
1490 1974 1652 2035 mihi
1707 1973 1842 2035 vita
1893 1973 2186 2036 defuncto
2252 1977 2541 2051 praestet,
2599 1974 2764 2053 quod
2818 1973 2930 2034 ille
2984 1994 3112 2036 suo

700 2070 1001 2133 Ciceroni.
1088 2071 1174 2131 Et
1212 2072 1427 2132 tamen
1467 2071 1521 2131 si
1563 2071 1665 2132 cui
1692 2071 1900 2132 visum
1943 2072 2064 2133 erit
2100 2071 2218 2134 boc
2256 2073 2483 2149 conari,
2517 2092 2644 2151 age,
2675 2072 2846 2134 viam
2871 2072 3114 2136 indica·

700 2168 929 2244 bimus,
960 2189 1084 2246 quo
1112 2168 1175 2228 id
1206 2168 1317 2230 fiat
1343 2169 1750 2231 commodius.

781 2266 863 2327 In
913 2266 1203 2327 Primum
1254 2268 1501 2328 tomum
1542 2267 1812 2328 conferri
1853 2270 2150 2345 poterunt
2194 2287 2353 2347 quae
2399 2272 2683 2346 spectant
2729 2269 2805 2329 ad
2852 2269 3112 2333 institu-

616 2393 678 2429 20
702 2365 942 2427 tionem
969 2365 1313 2441 literarum,
1348 2365 1512 2443 quod
1542 2385 1743 2443 genus
1769 2368 1955 2426 sunt:

783 2464 879 2525 De
906 2463 1099 2541 Copia
1126 2461 1274 2524 libri
1303 2463 1441 2524 duo.

786 2561 969 2622 Ratio
997 2560 1429 2622 conscribendi
1462 2560 1775 2637 epistolas.

785 2660 969 2722 Ratio
996 2659 1367 2736 studiorum,
1398 2659 1476 2720 ad
1506 2659 1771 2720 Petrum
1797 2658 2131 2723 Vitorium.

784 2758 1199 2821 Theodoricae
1225 2757 1663 2835 grammatices
1692 2757 1840 2819 libri
1867 2759 1991 2820 duo
2018 2757 2200 2820 versi.

618 2866 675 2915 25
785 2857 1097 2936 syntaxis.

786 2954 1017 3016 Omnia
1043 2973 1225 3014 versa
1251 2973 1328 3013 ex
1358 2953 1649 3030 Luciano‚
1685 2974 1951 3032 quorum
1981 2955 2159 3016 tituli
2185 2959 2368 3016 sunt:

865 3052 1243 3114 Saturnalia.
1984 3052 2483 3115 Pseudomantis.

863 3151 1268 3225 Oronosolon,
1319 3149 1384 3211 id
1442 3152 1539 3210 est
1582 3150 1752 3228 leges
1798 3150 1902 3212 Sa·
1984 3153 2320 3215 Somnium
2346 3154 2483 3215 siue
2510 3154 2749 3218 Gallus.

946 3247 1329 3308 turnaliciae.
1975 3250 2222 3313 Timon.

616 3357 679 3406 30
866 3344 1184 3423 Epistolae
1213 3344 1568 3405 Saturnales
1591 3344 1848 3424 aliquot.
1981 3348 2350 3412 Abdicatus·

865 3444 960 3505 De
988 3443 1176 3504 luctu.
1982 3446 2415 3524 Tyrannicida.

865 3539 1393 3618 Icaromenippus.
1987 3545 2081 3604 De
2130 3546 2412 3607 mercede
2460 3545 2784 3608 conductis
2830 3546 2898 3607 in
2940 3548 3111 3610 aulis

866 3638 1140 3700 Toxaris.
2063 3647 2416 3720 potentum.

866 3737 1114 3815 Dialogi
1141 3736 1333 3798 varii:

618 3846 679 3896 35
946 3834 1286 3896 Onemonis
1312 3838 1376 3895 et
1403 3833 1719 3913 Damippi.
1813 3899 1820 3904 ,
2061 3838 2296 3918 Simyli
2322 3860 2393 3902 ac
2420 3841 2782 3919 Polystrati.

949 3932 1389 4011 Zenophantae
1444 3936 1507 3994 et
1552 3933 1905 3995 Callidemi-
2060 3938 2323 3999 Veneris
2351 3942 2415 4000 et
2442 3939 2792 4017 Cupidinis.

1034 4029 1248 4107 (dae).

948 4127 1229 4207 Menippi
1255 4132 1321 4189 et
1348 4129 1617 4192 Tantali.
2066 4132 2290 4194 Martis
2314 4152 2386 4194 ac
2413 4133 2721 4197 Mercurii.

949 4226 1228 4305 Menippi
1254 4230 1317 4288 et
1344 4226 1652 4288 Mercurii.
2062 4229 2356 4292 Mercurii
2383 4234 2447 4292 et
2473 4232 2690 4295 Maiae.

836 4354 885 4387 2.
917 4339 1011 4388 sed
1035 4339 1260 4388 interim
1281 4341 1319 4396 β
1341 4357 1354 4388 :
1386 4354 1700 4402 quanquam
1723 4359 1771 4391 a.
1978 4356 2051 4392 12.
2091 4344 2210 4394 Iam
2234 4380 2248 4394 .
2272 4380 2288 4396 .
2310 4382 2324 4396 .
2350 4347 2428 4395 46.
2456 4360 2515 4406 15
2539 4346 2842 4411 religiosius
2863 4353 2980 4400 cdd.
3002 4351 3059 4404 β.

778 4545 854 4594 13.
914 4528 1247 4594 digerendis]
1306 4531 1417 4580 The
1474 4534 1854 4594 arrangement
1957 4537 2015 4582 to
2045 4533 2215 4583 Boece
2240 4533 2314 4597 (p.
2349 4535 2465 4600 155)
2486 4536 2599 4586 and
2630 4537 2690 4586 in
2723 4536 2821 4587 the
2847 4537 3114 4591 collected

706 4598 868 4660 given
923 4597 1053 4647 here
1096 4597 1146 4647 is
1188 4596 1442 4645 followed
1487 4596 1626 4646 with
1670 4612 1704 4646 a
1748 4596 1853 4647 few
1955 4597 2165 4647 edition
2189 4599 2249 4647 of
2269 4614 2411 4663 1540,
2429 4616 2504 4664 up
2522 4601 2699 4652 tovol.
2714 4603 2808 4652 vii.
2869 4603 2986 4653 Vol.
3001 4605 3110 4655 viii

705 4663 1023 4713 alterations
1045 4664 1106 4711 in
1130 4661 1225 4712 the
1254 4662 1529 4725 catalogue
1559 4662 1850 4713 addressed
1955 4663 2087 4714 here
2112 4665 2353 4716 becomes
2374 4665 2479 4716 vol.
2506 4669 2563 4716 ix
2585 4668 2646 4717 in
2670 4666 2766 4717 the
2787 4668 2927 4718 later
2947 4669 3093 4722 lists.
