<?xml version="1.0" encoding="UTF-8"?>
<!DOCTYPE html PUBLIC "-//W3C//DTD XHTML 1.0 Transitional//EN"
    "http://www.w3.org/TR/xhtml1/DTD/xhtml1-transitional.dtd">
<html xmlns="http://www.w3.org/1999/xhtml" xml:lang="en" lang="en">
 <head>
  <title>
</title>
<meta http-equiv="Content-Type" content="text/html;charset=utf-8" />
  <meta name='ocr-system' content='tesseract 3.04.00' />
  <meta name='ocr-capabilities' content='ocr_page ocr_carea ocr_par ocr_line ocrx_word'/>
</head>
<body>
  <div class='ocr_page' id='page_1' title='image "./opusepistolarum00flowgoog_0086.png"; bbox 0 0 3355 5380; ppageno 0'>
   <div class='ocr_carea' id='block_1_1' title="bbox 661 379 3059 464">
    <p class='ocr_par' dir='ltr' id='par_1_1' title="bbox 661 379 3059 464">
     <span class='ocr_line' id='line_1_1' title="bbox 661 379 3059 464; baseline 0 -24"><span class='ocrx_word' id='word_1_1' title='bbox 661 385 737 441; x_wconf 82' lang='lat'><strong>58</strong></span> <span class='ocrx_word' id='word_1_2' title='bbox 1359 381 1737 444; x_wconf 74' lang='lat' dir='ltr'><strong>LETTsRs</strong></span> <span class='ocrx_word' id='word_1_3' title='bbox 1790 382 1896 443; x_wconf 78' lang='lat' dir='ltr'><strong>oF</strong></span> <span class='ocrx_word' id='word_1_4' title='bbox 1948 381 2347 444; x_wconf 71' lang='lat' dir='ltr'><strong>ERAsuth</strong></span> <span class='ocrx_word' id='word_1_5' title='bbox 2864 379 3059 464; x_wconf 80' lang='lat'><strong>[1540</strong></span> 
     </span>
    </p>
   </div>
   <div class='ocr_carea' id='block_1_2' title="bbox 569 537 3074 4247">
    <p class='ocr_par' dir='ltr' id='par_1_2' title="bbox 569 537 3063 911">
     <span class='ocr_line' id='line_1_2' title="bbox 569 537 3062 618; baseline 0 -19"><span class='ocrx_word' id='word_1_6' title='bbox 569 558 633 607; x_wconf 83' lang='lat'><strong>45</strong></span> <span class='ocrx_word' id='word_1_7' title='bbox 659 538 958 612; x_wconf 85' lang='lat' dir='ltr'><strong>Romano,</strong></span> <span class='ocrx_word' id='word_1_8' title='bbox 1004 537 1060 600; x_wconf 90' lang='lat' dir='ltr'><strong>si</strong></span> <span class='ocrx_word' id='word_1_9' title='bbox 1108 557 1252 599; x_wconf 89' lang='lat' dir='ltr'><strong>cum</strong></span> <span class='ocrx_word' id='word_1_10' title='bbox 1297 538 1731 601; x_wconf 77' lang='lat' dir='ltr'><strong>cardinalibus</strong></span> <span class='ocrx_word' id='word_1_11' title='bbox 1777 539 2087 618; x_wconf 88' lang='lat' dir='ltr'><strong>agendum</strong></span> <span class='ocrx_word' id='word_1_12' title='bbox 2134 540 2307 600; x_wconf 87' lang='lat' dir='ltr'><strong>foret.</strong></span> <span class='ocrx_word' id='word_1_13' title='bbox 2392 539 2630 600; x_wconf 90' lang='lat' dir='ltr'><strong>Verum</strong></span> <span class='ocrx_word' id='word_1_14' title='bbox 2669 539 2821 618; x_wconf 86' lang='lat' dir='ltr'><strong>quid</strong></span> <span class='ocrx_word' id='word_1_15' title='bbox 2871 540 3062 600; x_wconf 87' lang='lat' dir='ltr'><strong>inter·</strong></span> 
     </span>
     <span class='ocr_line' id='line_1_3' title="bbox 659 636 3063 715; baseline 0 -18"><span class='ocrx_word' id='word_1_16' title='bbox 659 637 907 697; x_wconf 89' lang='lat' dir='ltr'><strong>uenerit</strong></span> <span class='ocrx_word' id='word_1_17' title='bbox 947 657 1069 715; x_wconf 91' lang='lat' dir='ltr'><strong>quo</strong></span> <span class='ocrx_word' id='word_1_18' title='bbox 1109 637 1321 697; x_wconf 89' lang='lat' dir='ltr'><strong>minus</strong></span> <span class='ocrx_word' id='word_1_19' title='bbox 1362 655 1435 698; x_wconf 90' lang='lat' dir='ltr'><strong>ea</strong></span> <span class='ocrx_word' id='word_1_20' title='bbox 1473 637 1772 714; x_wconf 88' lang='lat' dir='ltr'><strong>profectio</strong></span> <span class='ocrx_word' id='word_1_21' title='bbox 1812 636 1899 697; x_wconf 90' lang='lat' dir='ltr'><strong>sit</strong></span> <span class='ocrx_word' id='word_1_22' title='bbox 1939 636 2019 698; x_wconf 91' lang='lat' dir='ltr'><strong>ab</strong></span> <span class='ocrx_word' id='word_1_23' title='bbox 2055 636 2360 715; x_wconf 77' lang='lat' dir='ltr'>Episcopo</span> <span class='ocrx_word' id='word_1_24' title='bbox 2399 640 2702 713; x_wconf 86' lang='lat' dir='ltr'><strong>suscepta,</strong></span> <span class='ocrx_word' id='word_1_25' title='bbox 2736 638 2899 698; x_wconf 89' lang='lat' dir='ltr'><strong>mihi</strong></span> <span class='ocrx_word' id='word_1_26' title='bbox 2927 658 3063 698; x_wconf 90' lang='lat' dir='ltr'><strong>non</strong></span> 
     </span>
     <span class='ocr_line' id='line_1_4' title="bbox 660 733 3061 814; baseline 0.001 -19"><span class='ocrx_word' id='word_1_27' title='bbox 660 733 874 813; x_wconf 91' lang='lat' dir='ltr'><strong>liquet.</strong></span> <span class='ocrx_word' id='word_1_28' title='bbox 962 734 1141 796; x_wconf 83' lang='lat' dir='ltr'><strong>Certe</strong></span> <span class='ocrx_word' id='word_1_29' title='bbox 1169 733 1547 795; x_wconf 87' lang='lat' dir='ltr'><strong>Guilielmus</strong></span> <span class='ocrx_word' id='word_1_30' title='bbox 1578 735 1711 814; x_wconf 90' lang='lat' dir='ltr'><strong>ipse</strong></span> <span class='ocrx_word' id='word_1_31' title='bbox 1735 734 1919 796; x_wconf 80' lang='lat' dir='ltr'><strong>valde</strong></span> <span class='ocrx_word' id='word_1_32' title='bbox 1956 734 2160 795; x_wconf 89' lang='lat' dir='ltr'><strong>doluit</strong></span> <span class='ocrx_word' id='word_1_33' title='bbox 2197 738 2481 812; x_wconf 90' lang='lat' dir='ltr'><strong>ereptum</strong></span> <span class='ocrx_word' id='word_1_34' title='bbox 2517 734 2638 795; x_wconf 91' lang='lat' dir='ltr'><strong>sibi</strong></span> <span class='ocrx_word' id='word_1_35' title='bbox 2678 736 3061 812; x_wconf 88' lang='lat' dir='ltr'><strong>Erasmum;</strong></span> 
     </span>
     <span class='ocr_line' id='line_1_5' title="bbox 660 832 3052 911; baseline 0 -18"><span class='ocrx_word' id='word_1_36' title='bbox 660 832 749 893; x_wconf 90' lang='lat' dir='ltr'><strong>sic</strong></span> <span class='ocrx_word' id='word_1_37' title='bbox 778 834 948 894; x_wconf 92' lang='lat' dir='ltr'><strong>enim</strong></span> <span class='ocrx_word' id='word_1_38' title='bbox 976 832 1045 893; x_wconf 91' lang='lat' dir='ltr'><strong>in</strong></span> <span class='ocrx_word' id='word_1_39' title='bbox 1072 833 1190 894; x_wconf 84' lang='lat' dir='ltr'><strong>oda</strong></span> <span class='ocrx_word' id='word_1_40' title='bbox 1216 834 1481 911; x_wconf 85' lang='lat' dir='ltr'><strong>quadam</strong></span> <span class='ocrx_word' id='word_1_41' title='bbox 1510 833 1719 895; x_wconf 84' lang='lat' dir='ltr'><strong>canit:</strong></span> <span class='ocrx_word' id='word_1_42' title='bbox 3049 872 3052 873; x_wconf 27' lang='grc' dir='ltr'><em>ν</em></span> 
     </span>
    </p>

    <p class='ocr_par' dir='ltr' id='par_1_3' title="bbox 572 938 3066 1507">
     <span class='ocr_line' id='line_1_6' title="bbox 823 938 2587 1018; baseline 0 -18"><span class='ocrx_word' id='word_1_43' title='bbox 823 941 913 1000; x_wconf 90' lang='lat' dir='ltr'><strong>At</strong></span> <span class='ocrx_word' id='word_1_44' title='bbox 953 959 1125 1000; x_wconf 90' lang='lat' dir='ltr'><strong>nunc</strong></span> <span class='ocrx_word' id='word_1_45' title='bbox 1166 958 1302 1000; x_wconf 90' lang='lat' dir='ltr'><strong>sors</strong></span> <span class='ocrx_word' id='word_1_46' title='bbox 1342 958 1458 1000; x_wconf 89' lang='lat' dir='ltr'><strong>nos</strong></span> <span class='ocrx_word' id='word_1_47' title='bbox 1498 938 1763 1015; x_wconf 91' lang='lat' dir='ltr'><strong>diuellit,</strong></span> <span class='ocrx_word' id='word_1_48' title='bbox 1808 938 1927 1000; x_wconf 88' lang='lat' dir='ltr'><strong>tibi</strong></span> <span class='ocrx_word' id='word_1_49' title='bbox 1968 940 2131 1018; x_wconf 90' lang='lat' dir='ltr'><strong>quod</strong></span> <span class='ocrx_word' id='word_1_50' title='bbox 2174 938 2332 999; x_wconf 91' lang='lat' dir='ltr'><strong>bene</strong></span> <span class='ocrx_word' id='word_1_51' title='bbox 2369 942 2587 1013; x_wconf 81' lang='lat' dir='ltr'><strong>vertat,</strong></span> 
     </span>
     <span class='ocr_line' id='line_1_7' title="bbox 572 1036 1715 1123; baseline -0.003 -24"><span class='ocrx_word' id='word_1_52' title='bbox 572 1074 635 1123; x_wconf 82' lang='lat'><strong>50</strong></span> <span class='ocrx_word' id='word_1_53' title='bbox 982 1038 1131 1099; x_wconf 86' lang='lat' dir='ltr'><strong>Sors</strong></span> <span class='ocrx_word' id='word_1_54' title='bbox 1170 1037 1496 1115; x_wconf 86' lang='lat' dir='ltr'><strong>peracerba</strong></span> <span class='ocrx_word' id='word_1_55' title='bbox 1534 1036 1715 1097; x_wconf 91' lang='lat' dir='ltr'><strong>mihi.</strong></span> 
     </span>
     <span class='ocr_line' id='line_1_8' title="bbox 821 1132 2504 1214; baseline 0.001 -19"><span class='ocrx_word' id='word_1_56' title='bbox 821 1132 922 1195; x_wconf 83' lang='lat' dir='ltr'><strong>Me</strong></span> <span class='ocrx_word' id='word_1_57' title='bbox 963 1136 1097 1195; x_wconf 90' lang='lat' dir='ltr'><strong>sine</strong></span> <span class='ocrx_word' id='word_1_58' title='bbox 1139 1134 1312 1196; x_wconf 92' lang='lat' dir='ltr'><strong>solus</strong></span> <span class='ocrx_word' id='word_1_59' title='bbox 1351 1134 1502 1210; x_wconf 90' lang='lat' dir='ltr'><strong>abis,</strong></span> <span class='ocrx_word' id='word_1_60' title='bbox 1547 1137 1621 1194; x_wconf 89' lang='lat' dir='ltr'><strong>tu</strong></span> <span class='ocrx_word' id='word_1_61' title='bbox 1663 1133 1874 1195; x_wconf 85' lang='lat' dir='ltr'><strong>Rheni</strong></span> <span class='ocrx_word' id='word_1_62' title='bbox 1909 1134 2140 1214; x_wconf 80' lang='lat' dir='ltr'><strong>frigora</strong></span> <span class='ocrx_word' id='word_1_63' title='bbox 2179 1137 2245 1195; x_wconf 91' lang='lat' dir='ltr'><strong>et</strong></span> <span class='ocrx_word' id='word_1_64' title='bbox 2285 1134 2504 1212; x_wconf 91' lang='lat' dir='ltr'><strong>Alpeis</strong></span> 
     </span>
     <span class='ocr_line' id='line_1_9' title="bbox 986 1232 1671 1294; baseline -0.001 0"><span class='ocrx_word' id='word_1_65' title='bbox 986 1234 1087 1294; x_wconf 80' lang='lat' dir='ltr'><strong>Me</strong></span> <span class='ocrx_word' id='word_1_66' title='bbox 1128 1233 1266 1293; x_wconf 89' lang='lat' dir='ltr'><strong>sine</strong></span> <span class='ocrx_word' id='word_1_67' title='bbox 1306 1232 1477 1293; x_wconf 91' lang='lat' dir='ltr'><strong>solus</strong></span> <span class='ocrx_word' id='word_1_68' title='bbox 1518 1232 1671 1293; x_wconf 89' lang='lat' dir='ltr'><strong>adis.</strong></span> 
     </span>
     <span class='ocr_line' id='line_1_10' title="bbox 820 1330 2895 1408; baseline 0 -17"><span class='ocrx_word' id='word_1_69' title='bbox 820 1330 1092 1405; x_wconf 90' lang='lat' dir='ltr'><strong>Italiam,</strong></span> <span class='ocrx_word' id='word_1_70' title='bbox 1136 1330 1392 1392; x_wconf 87' lang='lat' dir='ltr'><strong>Italiam</strong></span> <span class='ocrx_word' id='word_1_71' title='bbox 1434 1330 1634 1391; x_wconf 87' lang='lat' dir='ltr'><strong>laetus</strong></span> <span class='ocrx_word' id='word_1_72' title='bbox 1681 1330 2036 1408; x_wconf 76' lang='lat' dir='ltr'><strong>penetrabis</strong></span> <span class='ocrx_word' id='word_1_73' title='bbox 2074 1349 2423 1393; x_wconf 87' lang='lat' dir='ltr'><strong>amoenam.</strong></span> <span class='ocrx_word' id='word_1_74' title='bbox 2513 1330 2598 1391; x_wconf 88' lang='lat' dir='ltr'><strong>Et</strong></span> <span class='ocrx_word' id='word_1_75' title='bbox 2637 1331 2895 1408; x_wconf 88' lang='lat' dir='ltr'><strong>reliqua.</strong></span> 
     </span>
     <span class='ocr_line' id='line_1_11' title="bbox 661 1426 3066 1507; baseline -0 -18"><span class='ocrx_word' id='word_1_76' title='bbox 661 1428 1032 1507; x_wconf 78' lang='lat' dir='ltr'><strong>Quanquam</strong></span> <span class='ocrx_word' id='word_1_77' title='bbox 1058 1448 1208 1491; x_wconf 81' lang='lat' dir='ltr'><strong>vero</strong></span> <span class='ocrx_word' id='word_1_78' title='bbox 1245 1427 1321 1490; x_wconf 91' lang='lat' dir='ltr'><strong>de</strong></span> <span class='ocrx_word' id='word_1_79' title='bbox 1357 1428 1556 1489; x_wconf 85' lang='lat' dir='ltr'><strong>Roma</strong></span> <span class='ocrx_word' id='word_1_80' title='bbox 1595 1429 1881 1490; x_wconf 86' lang='lat' dir='ltr'><strong>adeunda</strong></span> <span class='ocrx_word' id='word_1_81' title='bbox 1921 1428 2257 1490; x_wconf 88' lang='lat' dir='ltr'><strong>consilium</strong></span> <span class='ocrx_word' id='word_1_82' title='bbox 2293 1430 2569 1490; x_wconf 88' lang='lat' dir='ltr'><strong>mutauit</strong></span> <span class='ocrx_word' id='word_1_83' title='bbox 2595 1426 3066 1490; x_wconf 72' lang='lat' dir='ltr'><strong>Cameracensis</strong></span> 
     </span>
    </p>

    <p class='ocr_par' dir='ltr' id='par_1_4' title="bbox 571 1525 3068 1999">
     <span class='ocr_line' id='line_1_12' title="bbox 571 1525 3067 1605; baseline -0.002 -14"><span class='ocrx_word' id='word_1_84' title='bbox 571 1541 632 1591; x_wconf 83' lang='grc'><strong>55</strong></span> <span class='ocrx_word' id='word_1_85' title='bbox 660 1525 934 1603; x_wconf 87' lang='lat' dir='ltr'><strong>Praesul,</strong></span> <span class='ocrx_word' id='word_1_86' title='bbox 994 1530 1205 1587; x_wconf 90' lang='lat' dir='ltr'><strong>tamen</strong></span> <span class='ocrx_word' id='word_1_87' title='bbox 1260 1527 1594 1587; x_wconf 86' lang='lat' dir='ltr'><strong>Erasmum</strong></span> <span class='ocrx_word' id='word_1_88' title='bbox 1648 1527 1718 1587; x_wconf 91' lang='lat' dir='ltr'><strong>in</strong></span> <span class='ocrx_word' id='word_1_89' title='bbox 1771 1526 1913 1588; x_wconf 86' lang='lat' dir='ltr'><strong>aula</strong></span> <span class='ocrx_word' id='word_1_90' title='bbox 1966 1547 2079 1588; x_wconf 89' lang='lat' dir='ltr'><strong>sua</strong></span> <span class='ocrx_word' id='word_1_91' title='bbox 2131 1528 2405 1603; x_wconf 81' lang='lat' dir='ltr'><strong>retinuit,</strong></span> <span class='ocrx_word' id='word_1_92' title='bbox 2459 1528 2697 1605; x_wconf 90' lang='lat' dir='ltr'><strong>ingenii</strong></span> <span class='ocrx_word' id='word_1_93' title='bbox 2750 1526 3067 1588; x_wconf 83' lang='lat' dir='ltr'><strong>suauitate</strong></span> 
     </span>
     <span class='ocr_line' id='line_1_13' title="bbox 660 1624 3064 1705; baseline 0 -20"><span class='ocrx_word' id='word_1_94' title='bbox 660 1628 722 1685; x_wconf 90' lang='lat' dir='ltr'><strong>et</strong></span> <span class='ocrx_word' id='word_1_95' title='bbox 792 1624 1168 1703; x_wconf 82' lang='lat' dir='ltr'><strong>praestantia</strong></span> <span class='ocrx_word' id='word_1_96' title='bbox 1235 1644 1305 1685; x_wconf 87' lang='lat' dir='ltr'><strong>ac</strong></span> <span class='ocrx_word' id='word_1_97' title='bbox 1373 1625 1638 1685; x_wconf 83' lang='lat' dir='ltr'><strong>candore</strong></span> <span class='ocrx_word' id='word_1_98' title='bbox 1707 1626 1955 1687; x_wconf 89' lang='lat' dir='ltr'><strong>iuuenis</strong></span> <span class='ocrx_word' id='word_1_99' title='bbox 2024 1625 2383 1687; x_wconf 89' lang='lat' dir='ltr'><strong>delectatus.</strong></span> <span class='ocrx_word' id='word_1_100' title='bbox 2495 1625 2741 1705; x_wconf 88' lang='lat' dir='ltr'><strong>Hicque</strong></span> <span class='ocrx_word' id='word_1_101' title='bbox 2811 1624 2922 1686; x_wconf 89' lang='lat' dir='ltr'><strong>ille</strong></span> <span class='ocrx_word' id='word_1_102' title='bbox 2991 1625 3064 1685; x_wconf 90' lang='lat' dir='ltr'><strong>in</strong></span> 
     </span>
     <span class='ocr_line' id='line_1_14' title="bbox 659 1722 3066 1801; baseline 0 -18"><span class='ocrx_word' id='word_1_103' title='bbox 659 1722 1006 1784; x_wconf 90' lang='lat' dir='ltr'><strong>multorum</strong></span> <span class='ocrx_word' id='word_1_104' title='bbox 1046 1723 1388 1783; x_wconf 76' lang='lat' dir='ltr'><strong>amicitiam</strong></span> <span class='ocrx_word' id='word_1_105' title='bbox 1414 1742 1549 1784; x_wconf 88' lang='lat' dir='ltr'><strong>sese</strong></span> <span class='ocrx_word' id='word_1_106' title='bbox 1576 1722 1922 1784; x_wconf 90' lang='lat' dir='ltr'><strong>insinuauit</strong></span> <span class='ocrx_word' id='word_1_107' title='bbox 1949 1743 2098 1784; x_wconf 84' lang='lat' dir='ltr'><strong>vere</strong></span> <span class='ocrx_word' id='word_1_108' title='bbox 2124 1726 2407 1801; x_wconf 74' lang='grc' dir='ltr'>ἐράσμιος,</span> <span class='ocrx_word' id='word_1_109' title='bbox 2439 1724 2507 1784; x_wconf 90' lang='lat' dir='ltr'><strong>in</strong></span> <span class='ocrx_word' id='word_1_110' title='bbox 2544 1725 2767 1801; x_wconf 86' lang='lat' dir='ltr'><strong>primis</strong></span> <span class='ocrx_word' id='word_1_111' title='bbox 2793 1723 3066 1784; x_wconf 75' lang='lat' dir='ltr'><strong>Antonii</strong></span> 
     </span>
     <span class='ocr_line' id='line_1_15' title="bbox 658 1820 3067 1900; baseline 0 -20"><span class='ocrx_word' id='word_1_112' title='bbox 658 1820 903 1881; x_wconf 85' lang='lat' dir='ltr'><strong>abbatis</strong></span> <span class='ocrx_word' id='word_1_113' title='bbox 955 1821 1123 1899; x_wconf 90' lang='lat' dir='ltr'><strong>apud</strong></span> <span class='ocrx_word' id='word_1_114' title='bbox 1176 1820 1399 1881; x_wconf 89' lang='lat' dir='ltr'><strong>diuum</strong></span> <span class='ocrx_word' id='word_1_115' title='bbox 1448 1820 1799 1895; x_wconf 86' lang='lat' dir='ltr'><strong>Bertinum,</strong></span> <span class='ocrx_word' id='word_1_116' title='bbox 1849 1821 1958 1900; x_wconf 91' lang='lat' dir='ltr'><strong>qui</strong></span> <span class='ocrx_word' id='word_1_117' title='bbox 2013 1842 2090 1882; x_wconf 86' lang='lat' dir='ltr'><strong>ex</strong></span> <span class='ocrx_word' id='word_1_118' title='bbox 2145 1822 2359 1882; x_wconf 88' lang='lat' dir='ltr'><strong>eadem</strong></span> <span class='ocrx_word' id='word_1_119' title='bbox 2403 1822 2818 1899; x_wconf 90' lang='lat' dir='ltr'><strong>Bergensium</strong></span> <span class='ocrx_word' id='word_1_120' title='bbox 2875 1823 3067 1900; x_wconf 86' lang='lat' dir='ltr'><strong>gente</strong></span> 
     </span>
     <span class='ocr_line' id='line_1_16' title="bbox 659 1917 3068 1999; baseline 0.001 -20"><span class='ocrx_word' id='word_1_121' title='bbox 659 1917 922 1979; x_wconf 85' lang='lat' dir='ltr'><strong>ducebat</strong></span> <span class='ocrx_word' id='word_1_122' title='bbox 958 1919 1283 1997; x_wconf 83' lang='lat' dir='ltr'><strong>originem,</strong></span> <span class='ocrx_word' id='word_1_123' title='bbox 1318 1922 1381 1980; x_wconf 90' lang='lat' dir='ltr'><strong>et</strong></span> <span class='ocrx_word' id='word_1_124' title='bbox 1409 1918 1617 1979; x_wconf 89' lang='lat' dir='ltr'><strong>Iacobi</strong></span> <span class='ocrx_word' id='word_1_125' title='bbox 1651 1918 1845 1995; x_wconf 89' lang='lat' dir='ltr'><strong>Batti,</strong></span> <span class='ocrx_word' id='word_1_126' title='bbox 1879 1920 1991 1997; x_wconf 90' lang='lat' dir='ltr'><strong>qui</strong></span> <span class='ocrx_word' id='word_1_127' title='bbox 2034 1923 2290 1981; x_wconf 86' lang='lat' dir='ltr'><strong>senatus</strong></span> <span class='ocrx_word' id='word_1_128' title='bbox 2332 1921 2543 1999; x_wconf 85' lang='lat' dir='ltr'><strong>oppidi</strong></span> <span class='ocrx_word' id='word_1_129' title='bbox 2572 1920 2903 1997; x_wconf 87' lang='lat' dir='ltr'><strong>Bergensis</strong></span> <span class='ocrx_word' id='word_1_130' title='bbox 2939 1920 3068 1981; x_wconf 86' lang='lat' dir='ltr'><strong>fuit</strong></span> 
     </span>
    </p>

    <p class='ocr_par' dir='ltr' id='par_1_5' title="bbox 571 2015 3069 2487">
     <span class='ocr_line' id='line_1_17' title="bbox 571 2015 3067 2096; baseline 0 -19"><span class='ocrx_word' id='word_1_131' title='bbox 571 2015 637 2067; x_wconf 88' lang='lat'><strong>60</strong></span> <span class='ocrx_word' id='word_1_132' title='bbox 660 2035 697 2077; x_wconf 99' lang='lat' dir='ltr'><strong>a</strong></span> <span class='ocrx_word' id='word_1_133' title='bbox 725 2016 995 2092; x_wconf 88' lang='lat' dir='ltr'><strong>secretis,</strong></span> <span class='ocrx_word' id='word_1_134' title='bbox 1028 2016 1107 2076; x_wconf 92' lang='lat' dir='ltr'><strong>ad</strong></span> <span class='ocrx_word' id='word_1_135' title='bbox 1136 2036 1321 2094; x_wconf 90' lang='lat' dir='ltr'><strong>quem</strong></span> <span class='ocrx_word' id='word_1_136' title='bbox 1350 2019 1447 2077; x_wconf 92' lang='lat' dir='ltr'><strong>tot</strong></span> <span class='ocrx_word' id='word_1_137' title='bbox 1473 2016 1611 2077; x_wconf 89' lang='lat' dir='ltr'><strong>eius</strong></span> <span class='ocrx_word' id='word_1_138' title='bbox 1637 2019 1852 2078; x_wconf 88' lang='lat' dir='ltr'><strong>extant</strong></span> <span class='ocrx_word' id='word_1_139' title='bbox 1887 2018 2193 2094; x_wconf 85' lang='lat' dir='ltr'><strong>epistolae,</strong></span> <span class='ocrx_word' id='word_1_140' title='bbox 2226 2018 2335 2096; x_wconf 90' lang='lat' dir='ltr'><strong>qui</strong></span> <span class='ocrx_word' id='word_1_141' title='bbox 2365 2021 2581 2095; x_wconf 87' lang='lat' dir='ltr'><strong>postea</strong></span> <span class='ocrx_word' id='word_1_142' title='bbox 2610 2017 2774 2095; x_wconf 87' lang='lat' dir='ltr'><strong>apud</strong></span> <span class='ocrx_word' id='word_1_143' title='bbox 2803 2019 3067 2078; x_wconf 86' lang='lat' dir='ltr'><strong>Annam</strong></span> 
     </span>
     <span class='ocr_line' id='line_1_18' title="bbox 660 2113 3064 2193; baseline 0 -19"><span class='ocrx_word' id='word_1_144' title='bbox 660 2113 999 2190; x_wconf 86' lang='lat' dir='ltr'><strong>Bersolam‚</strong></span> <span class='ocrx_word' id='word_1_145' title='bbox 1031 2114 1313 2191; x_wconf 89' lang='lat' dir='ltr'><strong>Adolphi</strong></span> <span class='ocrx_word' id='word_1_146' title='bbox 1354 2114 1653 2192; x_wconf 87' lang='lat' dir='ltr'><strong>principis</strong></span> <span class='ocrx_word' id='word_1_147' title='bbox 1679 2114 2002 2176; x_wconf 90' lang='lat' dir='ltr'><strong>Veriensis</strong></span> <span class='ocrx_word' id='word_1_148' title='bbox 2042 2118 2328 2193; x_wconf 90' lang='lat' dir='ltr'><strong>matrem,</strong></span> <span class='ocrx_word' id='word_1_149' title='bbox 2362 2115 2468 2176; x_wconf 88' lang='lat' dir='ltr'><strong>diu</strong></span> <span class='ocrx_word' id='word_1_150' title='bbox 2496 2115 2660 2177; x_wconf 82' lang='lat' dir='ltr'><strong>vixit</strong></span> <span class='ocrx_word' id='word_1_151' title='bbox 2701 2115 2771 2174; x_wconf 92' lang='lat' dir='ltr'><strong>in</strong></span> <span class='ocrx_word' id='word_1_152' title='bbox 2813 2133 3064 2176; x_wconf 88' lang='lat' dir='ltr'><strong>summo</strong></span> 
     </span>
     <span class='ocr_line' id='line_1_19' title="bbox 660 2212 3067 2290; baseline -0 -17"><span class='ocrx_word' id='word_1_153' title='bbox 660 2213 914 2274; x_wconf 90' lang='lat' dir='ltr'><strong>honore.</strong></span> <span class='ocrx_word' id='word_1_154' title='bbox 999 2213 1093 2273; x_wconf 92' lang='lat' dir='ltr'><strong>At</strong></span> <span class='ocrx_word' id='word_1_155' title='bbox 1114 2213 1589 2287; x_wconf 80' lang='lat' dir='ltr'><strong>Cameracensis,</strong></span> <span class='ocrx_word' id='word_1_156' title='bbox 1616 2212 2050 2274; x_wconf 87' lang='lat' dir='ltr'><strong>felicissimum</strong></span> <span class='ocrx_word' id='word_1_157' title='bbox 2070 2214 2319 2274; x_wconf 85' lang='lat' dir='ltr'><strong>Erasmi</strong></span> <span class='ocrx_word' id='word_1_158' title='bbox 2346 2213 2590 2274; x_wconf 86' lang='lat' dir='ltr'><strong>alumni</strong></span> <span class='ocrx_word' id='word_1_159' title='bbox 2610 2212 2708 2273; x_wconf 90' lang='lat' dir='ltr'><strong>sui</strong></span> <span class='ocrx_word' id='word_1_160' title='bbox 2733 2213 3067 2290; x_wconf 85' lang='lat' dir='ltr'><strong>ingenium</strong></span> 
     </span>
     <span class='ocr_line' id='line_1_20' title="bbox 660 2309 3066 2389; baseline -0.001 -18"><span class='ocrx_word' id='word_1_161' title='bbox 660 2309 1131 2388; x_wconf 73' lang='lat' dir='ltr'><strong>contemplatus,</strong></span> <span class='ocrx_word' id='word_1_162' title='bbox 1165 2309 1333 2372; x_wconf 88' lang='lat' dir='ltr'><strong>haud</strong></span> <span class='ocrx_word' id='word_1_163' title='bbox 1372 2310 1683 2389; x_wconf 88' lang='lat' dir='ltr'><strong>grauatim</strong></span> <span class='ocrx_word' id='word_1_164' title='bbox 1719 2330 1866 2371; x_wconf 90' lang='lat' dir='ltr'><strong>eum</strong></span> <span class='ocrx_word' id='word_1_165' title='bbox 1903 2311 2264 2389; x_wconf 86' lang='lat' dir='ltr'><strong>sumptibus</strong></span> <span class='ocrx_word' id='word_1_166' title='bbox 2294 2311 2611 2387; x_wconf 87' lang='lat' dir='ltr'><strong>instruxit,</strong></span> <span class='ocrx_word' id='word_1_167' title='bbox 2640 2314 2715 2372; x_wconf 80' lang='lat' dir='ltr'><strong>vt</strong></span> <span class='ocrx_word' id='word_1_168' title='bbox 2743 2309 3066 2371; x_wconf 89' lang='lat' dir='ltr'><strong>Lutetiam</strong></span> 
     </span>
     <span class='ocr_line' id='line_1_21' title="bbox 660 2408 3069 2487; baseline 0 -18"><span class='ocrx_word' id='word_1_169' title='bbox 660 2408 1152 2487; x_wconf 80' lang='lat' dir='ltr'><strong>proficisceretur</strong></span> <span class='ocrx_word' id='word_1_170' title='bbox 1201 2412 1264 2469; x_wconf 91' lang='lat' dir='ltr'><strong>et</strong></span> <span class='ocrx_word' id='word_1_171' title='bbox 1312 2408 1441 2469; x_wconf 90' lang='lat' dir='ltr'><strong>illic</strong></span> <span class='ocrx_word' id='word_1_172' title='bbox 1485 2409 1850 2487; x_wconf 83' lang='lat' dir='ltr'><strong>theologiae,</strong></span> <span class='ocrx_word' id='word_1_173' title='bbox 1896 2429 2086 2486; x_wconf 90' lang='lat' dir='ltr'><strong>quam</strong></span> <span class='ocrx_word' id='word_1_174' title='bbox 2126 2409 2563 2471; x_wconf 86' lang='lat' dir='ltr'><strong>scholasticam</strong></span> <span class='ocrx_word' id='word_1_175' title='bbox 2602 2411 2845 2485; x_wconf 83' lang='lat' dir='ltr'><strong>vocant,</strong></span> <span class='ocrx_word' id='word_1_176' title='bbox 2891 2408 3069 2469; x_wconf 87' lang='lat' dir='ltr'><strong>daret</strong></span> 
     </span>
    </p>

    <p class='ocr_par' dir='ltr' id='par_1_6' title="bbox 572 2506 3069 2980">
     <span class='ocr_line' id='line_1_22' title="bbox 572 2506 3068 2589; baseline -0.001 -21"><span class='ocrx_word' id='word_1_177' title='bbox 572 2524 636 2589; x_wconf 78' lang='lat'><strong>65</strong></span> <span class='ocrx_word' id='word_1_178' title='bbox 661 2525 930 2584; x_wconf 88' lang='lat' dir='ltr'><strong>operam.</strong></span> <span class='ocrx_word' id='word_1_179' title='bbox 1016 2506 1183 2584; x_wconf 87' lang='lat' dir='ltr'><strong>Ergo</strong></span> <span class='ocrx_word' id='word_1_180' title='bbox 1226 2506 1494 2567; x_wconf 86' lang='lat' dir='ltr'><strong>Scotista</strong></span> <span class='ocrx_word' id='word_1_181' title='bbox 1532 2507 1734 2567; x_wconf 87' lang='lat' dir='ltr'><strong>factus</strong></span> <span class='ocrx_word' id='word_1_182' title='bbox 1781 2510 1891 2583; x_wconf 86' lang='lat' dir='ltr'><strong>est,</strong></span> <span class='ocrx_word' id='word_1_183' title='bbox 1936 2508 2005 2568; x_wconf 93' lang='lat' dir='ltr'><strong>in</strong></span> <span class='ocrx_word' id='word_1_184' title='bbox 2049 2507 2308 2587; x_wconf 91' lang='lat' dir='ltr'><strong>collegio</strong></span> <span class='ocrx_word' id='word_1_185' title='bbox 2347 2508 2584 2569; x_wconf 80' lang='lat' dir='ltr'><strong>Montis</strong></span> <span class='ocrx_word' id='word_1_186' title='bbox 2626 2525 2856 2585; x_wconf 88' lang='lat' dir='ltr'><strong>agens;</strong></span> <span class='ocrx_word' id='word_1_187' title='bbox 2914 2525 3068 2567; x_wconf 88' lang='lat' dir='ltr'><strong>nam</strong></span> 
     </span>
     <span class='ocr_line' id='line_1_23' title="bbox 662 2604 3069 2684; baseline 0 -19"><span class='ocrx_word' id='word_1_188' title='bbox 662 2605 832 2665; x_wconf 89' lang='lat' dir='ltr'><strong>inter</strong></span> <span class='ocrx_word' id='word_1_189' title='bbox 857 2606 1182 2684; x_wconf 90' lang='lat' dir='ltr'><strong>theologos</strong></span> <span class='ocrx_word' id='word_1_190' title='bbox 1209 2605 1622 2683; x_wconf 84' lang='lat' dir='ltr'><strong>disputatores</strong></span> <span class='ocrx_word' id='word_1_191' title='bbox 1648 2605 1920 2667; x_wconf 86' lang='lat' dir='ltr'><strong>Ioannes</strong></span> <span class='ocrx_word' id='word_1_192' title='bbox 1953 2605 2061 2666; x_wconf 92' lang='lat' dir='ltr'><strong>ille</strong></span> <span class='ocrx_word' id='word_1_193' title='bbox 2089 2606 2372 2667; x_wconf 89' lang='lat' dir='ltr'><strong>Dunsius</strong></span> <span class='ocrx_word' id='word_1_194' title='bbox 2409 2606 2630 2667; x_wconf 83' lang='lat' dir='ltr'><strong>Scotus</strong></span> <span class='ocrx_word' id='word_1_195' title='bbox 2664 2604 2745 2666; x_wconf 84' lang='lat' dir='ltr'><strong>ab</strong></span> <span class='ocrx_word' id='word_1_196' title='bbox 2775 2605 3069 2666; x_wconf 89' lang='lat' dir='ltr'><strong>acumine</strong></span> 
     </span>
     <span class='ocr_line' id='line_1_24' title="bbox 659 2702 3068 2784; baseline -0 -20"><span class='ocrx_word' id='word_1_197' title='bbox 659 2704 898 2782; x_wconf 90' lang='lat' dir='ltr'><strong>ingenii</strong></span> <span class='ocrx_word' id='word_1_198' title='bbox 921 2704 1195 2765; x_wconf 85' lang='lat' dir='ltr'><strong>maxime</strong></span> <span class='ocrx_word' id='word_1_199' title='bbox 1221 2704 1628 2781; x_wconf 85' lang='lat' dir='ltr'><strong>praedicatur.</strong></span> <span class='ocrx_word' id='word_1_200' title='bbox 1697 2705 2032 2784; x_wconf 85' lang='lat' dir='ltr'><strong>Quumque</strong></span> <span class='ocrx_word' id='word_1_201' title='bbox 2050 2704 2249 2767; x_wconf 84' lang='lat' dir='ltr'><strong>vitam</strong></span> <span class='ocrx_word' id='word_1_202' title='bbox 2276 2703 2725 2782; x_wconf 86' lang='lat' dir='ltr'><strong>collegiaticam</strong></span> <span class='ocrx_word' id='word_1_203' title='bbox 2746 2702 3068 2764; x_wconf 87' lang='lat' dir='ltr'><strong>duriorem</strong></span> 
     </span>
     <span class='ocr_line' id='line_1_25' title="bbox 660 2802 3064 2882; baseline -0 -18"><span class='ocrx_word' id='word_1_204' title='bbox 660 2806 1058 2882; x_wconf 85' lang='lat' dir='ltr'><strong>experiretur,</strong></span> <span class='ocrx_word' id='word_1_205' title='bbox 1088 2823 1218 2865; x_wconf 90' lang='lat' dir='ltr'><strong>non</strong></span> <span class='ocrx_word' id='word_1_206' title='bbox 1252 2803 1498 2864; x_wconf 88' lang='lat' dir='ltr'><strong>inuitus</strong></span> <span class='ocrx_word' id='word_1_207' title='bbox 1528 2802 1866 2882; x_wconf 88' lang='lat' dir='ltr'><strong>emigrauit</strong></span> <span class='ocrx_word' id='word_1_208' title='bbox 1890 2803 1968 2864; x_wconf 88' lang='lat' dir='ltr'><strong>ad</strong></span> <span class='ocrx_word' id='word_1_209' title='bbox 1996 2803 2280 2881; x_wconf 89' lang='lat' dir='ltr'><strong>Anglum</strong></span> <span class='ocrx_word' id='word_1_210' title='bbox 2320 2803 2636 2881; x_wconf 89' lang='lat' dir='ltr'><strong>quendam</strong></span> <span class='ocrx_word' id='word_1_211' title='bbox 2675 2820 3064 2879; x_wconf 88' lang='lat' dir='ltr'><strong>generosum,</strong></span> 
     </span>
     <span class='ocr_line' id='line_1_26' title="bbox 660 2899 3069 2980; baseline -0.001 -17"><span class='ocrx_word' id='word_1_212' title='bbox 660 2901 1084 2964; x_wconf 81' lang='lat' dir='ltr'><strong>adulescentes</strong></span> <span class='ocrx_word' id='word_1_213' title='bbox 1109 2902 1266 2964; x_wconf 92' lang='lat' dir='ltr'><strong>duos</strong></span> <span class='ocrx_word' id='word_1_214' title='bbox 1292 2921 1622 2980; x_wconf 89' lang='lat' dir='ltr'><strong>generosos</strong></span> <span class='ocrx_word' id='word_1_215' title='bbox 1647 2921 1863 2962; x_wconf 91' lang='lat' dir='ltr'><strong>secum</strong></span> <span class='ocrx_word' id='word_1_216' title='bbox 1882 2901 2221 2963; x_wconf 88' lang='lat' dir='ltr'><strong>habentem</strong></span> <span class='ocrx_word' id='word_1_217' title='bbox 2244 2925 2262 2976; x_wconf 70' lang='grc' dir='ltr'><strong><em>ς</em></strong></span> <span class='ocrx_word' id='word_1_218' title='bbox 2302 2899 2678 2962; x_wconf 81' lang='lat' dir='ltr'><strong>Montioium</strong></span> <span class='ocrx_word' id='word_1_219' title='bbox 2696 2899 2969 2960; x_wconf 86' lang='lat' dir='ltr'><strong>alterum</strong></span> <span class='ocrx_word' id='word_1_220' title='bbox 2988 2921 3069 2961; x_wconf 84' lang='lat' dir='ltr'><strong>ex</strong></span> 
     </span>
    </p>

    <p class='ocr_par' dir='ltr' id='par_1_7' title="bbox 575 2997 3071 3472">
     <span class='ocr_line' id='line_1_27' title="bbox 575 2997 3068 3078; baseline -0.001 -19"><span class='ocrx_word' id='word_1_221' title='bbox 575 3020 637 3073; x_wconf 87' lang='lat'><strong>70</strong></span> <span class='ocrx_word' id='word_1_222' title='bbox 661 2999 791 3061; x_wconf 89' lang='lat' dir='ltr'><strong>illis</strong></span> <span class='ocrx_word' id='word_1_223' title='bbox 817 3000 1011 3061; x_wconf 85' lang='lat' dir='ltr'><strong>fuisse</strong></span> <span class='ocrx_word' id='word_1_224' title='bbox 1035 2999 1312 3060; x_wconf 90' lang='lat' dir='ltr'><strong>coniicio.</strong></span> <span class='ocrx_word' id='word_1_225' title='bbox 1398 2999 1714 3060; x_wconf 89' lang='lat' dir='ltr'><strong>Videbant</strong></span> <span class='ocrx_word' id='word_1_226' title='bbox 1740 3000 1912 3060; x_wconf 91' lang='lat' dir='ltr'><strong>enim</strong></span> <span class='ocrx_word' id='word_1_227' title='bbox 1939 2999 2139 3078; x_wconf 88' lang='lat' dir='ltr'><strong>Angli</strong></span> <span class='ocrx_word' id='word_1_228' title='bbox 2164 2999 2332 3061; x_wconf 88' lang='lat' dir='ltr'><strong>inter</strong></span> <span class='ocrx_word' id='word_1_229' title='bbox 2356 3000 2732 3078; x_wconf 83' lang='lat' dir='ltr'><strong>professores</strong></span> <span class='ocrx_word' id='word_1_230' title='bbox 2757 2997 3068 3058; x_wconf 89' lang='lat' dir='ltr'><strong>bonarum</strong></span> 
     </span>
     <span class='ocr_line' id='line_1_28' title="bbox 661 3095 3069 3175; baseline -0.001 -17"><span class='ocrx_word' id='word_1_231' title='bbox 661 3097 988 3160; x_wconf 86' lang='lat' dir='ltr'><strong>literarum</strong></span> <span class='ocrx_word' id='word_1_232' title='bbox 1055 3098 1123 3158; x_wconf 89' lang='lat' dir='ltr'><strong>in</strong></span> <span class='ocrx_word' id='word_1_233' title='bbox 1192 3099 1328 3157; x_wconf 88' lang='lat' dir='ltr'><strong>tota</strong></span> <span class='ocrx_word' id='word_1_234' title='bbox 1381 3097 1697 3158; x_wconf 88' lang='lat' dir='ltr'><strong>academia</strong></span> <span class='ocrx_word' id='word_1_235' title='bbox 1757 3097 2098 3160; x_wconf 89' lang='lat' dir='ltr'><strong>Parisiensi</strong></span> <span class='ocrx_word' id='word_1_236' title='bbox 2164 3098 2414 3160; x_wconf 87' lang='lat' dir='ltr'><strong>nullum</strong></span> <span class='ocrx_word' id='word_1_237' title='bbox 2473 3098 2735 3160; x_wconf 85' lang='lat' dir='ltr'><strong>existere</strong></span> <span class='ocrx_word' id='word_1_238' title='bbox 2792 3096 2901 3175; x_wconf 90' lang='lat' dir='ltr'><strong>qui</strong></span> <span class='ocrx_word' id='word_1_239' title='bbox 2960 3095 3069 3159; x_wconf 81' lang='lat' dir='ltr'><strong>vel</strong></span> 
     </span>
     <span class='ocr_line' id='line_1_29' title="bbox 663 3194 3071 3272; baseline -0 -16"><span class='ocrx_word' id='word_1_240' title='bbox 663 3196 971 3256; x_wconf 87' lang='lat' dir='ltr'><strong>eruditius</strong></span> <span class='ocrx_word' id='word_1_241' title='bbox 1037 3197 1246 3272; x_wconf 89' lang='lat' dir='ltr'><strong>posset</strong></span> <span class='ocrx_word' id='word_1_242' title='bbox 1310 3195 1412 3257; x_wconf 81' lang='lat' dir='ltr'><strong>vel</strong></span> <span class='ocrx_word' id='word_1_243' title='bbox 1481 3194 1735 3256; x_wconf 89' lang='lat' dir='ltr'><strong>fidelius</strong></span> <span class='ocrx_word' id='word_1_244' title='bbox 1801 3196 2017 3257; x_wconf 90' lang='lat' dir='ltr'><strong>docere</strong></span> <span class='ocrx_word' id='word_1_245' title='bbox 2087 3201 2458 3260; x_wconf 86' lang='lat' dir='ltr'><strong>consuesset.</strong></span> <span class='ocrx_word' id='word_1_246' title='bbox 2565 3198 2730 3258; x_wconf 85' lang='lat' dir='ltr'><strong>Nam</strong></span> <span class='ocrx_word' id='word_1_247' title='bbox 2797 3196 3071 3257; x_wconf 84' lang='lat' dir='ltr'><strong>Faustus</strong></span> 
     </span>
     <span class='ocr_line' id='line_1_30' title="bbox 663 3291 3064 3373; baseline 0 -20"><span class='ocrx_word' id='word_1_248' title='bbox 663 3292 1072 3367; x_wconf 89' lang='lat' dir='ltr'><strong>Andrelinus‚</strong></span> <span class='ocrx_word' id='word_1_249' title='bbox 1134 3291 1362 3369; x_wconf 89' lang='lat' dir='ltr'><strong>alioqui</strong></span> <span class='ocrx_word' id='word_1_250' title='bbox 1415 3292 1800 3354; x_wconf 84' lang='lat' dir='ltr'><strong>carminibus</strong></span> <span class='ocrx_word' id='word_1_251' title='bbox 1862 3313 2092 3372; x_wconf 87' lang='lat' dir='ltr'><strong>magna</strong></span> <span class='ocrx_word' id='word_1_252' title='bbox 2151 3314 2297 3357; x_wconf 89' lang='lat' dir='ltr'><strong>cura</strong></span> <span class='ocrx_word' id='word_1_253' title='bbox 2359 3295 2706 3373; x_wconf 87' lang='lat' dir='ltr'><strong>pangendis</strong></span> <span class='ocrx_word' id='word_1_254' title='bbox 2759 3295 3064 3369; x_wconf 84' lang='lat' dir='ltr'><strong>intentus,</strong></span> 
     </span>
     <span class='ocr_line' id='line_1_31' title="bbox 663 3390 3071 3472; baseline 0 -21"><span class='ocrx_word' id='word_1_255' title='bbox 663 3390 1052 3451; x_wconf 85' lang='lat' dir='ltr'><strong>defunctorie</strong></span> <span class='ocrx_word' id='word_1_256' title='bbox 1078 3390 1499 3468; x_wconf 85' lang='lat' dir='ltr'><strong>profitebatur,</strong></span> <span class='ocrx_word' id='word_1_257' title='bbox 1532 3391 1687 3452; x_wconf 90' lang='lat' dir='ltr'><strong>iocis</strong></span> <span class='ocrx_word' id='word_1_258' title='bbox 1715 3392 2090 3471; x_wconf 90' lang='lat' dir='ltr'><strong>quibusdam</strong></span> <span class='ocrx_word' id='word_1_259' title='bbox 2122 3395 2321 3471; x_wconf 89' lang='lat' dir='ltr'><strong>magis</strong></span> <span class='ocrx_word' id='word_1_260' title='bbox 2357 3393 2603 3455; x_wconf 81' lang='lat' dir='ltr'><strong>festinis</strong></span> <span class='ocrx_word' id='word_1_261' title='bbox 2641 3413 2830 3472; x_wconf 89' lang='lat' dir='ltr'><strong>quam</strong></span> <span class='ocrx_word' id='word_1_262' title='bbox 2868 3392 3071 3453; x_wconf 87' lang='lat' dir='ltr'><strong>doctis</strong></span> 
     </span>
    </p>

    <p class='ocr_par' dir='ltr' id='par_1_8' title="bbox 578 3487 3072 3763">
     <span class='ocr_line' id='line_1_32' title="bbox 578 3487 3072 3570; baseline 0.002 -21"><span class='ocrx_word' id='word_1_263' title='bbox 578 3505 637 3559; x_wconf 84' lang='lat'><strong>75</strong></span> <span class='ocrx_word' id='word_1_264' title='bbox 664 3489 955 3567; x_wconf 88' lang='lat' dir='ltr'><strong>plausum</strong></span> <span class='ocrx_word' id='word_1_265' title='bbox 981 3488 1235 3549; x_wconf 90' lang='lat' dir='ltr'><strong>rudium</strong></span> <span class='ocrx_word' id='word_1_266' title='bbox 1263 3487 1618 3549; x_wconf 86' lang='lat' dir='ltr'><strong>auditorum</strong></span> <span class='ocrx_word' id='word_1_267' title='bbox 1646 3493 1918 3568; x_wconf 88' lang='lat' dir='ltr'><strong>captans.</strong></span> <span class='ocrx_word' id='word_1_268' title='bbox 1985 3492 2307 3570; x_wconf 81' lang='lat' dir='ltr'><strong>Gaguinus</strong></span> <span class='ocrx_word' id='word_1_269' title='bbox 2328 3491 2633 3553; x_wconf 88' lang='lat' dir='ltr'><strong>obeundis</strong></span> <span class='ocrx_word' id='word_1_270' title='bbox 2651 3491 3072 3569; x_wconf 80' lang='lat' dir='ltr'><strong>legationibus</strong></span> 
     </span>
     <span class='ocr_line' id='line_1_33' title="bbox 663 3585 3071 3668; baseline 0.002 -21"><span class='ocrx_word' id='word_1_271' title='bbox 663 3585 743 3647; x_wconf 91' lang='lat' dir='ltr'><strong>ad</strong></span> <span class='ocrx_word' id='word_1_272' title='bbox 768 3589 1014 3648; x_wconf 86' lang='lat' dir='ltr'><strong>exteros</strong></span> <span class='ocrx_word' id='word_1_273' title='bbox 1040 3586 1358 3665; x_wconf 89' lang='lat' dir='ltr'><strong>principes</strong></span> <span class='ocrx_word' id='word_1_274' title='bbox 1382 3592 1717 3667; x_wconf 90' lang='lat' dir='ltr'><strong>occupatus</strong></span> <span class='ocrx_word' id='word_1_275' title='bbox 1742 3593 1889 3664; x_wconf 89' lang='lat' dir='ltr'><strong>erat,</strong></span> <span class='ocrx_word' id='word_1_276' title='bbox 1920 3589 1989 3649; x_wconf 90' lang='lat' dir='ltr'><strong>in</strong></span> <span class='ocrx_word' id='word_1_277' title='bbox 2027 3589 2169 3651; x_wconf 85' lang='lat' dir='ltr'><strong>istis</strong></span> <span class='ocrx_word' id='word_1_278' title='bbox 2205 3590 2433 3652; x_wconf 89' lang='lat' dir='ltr'><strong>studiis</strong></span> <span class='ocrx_word' id='word_1_279' title='bbox 2475 3611 2603 3654; x_wconf 89' lang='lat' dir='ltr'><strong>non</strong></span> <span class='ocrx_word' id='word_1_280' title='bbox 2646 3591 2737 3652; x_wconf 90' lang='lat' dir='ltr'><strong>ita</strong></span> <span class='ocrx_word' id='word_1_281' title='bbox 2775 3610 3071 3668; x_wconf 89' lang='lat' dir='ltr'><strong>prorsum</strong></span> 
     </span>
     <span class='ocr_line' id='line_1_34' title="bbox 663 3683 1754 3763; baseline 0.003 -19"><span class='ocrx_word' id='word_1_282' title='bbox 663 3683 986 3745; x_wconf 88' lang='lat' dir='ltr'><strong>absolutus</strong></span> <span class='ocrx_word' id='word_1_283' title='bbox 1008 3708 1024 3760; x_wconf 78' lang='lat'><em>3</em></span> <span class='ocrx_word' id='word_1_284' title='bbox 1067 3705 1180 3745; x_wconf 89' lang='lat' dir='ltr'><strong>nec</strong></span> <span class='ocrx_word' id='word_1_285' title='bbox 1208 3685 1465 3747; x_wconf 88' lang='lat' dir='ltr'><strong>docebat</strong></span> <span class='ocrx_word' id='word_1_286' title='bbox 1490 3686 1754 3763; x_wconf 88' lang='lat' dir='ltr'><strong>publice.</strong></span> 
     </span>
    </p>

    <p class='ocr_par' dir='ltr' id='par_1_9' title="bbox 667 3781 3074 3962">
     <span class='ocr_line' id='line_1_35' title="bbox 747 3781 3073 3865; baseline 0.003 -24"><span class='ocrx_word' id='word_1_287' title='bbox 747 3781 960 3857; x_wconf 87' lang='lat' dir='ltr'><strong>Atque</strong></span> <span class='ocrx_word' id='word_1_288' title='bbox 1015 3781 1167 3842; x_wconf 88' lang='lat' dir='ltr'><strong>hinc</strong></span> <span class='ocrx_word' id='word_1_289' title='bbox 1221 3784 1425 3861; x_wconf 84' lang='lat' dir='ltr'><strong>coepit</strong></span> <span class='ocrx_word' id='word_1_290' title='bbox 1483 3785 1783 3846; x_wconf 87' lang='lat' dir='ltr'><strong>Erasmus</strong></span> <span class='ocrx_word' id='word_1_291' title='bbox 1838 3785 1907 3845; x_wconf 90' lang='lat' dir='ltr'><strong>in</strong></span> <span class='ocrx_word' id='word_1_292' title='bbox 1957 3785 2192 3864; x_wconf 88' lang='lat' dir='ltr'><strong>Anglia</strong></span> <span class='ocrx_word' id='word_1_293' title='bbox 2245 3787 2644 3849; x_wconf 78' lang='lat' dir='ltr'><strong>innotescere.</strong></span> <span class='ocrx_word' id='word_1_294' title='bbox 2739 3787 2821 3847; x_wconf 89' lang='lat' dir='ltr'><strong>In</strong></span> <span class='ocrx_word' id='word_1_295' title='bbox 2876 3805 3073 3865; x_wconf 88' lang='lat' dir='ltr'><strong>quam</strong></span> 
     </span>
     <span class='ocr_line' id='line_1_36' title="bbox 667 3877 3074 3962; baseline 0.004 -24"><span class='ocrx_word' id='word_1_296' title='bbox 667 3877 941 3939; x_wconf 90' lang='lat' dir='ltr'><strong>insulam</strong></span> <span class='ocrx_word' id='word_1_297' title='bbox 1007 3880 1336 3959; x_wconf 89' lang='lat' dir='ltr'><strong>paulopost</strong></span> <span class='ocrx_word' id='word_1_298' title='bbox 1404 3882 1536 3961; x_wconf 91' lang='lat' dir='ltr'><strong>ipse</strong></span> <span class='ocrx_word' id='word_1_299' title='bbox 1600 3883 1907 3944; x_wconf 89' lang='lat' dir='ltr'><strong>concessit</strong></span> <span class='ocrx_word' id='word_1_300' title='bbox 1963 3902 2001 3943; x_wconf 92' lang='lat' dir='ltr'><strong>a</strong></span> <span class='ocrx_word' id='word_1_301' title='bbox 2055 3883 2381 3962; x_wconf 87' lang='lat' dir='ltr'><strong>discipulis</strong></span> <span class='ocrx_word' id='word_1_302' title='bbox 2434 3885 2564 3946; x_wconf 90' lang='lat' dir='ltr'><strong>illis</strong></span> <span class='ocrx_word' id='word_1_303' title='bbox 2619 3887 2751 3946; x_wconf 90' lang='lat' dir='ltr'><strong>suis</strong></span> <span class='ocrx_word' id='word_1_304' title='bbox 2804 3885 3074 3946; x_wconf 91' lang='lat' dir='ltr'><strong>domum</strong></span> 
     </span>
    </p>

    <p class='ocr_par' dir='ltr' id='par_1_10' title="bbox 578 3978 3073 4159">
     <span class='ocr_line' id='line_1_37' title="bbox 578 3978 3073 4061; baseline 0.001 -20"><span class='ocrx_word' id='word_1_305' title='bbox 578 3993 644 4041; x_wconf 90' lang='lat'><strong>80</strong></span> <span class='ocrx_word' id='word_1_306' title='bbox 668 3978 965 4055; x_wconf 86' lang='lat' dir='ltr'><strong>regressis</strong></span> <span class='ocrx_word' id='word_1_307' title='bbox 991 3978 1315 4042; x_wconf 88' lang='lat' dir='ltr'><strong>inuitatus.</strong></span> <span class='ocrx_word' id='word_1_308' title='bbox 1400 3981 1529 4041; x_wconf 91' lang='lat' dir='ltr'><strong>Vbi</strong></span> <span class='ocrx_word' id='word_1_309' title='bbox 1557 4002 1751 4059; x_wconf 91' lang='lat' dir='ltr'><strong>quum</strong></span> <span class='ocrx_word' id='word_1_310' title='bbox 1778 3980 2137 4060; x_wconf 89' lang='lat' dir='ltr'><strong>aliquandiu</strong></span> <span class='ocrx_word' id='word_1_311' title='bbox 2170 3984 2520 4061; x_wconf 88' lang='lat' dir='ltr'><strong>mansisset,</strong></span> <span class='ocrx_word' id='word_1_312' title='bbox 2554 3984 2624 4044; x_wconf 92' lang='lat' dir='ltr'><strong>in</strong></span> <span class='ocrx_word' id='word_1_313' title='bbox 2659 3984 2865 4045; x_wconf 89' lang='lat' dir='ltr'><strong>reditu</strong></span> <span class='ocrx_word' id='word_1_314' title='bbox 2900 3984 3073 4061; x_wconf 92' lang='lat' dir='ltr'><strong>apud</strong></span> 
     </span>
     <span class='ocr_line' id='line_1_38' title="bbox 669 4074 3067 4159; baseline 0.004 -25"><span class='ocrx_word' id='word_1_315' title='bbox 669 4074 1048 4137; x_wconf 89' lang='lat' dir='ltr'><strong>Douariense</strong></span> <span class='ocrx_word' id='word_1_316' title='bbox 1076 4077 1257 4139; x_wconf 90' lang='lat' dir='ltr'><strong>littus</strong></span> <span class='ocrx_word' id='word_1_317' title='bbox 1284 4099 1321 4139; x_wconf 90' lang='lat' dir='ltr'><strong>a</strong></span> <span class='ocrx_word' id='word_1_318' title='bbox 1347 4079 1556 4141; x_wconf 90' lang='lat' dir='ltr'><strong>telone</strong></span> <span class='ocrx_word' id='word_1_319' title='bbox 1583 4080 1856 4141; x_wconf 88' lang='lat' dir='ltr'><strong>fortunis</strong></span> <span class='ocrx_word' id='word_1_320' title='bbox 1881 4080 2336 4159; x_wconf 88' lang='lat' dir='ltr'><strong>propemodum</strong></span> <span class='ocrx_word' id='word_1_321' title='bbox 2373 4081 2667 4143; x_wconf 90' lang='lat' dir='ltr'><strong>omnibus</strong></span> <span class='ocrx_word' id='word_1_322' title='bbox 2694 4086 2921 4143; x_wconf 86' lang='lat' dir='ltr'><strong>exutus</strong></span> <span class='ocrx_word' id='word_1_323' title='bbox 2948 4086 3067 4158; x_wconf 86' lang='lat' dir='ltr'><strong>est,</strong></span> 
     </span>
    </p>

    <p class='ocr_par' dir='ltr' id='par_1_11' title="bbox 1472 4184 2258 4247">
     <span class='ocr_line' id='line_1_39' title="bbox 1472 4184 2258 4247; baseline 0.001 -14"><span class='ocrx_word' id='word_1_324' title='bbox 1472 4198 1553 4247; x_wconf 82' lang='lat'><strong>52.</strong></span> <span class='ocrx_word' id='word_1_325' title='bbox 1592 4184 1712 4234; x_wconf 85' lang='lat' dir='ltr'><strong>adis</strong></span> <span class='ocrx_word' id='word_1_326' title='bbox 1733 4188 2041 4234; x_wconf 76' lang='lat' dir='ltr'><strong>Hermanus:</strong></span> <span class='ocrx_word' id='word_1_327' title='bbox 2073 4185 2189 4234; x_wconf 87' lang='lat' dir='ltr'><strong>abis</strong></span> <span class='ocrx_word' id='word_1_328' title='bbox 2211 4203 2258 4235; x_wconf 79' lang='grc' dir='ltr'><strong>α.</strong></span> 
     </span>
    </p>
   </div>
   <div class='ocr_carea' id='block_1_3' title="bbox 669 4274 3076 4410">
    <p class='ocr_par' dir='ltr' id='par_1_12' title="bbox 669 4274 3076 4410">
     <span class='ocr_line' id='line_1_40' title="bbox 736 4274 3072 4343; baseline 0.005 -21"><span class='ocrx_word' id='word_1_329' title='bbox 736 4289 816 4336; x_wconf 78' lang='lat'><strong>⁴9·</strong></span> <span class='ocrx_word' id='word_1_330' title='bbox 854 4274 930 4324; x_wconf 84' lang='lat' dir='ltr'><strong>At</strong></span> <span class='ocrx_word' id='word_1_331' title='bbox 963 4279 1133 4342; x_wconf 90' lang='lat' dir='ltr'><strong>nunc]</strong></span> <span class='ocrx_word' id='word_1_332' title='bbox 1169 4279 1458 4329; x_wconf 84' lang='lat' dir='ltr'><strong>Herman’s</strong></span> <span class='ocrx_word' id='word_1_333' title='bbox 1492 4279 1603 4329; x_wconf 91' lang='lat' dir='ltr'><strong>Ode</strong></span> <span class='ocrx_word' id='word_1_334' title='bbox 1637 4295 1704 4341; x_wconf 79' lang='lat'><strong>23</strong></span> <span class='ocrx_word' id='word_1_335' title='bbox 1748 4278 1815 4329; x_wconf 81' lang='lat' dir='ltr'><strong>cf.</strong></span> <span class='ocrx_word' id='word_1_336' title='bbox 1985 4293 2064 4340; x_wconf 88' lang='lat'><strong>71.</strong></span> <span class='ocrx_word' id='word_1_337' title='bbox 2114 4278 2432 4343; x_wconf 86' lang='lat' dir='ltr'><strong>Parisiensi]</strong></span> <span class='ocrx_word' id='word_1_338' title='bbox 2496 4280 2698 4331; x_wconf 86' lang='lat' dir='ltr'><strong>Beatus</strong></span> <span class='ocrx_word' id='word_1_339' title='bbox 2754 4282 3072 4333; x_wconf 80' lang='lat' dir='ltr'><strong>Rhenanus’</strong></span> 
     </span>
     <span class='ocr_line' id='line_1_41' title="bbox 669 4338 3076 4410; baseline 0.005 -24"><span class='ocrx_word' id='word_1_340' title='bbox 669 4338 824 4401; x_wconf 80' lang='lat' dir='ltr'><strong>Verg.</strong></span> <span class='ocrx_word' id='word_1_341' title='bbox 845 4343 946 4390; x_wconf 82' lang='lat' dir='ltr'><strong>Ecl.</strong></span> <span class='ocrx_word' id='word_1_342' title='bbox 975 4356 1052 4391; x_wconf 76' lang='grc' dir='ltr'><strong>ιο.</strong></span> <span class='ocrx_word' id='word_1_343' title='bbox 1075 4357 1158 4404; x_wconf 84' lang='lat'><strong>47,</strong></span> <span class='ocrx_word' id='word_1_344' title='bbox 1181 4344 1230 4391; x_wconf 83' lang='lat'><strong>8.</strong></span> <span class='ocrx_word' id='word_1_345' title='bbox 1919 4359 2044 4394; x_wconf 85' lang='lat' dir='ltr'><strong>own</strong></span> <span class='ocrx_word' id='word_1_346' title='bbox 2068 4345 2345 4394; x_wconf 84' lang='lat' dir='ltr'><strong>residence</strong></span> <span class='ocrx_word' id='word_1_347' title='bbox 2366 4349 2425 4394; x_wconf 87' lang='lat' dir='ltr'><strong>at</strong></span> <span class='ocrx_word' id='word_1_348' title='bbox 2450 4345 2603 4395; x_wconf 87' lang='lat' dir='ltr'><strong>Paris</strong></span> <span class='ocrx_word' id='word_1_349' title='bbox 2620 4347 2938 4410; x_wconf 76' lang='lat' dir='ltr'><strong>University</strong></span> <span class='ocrx_word' id='word_1_350' title='bbox 2959 4364 3076 4398; x_wconf 81' lang='lat' dir='ltr'><strong>was</strong></span> 
     </span>
    </p>
   </div>
   <div class='ocr_carea' id='block_1_4' title="bbox 672 4405 3078 4538">
    <p class='ocr_par' dir='ltr' id='par_1_13' title="bbox 672 4405 3078 4538">
     <span class='ocr_line' id='line_1_42' title="bbox 736 4405 3078 4474; baseline 0.005 -21"><span class='ocrx_word' id='word_1_351' title='bbox 736 4405 817 4454; x_wconf 82' lang='lat'><strong>68.</strong></span> <span class='ocrx_word' id='word_1_352' title='bbox 867 4407 1137 4472; x_wconf 77' lang='lat' dir='ltr'><strong>Anglum]</strong></span> <span class='ocrx_word' id='word_1_353' title='bbox 1185 4409 1262 4459; x_wconf 83' lang='lat' dir='ltr'><strong>cf.</strong></span> <span class='ocrx_word' id='word_1_354' title='bbox 1314 4409 1447 4472; x_wconf 84' lang='lat' dir='ltr'><strong>Epp.</strong></span> <span class='ocrx_word' id='word_1_355' title='bbox 1494 4411 1559 4471; x_wconf 86' lang='lat'><strong>58</strong></span> <span class='ocrx_word' id='word_1_356' title='bbox 1600 4410 1710 4459; x_wconf 90' lang='lat' dir='ltr'><strong>and</strong></span> <span class='ocrx_word' id='word_1_357' title='bbox 1759 4426 1822 4473; x_wconf 84' lang='lat'><strong>79</strong></span> <span class='ocrx_word' id='word_1_358' title='bbox 1918 4411 2060 4459; x_wconf 79' lang='lat' dir='ltr'><strong>from</strong></span> <span class='ocrx_word' id='word_1_359' title='bbox 2101 4425 2136 4474; x_wconf 87' lang='lat'>9</span> <span class='ocrx_word' id='word_1_360' title='bbox 2171 4411 2297 4472; x_wconf 78' lang='lat' dir='ltr'><strong>May</strong></span> <span class='ocrx_word' id='word_1_361' title='bbox 2335 4425 2463 4474; x_wconf 83' lang='lat'><strong>1503</strong></span> <span class='ocrx_word' id='word_1_362' title='bbox 2507 4413 2564 4462; x_wconf 87' lang='lat' dir='ltr'><strong>to</strong></span> <span class='ocrx_word' id='word_1_363' title='bbox 2602 4414 2696 4462; x_wconf 89' lang='lat' dir='ltr'><strong>the</strong></span> <span class='ocrx_word' id='word_1_364' title='bbox 2738 4415 2975 4464; x_wconf 83' lang='lat' dir='ltr'><strong>autumn</strong></span> <span class='ocrx_word' id='word_1_365' title='bbox 3015 4419 3078 4465; x_wconf 79' lang='lat' dir='ltr'><strong>of</strong></span> 
     </span>
     <span class='ocr_line' id='line_1_43' title="bbox 672 4469 2065 4538; baseline 0.005 -20"><span class='ocrx_word' id='word_1_366' title='bbox 672 4469 893 4534; x_wconf 89' lang='lat' dir='ltr'><strong>introd.,</strong></span> <span class='ocrx_word' id='word_1_367' title='bbox 928 4472 1110 4522; x_wconf 83' lang='lat' dir='ltr'><strong>which</strong></span> <span class='ocrx_word' id='word_1_368' title='bbox 1154 4474 1204 4522; x_wconf 80' lang='lat' dir='ltr'><strong>if</strong></span> <span class='ocrx_word' id='word_1_369' title='bbox 1236 4475 1441 4538; x_wconf 81' lang='lat' dir='ltr'><strong>rightly</strong></span> <span class='ocrx_word' id='word_1_370' title='bbox 1474 4475 1636 4525; x_wconf 74' lang='lat' dir='ltr'><strong>dated</strong></span> <span class='ocrx_word' id='word_1_371' title='bbox 1669 4476 1821 4526; x_wconf 78' lang='lat' dir='ltr'><strong>show</strong></span> <span class='ocrx_word' id='word_1_372' title='bbox 1923 4490 2065 4538; x_wconf 83' lang='lat'><strong>1507.</strong></span> 
     </span>
    </p>
   </div>
   <div class='ocr_carea' id='block_1_5' title="bbox 673 4536 3078 4738">
    <p class='ocr_par' dir='ltr' id='par_1_14' title="bbox 673 4536 3078 4738">
     <span class='ocr_line' id='line_1_44' title="bbox 674 4536 3072 4606; baseline 0.005 -21"><span class='ocrx_word' id='word_1_373' title='bbox 674 4537 797 4585; x_wconf 83' lang='lat' dir='ltr'><strong>that</strong></span> <span class='ocrx_word' id='word_1_374' title='bbox 830 4536 1028 4588; x_wconf 83' lang='lat' dir='ltr'><strong>Beatus</strong></span> <span class='ocrx_word' id='word_1_375' title='bbox 1060 4539 1357 4589; x_wconf 84' lang='lat' dir='ltr'><strong>Rhenanus</strong></span> <span class='ocrx_word' id='word_1_376' title='bbox 1390 4556 1498 4590; x_wconf 78' lang='lat' dir='ltr'><strong>was</strong></span> <span class='ocrx_word' id='word_1_377' title='bbox 1532 4555 1717 4604; x_wconf 79' lang='lat' dir='ltr'><strong>wrong</strong></span> <span class='ocrx_word' id='word_1_378' title='bbox 1759 4542 1820 4590; x_wconf 91' lang='lat' dir='ltr'><strong>in</strong></span> <span class='ocrx_word' id='word_1_379' title='bbox 1986 4555 2066 4603; x_wconf 88' lang='lat'><strong>75.</strong></span> <span class='ocrx_word' id='word_1_380' title='bbox 2123 4541 2428 4606; x_wconf 83' lang='lat' dir='ltr'><strong>Gaguinus]</strong></span> <span class='ocrx_word' id='word_1_381' title='bbox 2474 4544 2733 4606; x_wconf 73' lang='lat' dir='ltr'><strong>Gaguin&#39;s</strong></span> <span class='ocrx_word' id='word_1_382' title='bbox 2774 4546 3072 4597; x_wconf 76' lang='lat' dir='ltr'><strong>embassies</strong></span> 
     </span>
     <span class='ocr_line' id='line_1_45' title="bbox 674 4603 3078 4671; baseline 0.006 -21"><span class='ocrx_word' id='word_1_383' title='bbox 674 4603 969 4666; x_wconf 84' lang='lat' dir='ltr'><strong>supposing</strong></span> <span class='ocrx_word' id='word_1_384' title='bbox 989 4605 1112 4653; x_wconf 87' lang='lat' dir='ltr'><strong>that</strong></span> <span class='ocrx_word' id='word_1_385' title='bbox 1136 4605 1389 4656; x_wconf 84' lang='lat' dir='ltr'><strong>Erasmus</strong></span> <span class='ocrx_word' id='word_1_386' title='bbox 1419 4606 1519 4656; x_wconf 80' lang='lat' dir='ltr'><strong>lest</strong></span> <span class='ocrx_word' id='word_1_387' title='bbox 1544 4606 1822 4671; x_wconf 78' lang='lat' dir='ltr'><strong>Montaigu</strong></span> <span class='ocrx_word' id='word_1_388' title='bbox 1922 4622 2064 4656; x_wconf 83' lang='lat' dir='ltr'><strong>were</strong></span> <span class='ocrx_word' id='word_1_389' title='bbox 2107 4607 2182 4656; x_wconf 87' lang='lat' dir='ltr'><strong>all</strong></span> <span class='ocrx_word' id='word_1_390' title='bbox 2227 4607 2544 4671; x_wconf 83' lang='lat' dir='ltr'><strong>discharged</strong></span> <span class='ocrx_word' id='word_1_391' title='bbox 2589 4610 2769 4658; x_wconf 79' lang='lat' dir='ltr'><strong>before</strong></span> <span class='ocrx_word' id='word_1_392' title='bbox 2813 4610 3078 4664; x_wconf 81' lang='lat' dir='ltr'><strong>Erasmus</strong></span> 
     </span>
     <span class='ocr_line' id='line_1_46' title="bbox 673 4669 2954 4738; baseline 0.004 -21"><span class='ocrx_word' id='word_1_393' title='bbox 673 4670 730 4717; x_wconf 87' lang='lat' dir='ltr'><strong>to</strong></span> <span class='ocrx_word' id='word_1_394' title='bbox 752 4683 816 4731; x_wconf 85' lang='lat' dir='ltr'><strong>go</strong></span> <span class='ocrx_word' id='word_1_395' title='bbox 839 4670 896 4719; x_wconf 87' lang='lat' dir='ltr'><strong>to</strong></span> <span class='ocrx_word' id='word_1_396' title='bbox 917 4669 1211 4734; x_wconf 70' lang='lat' dir='ltr'><strong>uountjoy.</strong></span> <span class='ocrx_word' id='word_1_397' title='bbox 1923 4687 2072 4722; x_wconf 89' lang='lat' dir='ltr'><strong>came</strong></span> <span class='ocrx_word' id='word_1_398' title='bbox 2104 4677 2164 4722; x_wconf 86' lang='lat' dir='ltr'><strong>to</strong></span> <span class='ocrx_word' id='word_1_399' title='bbox 2198 4673 2363 4724; x_wconf 87' lang='lat' dir='ltr'><strong>Paris.</strong></span> <span class='ocrx_word' id='word_1_400' title='bbox 2433 4674 2513 4725; x_wconf 87' lang='lat' dir='ltr'><strong>Cf.</strong></span> <span class='ocrx_word' id='word_1_401' title='bbox 2541 4675 2636 4738; x_wconf 85' lang='lat' dir='ltr'><strong>Ep.</strong></span> <span class='ocrx_word' id='word_1_402' title='bbox 2664 4691 2727 4737; x_wconf 80' lang='lat'><strong>43</strong></span> <span class='ocrx_word' id='word_1_403' title='bbox 2749 4676 2954 4730; x_wconf 84' lang='lat' dir='ltr'><strong>introd.</strong></span> 
     </span>
    </p>
   </div>
  </div>
 </body>
</html>
