3355 5380
582 373 695 430 132
1275 368 1650 431 LETTERS
1705 368 1812 429 Ol?
1863 368 2263 431 ERASMUS
2786 364 2974 450 [1494

574 525 1068 604 praeminatur:
1123 545 1275 586 nam
1313 526 1414 602 (ne
1458 525 1673 587 omnia
1715 525 1921 587 dicam
1962 547 2121 605 quae
2161 526 2231 586 in
2273 529 2335 586 te
2376 528 2528 587 sunt
2568 525 2987 589 admiratione

492 650 549 703 15
577 624 789 703 digna)
816 624 1034 703 quanti
1075 643 1177 684 me
1217 624 1418 684 facere
1458 624 1660 685 credis
1702 628 1879 685 tuam
1914 623 2296 701 singularem
2335 623 2740 687 doctrinam?
2794 644 2983 703 quam

578 722 762 784 chare
819 721 1148 801 complecti
1162 725 1195 783 *Ρ
1255 724 1565 800 quantum
1621 742 1695 784 ea
1747 722 2044 784 delectari
2059 724 2093 783 ‘P
2174 721 2467 784 Profecto
2520 722 2616 797 (vt
2668 725 2988 801 praeterea

578 820 747 882 nihil
790 820 899 898 sit)
943 821 1095 882 haec
1134 840 1260 882 vna
1299 839 1400 881 res
1448 820 1680 882 sufficit
1720 840 1825 881 me
1865 820 2182 881 deuincire
2223 818 2564 895 hominem,
2597 821 2706 899 qui
2746 841 2818 882 eo
2859 821 2985 882 sim

579 918 836 996 ingenio
863 921 934 979 vt
969 918 1253 979 literatos
1288 937 1597 995 nequeam
1624 938 1754 979 non
1794 938 2027 992 amare,
2055 918 2425 996 praesertim
2461 918 2579 979 hac
2614 921 2984 996 tempestate

581 1037 707 1095 qua
728 1020 880 1078 sunt
906 1017 1005 1078 illi
1033 1036 1224 1096 quam
1251 1017 1577 1093 rarissimi,
1608 1037 1689 1077 ne
1717 1017 1924 1078 dicam
1952 1017 2130 1079 nulli.

494 1144 556 1180 20
663 1115 734 1177 Si
774 1115 916 1194 quis
954 1115 1171 1177 doctos
1201 1115 1319 1177 hoc
1357 1114 1567 1176 seculo
1607 1120 1878 1193 quaeret,
1907 1115 2130 1176 itidem
2171 1116 2446 1177 facturus
2472 1113 2791 1176 videbitur
2824 1133 2896 1177 ac
2932 1114 2987 1176 si

580 1212 738 1275 velit
763 1214 869 1275 vel
907 1214 1136 1293 piscari
1176 1213 1245 1273 in
1286 1213 1571 1288 saltibus,
1601 1214 1707 1275 vel
1747 1214 1817 1274 in
1859 1213 2154 1275 fiuctibus
2190 1214 2425 1275 venari.
2512 1212 2984 1291 Saepenumero,

583 1312 676 1374 mi
704 1313 907 1389 Batte‚
940 1311 1138 1388 (lubet
1173 1311 1348 1372 enim
1374 1311 1753 1373 familiarius
1786 1312 1961 1390 loqui
1995 1316 2061 1373 et
2095 1313 2260 1391 apud
2301 1316 2366 1373 te
2407 1315 2710 1390 tanquam
2746 1310 2992 1373 amicis·

584 1410 837 1482 simum,
866 1410 1165 1489 quicquid
1200 1429 1304 1470 me
1338 1409 1504 1471 male
1541 1409 1751 1486 habet,
1785 1410 2127 1491 deplorare)
2154 1430 2283 1471 non
2321 1409 2509 1471 modo
2547 1409 2734 1485 dolui,
2766 1426 2990 1470 verum

584 1510 781 1571 etiam
809 1510 1217 1571 vehementer
1258 1507 1542 1585 ingemui
1578 1511 1834 1586 propter
1875 1509 2260 1587 optimarum
2300 1508 2538 1569 artium
2576 1511 2712 1569 tam
2752 1507 2992 1568 diutur-

498 1630 558 1682 ²5
586 1627 736 1668 nam
763 1604 1317 1682 intermissionem,
1350 1604 1595 1667 vtinam
1622 1626 1754 1667 non
1781 1606 2013 1668 rectius
2050 1606 2320 1668 dixerim
2357 1606 2730 1667 interitum!
2813 1604 2991 1681 Quic-

580 1705 737 1784 ‚quid
757 1705 1093 1767 hominum
1119 1706 1213 1765 est
1234 1704 1466 1782 (patere
1492 1704 1745 1766 obsecro
1770 1704 2087 1784 paulisper
2106 1704 2435 1784 digrediar,
2462 1707 2644 1782 atque
2664 1701 2989 1765 stomacho

587 1822 830 1863 morem
860 1802 1488 1881 geram)—quicquid‚
1513 1802 1790 1880 inquam,
1815 1803 2152 1864 hominum
2182 1806 2296 1878 est,
2319 1821 2539 1863 omnes
2565 1821 2700 1863 sese
2725 1799 2989 1876 indigna

585 1904 952 1981 sequuntur.
1039 1901 1175 1963 Alii
1222 1901 1401 1981 (quae
1456 1900 1731 1980 plurima
1779 1902 1963 1963 turba
2014 1902 2133 1979 est)
2181 1901 2334 1962 dant
2383 1920 2636 1979 operam
2681 1898 2988 1977 cogendae

586 1999 899 2079 pecuniae,
932 1999 1264 2078 studioque
1297 2002 1629 2061 senescunt
1664 1999 1956 2077 habendi,
1986 2002 2184 2061 terras
2222 2002 2561 2078 pererrant,
2592 1997 2790 2059 maria
2822 1994 2992 2057 traii-

499 2123 564 2172 30
588 2097 782 2159 ciunt.

671 2195 955 2274 Impiger
1002 2199 1316 2257 extremos
1373 2196 1570 2257 currit
1622 2198 1931 2257 mercator
1986 2196 2064 2255 ad
2118 2196 2346 2257 Indos:
2415 2195 2624 2257 solum
2669 2213 2834 2269 eum,
2886 2192 2994 2271 qui

589 2299 959 2356 nummatus
1019 2295 1118 2371 sit,
1176 2294 1411 2356 iudicat
1466 2295 1747 2355 beatum.
1828 2296 1923 2356 At
1974 2294 2137 2371 vide,
2197 2313 2442 2374 quaeso,
2504 2293 2858 2355 cuiusmodi
2912 2293 2996 2354 sit

589 2393 911 2455 beatitudo
960 2393 1039 2453 ad
1105 2413 1293 2471 quam
1348 2395 1528 2454 tanto
1582 2392 1852 2473 strepitu
1909 2398 2297 2472 properatur.
2393 2392 2597 2454 Multo
2649 2391 2877 2454 sudore
2933 2393 2998 2451 et

592 2490 817 2569 capitis
841 2491 1119 2570 periculo
1144 2495 1509 2570 congerunt,
1541 2496 1840 2571 congesta
1863 2492 2046 2553 anxie
2072 2496 2138 2553 et
2173 2512 2318 2553 cum
2354 2494 2528 2553 metu
2565 2493 2837 2565 seruant,
2867 2509 2996 2551 non

503 2610 566 2661 35
590 2590 729 2652 sine
796 2590 1032 2652 eiulatu
1100 2589 1421 2669 amittunt,
1480 2611 1811 2670 nunquam
1879 2590 2077 2670 partis
2145 2592 2459 2665 fruuntur,
2528 2591 2684 2651 dum
2751 2606 2997 2667 semper

590 2687 909 2767 pariendis
934 2687 1206 2752 inhiant.
1296 2689 1440 2751 Non
1468 2693 1714 2751 cessant
1741 2695 1957 2752 tamen
1998 2694 2205 2770 patres
2240 2692 2318 2751 ad
2356 2689 2472 2752 hoc
2510 2693 2644 2750 tam
2671 2686 2996 2750 sordidum

592 2788 875 2850 studium
907 2789 1300 2850 iuuentutem
1338 2788 1667 2865 cohortari,
1699 2789 2045 2866 stimulare,
2075 2809 2323 2868 semper
2349 2789 2418 2850 in
2446 2809 2551 2851 ore
2579 2787 2740 2849 illud
2777 2790 3000 2867 poetae

591 2888 932 2950 habentes:

920 3013 973 3073 Ο
1002 3012 1186 3083 ciues,
1222 3011 1404 3085 ciues,
1437 3012 1788 3088 quaerenda
1813 3011 2078 3089 pecunia
2108 2982 2403 3089 primum,

504 3128 570 3178 40
918 3109 1139 3169 Virtus
1164 3111 1306 3184 post
1334 3127 1646 3168 nummos·

922 3207 1247 3282 Quantum
1276 3205 1536 3283 quisque
1562 3225 1674 3266 sua
1701 3227 2113 3267 nummorum
2144 3210 2354 3267 seruat
2380 3205 2449 3265 in
2476 3225 2633 3281 arca,

919 3304 1195 3363 Tantum
1223 3302 1415 3364 habet
1443 3307 1507 3364 et
1533 3304 1696 3365 fidei.

678 3425 1032 3486 Nonnullos
1060 3428 1278 3486 contra
1303 3425 1518 3486 videre
1554 3431 1651 3488 est
1688 3427 1777 3487 ita
1812 3427 2127 3488 honorum
2164 3426 2454 3487 incensos
2486 3425 2765 3502 libidine,
2799 3428 2873 3486 vt
2902 3425 3000 3485 nil

595 3523 865 3602 amplius
893 3523 961 3584 in
982 3523 1114 3583 vita
1133 3526 1359 3602 putent
1387 3524 1836 3602 expetendum;
1869 3530 2058 3603 atque
2084 3524 2157 3585 hi
2175 3524 2433 3585 illorum
2456 3525 2656 3603 gratia
2682 3524 3004 3586 sustinent

506 3647 570 3696 45
596 3621 797 3682 facere
842 3621 1118 3682 cuiusuis
1158 3623 1245 3682 rei
1295 3622 1618 3699 iacturam,
1666 3643 1780 3684 nec
1821 3624 2016 3701 pudet
2052 3623 2197 3702 (qua
2240 3623 2332 3683 nil
2374 3623 2622 3684 homini
2662 3625 3005 3703 antiquius)

596 3719 832 3781 violare
873 3720 1189 3799 pietatem,
1238 3740 1350 3782 nec
1390 3724 1561 3800 piget
1604 3722 1857 3799 quidem
1900 3742 2036 3783 sese
2077 3741 2313 3800 suaque
2360 3723 2756 3800 profundere.
2837 3723 3006 3784 Nam

597 3817 965 3896 plerumque
1002 3817 1105 3879 vel
1145 3818 1225 3879 ob
1261 3821 1652 3880 aemulorum
1689 3819 2015 3896 inuidiam,
2050 3819 2151 3881 vel
2188 3821 2266 3881 ob
2304 3840 2487 3881 suam
2522 3821 2804 3898 ipsorum
2844 3822 3010 3883 inso-

596 3915 882 3993 lentiam,
928 3920 1035 3977 aut
1077 3921 1367 3995 egestate,
1415 3922 1523 3978 aut
1570 3918 1808 3993 exsilic,
1853 3922 1965 3979 aut
2011 3922 2215 3979 morte
2262 3919 2527 3997 denique
2576 3920 3006 3994 mulctantur;

599 4016 764 4076 tanti
811 4015 1046 4075 emitur
1092 4015 1300 4077 inanis
1346 4019 1411 4077 et
1458 4016 1626 4078 idem
1685 4019 1950 4079 caducus
2003 4017 2221 4079 honos.
2311 4018 2511 4092 Quam
2565 4020 2808 4096 pestem
2863 4016 3008 4095 plus

510 4135 576 4186 50
599 4113 754 4175 satis
801 4133 1002 4191 nuper
1047 4119 1303 4193 experta
1349 4118 1446 4176 est
1495 4115 1838 4176 Hollandia
1885 4115 2408 4194 pernitiosissimo
2458 4115 2568 4177 illo
2617 4114 2802 4191 bello,
2854 4115 3008 4176 dum

598 4213 860 4291 quisque
887 4212 1199 4272 dominari
1225 4213 1381 4290 vult,
1417 4217 1649 4275 exorto,

665 4425 745 4472 29.
784 4410 1098 4474 senescunt]
1123 4411 1205 4460 Cf.
1228 4410 1359 4460 Hor.
1388 4416 1475 4470 Ep.
1508 4426 1548 4460 1.
1575 4426 1618 4472 7.
1646 4414 1727 4472 85.
1849 4425 1960 4460 was
1991 4426 2025 4460 a
2061 4410 2209 4460 fresh
2253 4412 2502 4460 outburst
2537 4410 2596 4459 of
2628 4411 2724 4459 the
2763 4410 3004 4472 struggle

664 4491 747 4539 3¹·
786 4476 1028 4540 Impiger
1030 4490 1049 4540 j
1075 4477 1204 4525 Hor.
1231 4482 1320 4536 Ep.
1355 4491 1394 4525 1.
1428 4493 1472 4527 1.
1497 4492 1577 4539 45.
1851 4478 2096 4527 between
2113 4477 2211 4526 the
2235 4477 2418 4526 Hoeks
2440 4477 2551 4525 and
2574 4477 2669 4526 the
2691 4475 3004 4538 Kabeljaus,

666 4558 748 4606 39.
789 4544 831 4592 Ο
855 4539 1027 4605 ciues]
1055 4542 1195 4592 Ibid.
1220 4557 1301 4605 53,
1327 4559 1373 4603 4.
1851 4543 2173 4605 aggravated
2191 4543 2250 4590 in
2270 4543 2582 4605 1⁴9obythe
2596 4541 3008 4605 popularrising

668 4623 748 4667 4¹·
789 4599 1099 4671 Quantum]
1124 4608 1158 4655 J
1161 4623 1247 4657 uv.
1275 4623 1323 4669 3.
1351 4622 1462 4670 143,
1484 4624 1531 4669 4.
1851 4606 2056 4656 known
2090 4623 2149 4656 as
2172 4609 2266 4657 the
2291 4609 2466 4657 Bread
2497 4606 2606 4656 and
2631 4608 2833 4657 Cheese
2856 4606 3002 4655 War.

668 4689 749 4734 50.
791 4673 956 4738 bello]
1001 4675 1086 4724 On
1134 4689 1196 4735 19
1241 4674 1372 4725 Nov.
1426 4675 1552 4736 1488
1595 4675 1752 4723 there
1852 4674 1965 4722 The
2000 4674 2164 4723 latter
2197 4688 2309 4722 was
2341 4673 2640 4722 concluded
2671 4688 2743 4721 on
2778 4673 2839 4720 16
2863 4672 3004 4734 May,
