3355 5380
670 374 788 430 316
1360 368 1740 430 LETTERS
1796 368 1904 429 oF
1958 367 2363 429 ERASMUS

2875 360 3069 445 [1500

660 528 715 588 si
746 546 926 588 noua.
1015 525 1265 586 Talium
1297 525 1472 586 enim
1499 527 1780 585 virorum
1807 525 1875 584 in
1907 543 2007 585 me
2043 523 2565 597 beneuolentiam,
2594 526 2728 582 tam
2760 540 2957 600 graue
2995 521 3070 580 de

663 646 767 685 me
819 625 1274 700 testimonium,
1325 622 1476 701 quid
1531 623 1599 682 ni
1654 622 1917 701 plurimi
1969 622 2245 684 faciam?
2340 622 2551 682 Tuum
2605 621 2759 681 item
2806 620 2886 681 de
2936 638 3074 681 mea

605 749 636 798 5
661 723 859 802 gloria
884 723 1183 795 studium,
1213 726 1285 783 vt
1322 725 1503 783 vetus
1536 722 1742 782 libens
1778 740 2061 800 agnoscO,
2089 724 2394 799 tanquam
2427 739 2669 780 nouum
2706 717 3074 791 exosculor;

660 821 908 882 etiamsi
976 820 1276 881 Faustina
1342 820 1455 881 illa
1519 821 1839 897 ὑπερβολή,
1896 839 2019 898 qua
2084 839 2277 898 penes
2330 838 2530 880 vnum
2587 838 2689 879 me
2743 817 3072 878 literamm

659 918 998 980 sacrarium
1054 938 1186 978 esse
1242 917 1503 992 dictitat,
1559 938 1688 979 non
1744 919 1833 979 ita
1879 917 2073 978 nimis
2117 937 2220 978 me
2264 915 2635 992 delectauit3
2700 935 2849 976 cum
2906 914 3073 993 quod

663 1016 1037 1078 immodicae
1084 1016 1298 1077 laudes
1345 1035 1542 1094 neque
1586 1019 1801 1077 nostro
1839 1016 2066 1094 pudori
2112 1036 2314 1094 neque
2357 1013 2775 1076 mediocritati
2824 1017 3075 1073 nostrae

659 1114 1063 1189 conueniunt,
1109 1117 1249 1175 tum
1305 1114 1469 1193 quod
1518 1114 1886 1175 huiusmodi
1932 1113 2135 1175 ferme
2184 1114 2419 1191 figurae
2462 1116 2527 1174 et
2573 1112 2697 1173 fide
2743 1115 2964 1172 carent
3011 1114 3075 1171 et

575 1234 638 1270 ιο
661 1212 933 1273 inuidiae
951 1211 1298 1291 plurimum
1319 1212 1714 1274 contrahunt.
1775 1212 2104 1273 Postremo
2127 1211 2366 1273 ironiae
2387 1231 2632 1289 quoque
2651 1213 2806 1270 sunt
2823 1211 3073 1282 affines3

663 1310 1190 1388 quemadmodum
1242 1313 1305 1371 et
1360 1310 1473 1371 illa
1517 1310 1648 1371 tuis
1695 1310 1764 1371 in
1812 1310 2015 1371 literis
2068 1310 2314 1371 etiamsi
2363 1308 2767 1370 blandissime
2816 1308 3068 1386 scripta,

660 1412 873 1469 tamen
902 1408 1064 1470 mihi
1091 1429 1218 1469 non
1236 1408 1577 1471 admodum
1599 1407 2035 1484 blandiuntur,
2063 1408 2671 1469 ‘Obseruandissime
2691 1409 3070 1485 praeceptor,

660 1510 812 1568 tuus
830 1507 1092 1567 deuotus
1108 1506 1450 1584 discipulus
1471 1507 1626 1568 dedo
1648 1526 1749 1567 me
1764 1506 1915 1579 tibi;
1942 1506 2087 1568 iube
2106 1506 2274 1585 quod
2297 1505 2410 1581 vis,
2440 1506 2603 1567 nihil
2619 1506 2816 1565 habeo
2833 1523 3071 1577 meum,

661 1604 770 1664 sed
794 1624 979 1665 omne
1000 1608 1185 1665 tuum
1206 1605 1252 1677 '3
1294 1604 1471 1665 cuius
1487 1625 1671 1665 omne
1690 1625 1806 1683 ego
1826 1607 2133 1666 sermonis
2150 1625 2349 1683 genus
2370 1624 2407 1665 a
2426 1624 2685 1682 syncera
2705 1603 3074 1663 beneuolen-

579 1721 636 1771 ¹5
662 1702 754 1762 tia
782 1721 973 1780 quam
1009 1702 1373 1780 longissime
1406 1706 1718 1764 semotum
1751 1723 1884 1764 esse
1927 1707 2209 1781 oportere
2250 1723 2485 1763 censeo.
2569 1702 2733 1763 Nam
2770 1701 2880 1761 vbi
2922 1719 3075 1778 pune

663 1804 927 1874 amatur,
965 1800 1055 1860 ita
1095 1804 1167 1861 vt
1199 1820 1313 1861 nos
1353 1801 1615 1862 facimus
1653 1801 1889 1880 opinor,
1921 1801 2009 1862 ibi
2053 1800 2204 1880 quid
2238 1801 2381 1862 istis
2413 1800 2634 1878 figuris
2669 1819 2826 1878 opus
2841 1802 2876 1860 ⁶?
2943 1797 3070 1858 Vbi

662 1918 809 1958 vero
831 1897 1159 1975 insyncera
1186 1899 1475 1972 charitas,
1503 1899 1652 1960 haec
1674 1899 1867 1960 etiam
1897 1899 1966 1959 in
1995 1899 2473 1961 maleuolentiae
2497 1899 2915 1977 suspicionem
2936 1895 3071 1974 rapi

662 1995 888 2057 solent.
972 1996 1176 2070 Quare
1223 2000 1584 2074 pergratum
1628 1997 1790 2057 mihi
1830 1997 2063 2071 feceris,
2109 1998 2164 2058 si
2206 1997 2505 2075 gratiosas
2551 1997 2708 2057 istas
2745 1997 3074 2074 ὑπερβολὰς

662 2091 950 2153 funditus
1004 2094 1134 2154 tuis
1188 2115 1223 2154 e
1277 2094 1480 2156 literis
1533 2095 1881 2169 sustuleris,
1932 2099 2004 2156 vt
2058 2115 2245 2156 suum
2294 2095 2518 2156 habeat
2573 2095 2842 2173 simplex
2897 2113 3074 2155 amor

577 2205 641 2240 20
665 2209 1030 2267 sermonem,
1084 2192 1566 2272 meminerisque
1615 2196 1679 2253 te
1726 2192 2239 2255 coniunctissimo
2285 2193 2556 2254 amiculo
2604 2193 2888 2265 scribere,
2942 2212 3073 2252 non

664 2291 953 2366 tyranno.
1040 2289 1194 2350 Fata
1221 2290 1413 2351 etiam
1441 2310 1607 2352 nunc
1646 2291 1779 2351 tuis
1805 2292 1973 2353 votis
2008 2295 2198 2370 atque
2229 2292 2380 2352 adeo
2415 2291 2761 2352 virtutibus
2798 2290 3074 2368 maligne

665 2388 1030 2464 respondere
1093 2388 1257 2449 mihi
1317 2389 1570 2465 quidem
1633 2392 1729 2450 est
1790 2390 2085 2467 opinione
2138 2390 2480 2464 molestius,
2540 2389 2866 2450 mitescere
2926 2408 3075 2449 vero

664 2485 917 2563 gaudeo.
1024 2485 1382 2561 Quinetiam
1430 2490 1539 2548 aut
1585 2487 1888 2568 insignite
1929 2508 2030 2549 me
2072 2488 2241 2550 fallit
2285 2487 2553 2562 animus,
2600 2491 2712 2548 aut
2756 2507 2896 2548 eam
2939 2490 3073 2547 tam

664 2582 915 2644 fatalem
942 2588 1376 2662 tempestatem
1407 2605 1570 2646 noua
1596 2586 1900 2662 quaedam
1927 2586 2228 2648 serenitas
2254 2589 2685 2665 consequetur.
2759 2585 2857 2646 Tu
2889 2585 3075 2645 modo

577 2694 638 2743 ²5
668 2680 921 2759 obdura,
955 2683 1045 2744 mi
1075 2683 1445 2761 Augustine,
1477 2683 1572 2744 vti
1601 2684 1778 2759 soles,

1804 2820 2141 2896 contraque
2166 2818 2497 2880 audentior
2521 2818 2612 2879 ito

993 2932 1181 2989 quam
1210 2916 1321 2974 tua
1348 2918 1411 2974 te
1438 2915 1691 2975 fortuna
1717 2914 1900 2976 sinet.

747 3044 1019 3104 Paulum
1045 3044 1393 3106 Aemilium
1422 3046 1498 3106 ad
1529 3066 1644 3106 nos
1670 3046 2160 3124 remigraturum
2189 3048 2317 3109 tuis
2355 3068 2389 3107 e
2427 3049 2631 3108 literis
2656 3046 2895 3108 olfaciO.
2987 3050 3077 3108 At

664 3159 778 3219 ego
825 3142 1049 3202 multis
1091 3142 1297 3203 modis
1336 3143 1658 3204 hominem
1703 3163 1955 3205 manere
2004 3144 2264 3219 malim;
2326 3166 2477 3206 nam
2518 3146 2621 3205 hic
2664 3145 2924 3223 quidem
2967 3165 3076 3205 cur

575 3253 642 3303 30
665 3238 905 3301 diutius
944 3239 1233 3301 haeream
1273 3260 1403 3302 non
1441 3241 1636 3303 video.
1724 3240 1846 3303 Sed
1891 3245 1961 3304 tu
2007 3244 2251 3304 curabis
2294 3246 2367 3305 vt
2413 3246 2590 3306 omni
2631 3243 2706 3304 de
2747 3246 2919 3304 statu
2964 3247 3075 3303 tuo

666 3335 827 3396 mihi
875 3338 1234 3416 perscribas,
1280 3338 1502 3418 ecquid
1558 3340 1761 3401 nostri
1811 3340 2138 3402 conuictus
2185 3343 2558 3403 sarcinulam
2598 3345 2710 3404 tua
2749 3341 3077 3403 fortunula

663 3434 859 3508 ferat;
902 3435 1400 3514 quandoquidem
1430 3437 1509 3499 de
1536 3439 1863 3499 voluntate
1891 3457 2007 3500 nec
2031 3442 2105 3500 tu
2131 3439 2231 3501 vis
2255 3459 2360 3501 me
2390 3440 2682 3513 diffidere,
2720 3459 2926 3518 neque
2963 3458 3076 3518 ego

664 3550 936 3607 possum,
959 3534 1057 3594 tot
1077 3532 1205 3593 iam
1224 3534 1517 3612 periculis
1542 3539 1606 3596 et
1633 3537 2025 3615 argumentis
2044 3536 2364 3616 explorata
2388 3541 2799 3616 spectataque.
2868 3539 3075 3614 Quare

732 3701 780 3745 4.
816 3700 904 3735 me
927 3690 1004 3734 E:
1037 3689 1092 3735 te
1115 3692 1169 3736 P.

669 3751 748 3800 26.
785 3751 1064 3801 ardentior
1083 3757 1148 3803 H.

1439 3705 1509 3740 12.
1547 3691 2034 3742 Obseruantissime
2055 3696 2119 3743 N.
2371 3694 2445 3744 16.
2480 3708 2615 3757 opus
2636 3697 2713 3743 E:
2746 3696 2831 3745 est
2854 3709 2990 3757 opus
3012 3698 3076 3745 N.

668 3916 848 3966 shows
887 3917 1011 3968 that
1056 3918 1212 3968 there
1256 3920 1305 3968 is
1347 3919 1484 3982 good
1529 3935 1718 3970 reason
1764 3926 1821 3971 to

668 3982 904 4044 identify
944 3982 1216 4033 Aemilius
1253 3984 1392 4034 with
1438 3986 1532 4035 the
1578 3989 1821 4036 ‘exterus

667 4046 1069 4110 calumniator‚'
1090 4048 1272 4098 whose
1292 4051 1582 4100 criticisms
1605 4052 1820 4116 Gaguin

671 4127 910 4162 answers
932 4114 992 4162 in
1011 4113 1100 4163 his
1116 4129 1238 4164 new
1252 4117 1477 4178 presace.
1530 4118 1819 4167 Aemilius'

669 4179 817 4228 work
840 4194 951 4228 was
983 4179 1190 4228 carried
1226 4184 1320 4229 out
1343 4196 1477 4244 very
1497 4181 1686 4245 slowly
1708 4183 1819 4232 and

668 4244 950 4294 remained
1005 4245 1324 4295 unflnished
1378 4251 1436 4296 at
1491 4246 1581 4296 his
1633 4248 1817 4299 death.

671 4310 813 4360 Four
829 4310 1149 4361 books—the
1168 4311 1329 4361 fruito
1345 4313 1405 4361 of
1422 4315 1631 4375 twenty
1647 4315 1819 4376 years’

671 4376 861 4425 labour
900 4375 1090 4440 (Lond.
1137 4379 1171 4426 i.
1222 4380 1296 4437 16,
1336 4378 1444 4430 LB.
1484 4380 1819 4441 som-were

672 4441 957 4504 published
1014 4442 1088 4503 by
1130 4442 1335 4494 Badius
1388 4445 1447 4493 in
1501 4445 1659 4505 1516;
1708 4447 1820 4494 two

671 4522 821 4558 more
838 4522 980 4557 were
1000 4507 1174 4558 added
1192 4511 1248 4558 to
1270 4524 1341 4559 an
1358 4509 1569 4560 edition
1587 4511 1646 4560 of
1663 4525 1817 4574 ¹519:

669 4574 780 4623 and
819 4575 962 4624 after
996 4574 1085 4623 his
1123 4574 1287 4625 death
1325 4576 1415 4626 his
1452 4590 1643 4639 papers
1679 4591 1819 4626 were

669 4640 924 4691 collected
988 4639 1063 4703 by
1126 4655 1159 4689 a
1224 4644 1565 4705 compatriot,
1623 4643 1818 4693 Daniel

1921 3922 2205 3987 Zavarizzi‚
2224 3925 2295 3986 by
2310 3925 2491 3973 whom
2507 3927 2602 3975 ten
2620 3925 2797 3988 books,
2814 3928 3077 3990 bringing

1923 3988 2017 4037 the
2050 3989 2264 4052 history
2296 3989 2459 4040 down
2493 3995 2551 4040 to
2578 3992 2720 4055 1488,
2757 4006 2904 4041 were
2938 3994 3078 4056 pub-

1919 4053 2101 4104 lished
2130 4055 2193 4105 in
2220 4069 2345 4118 1543
2369 4056 2562 4121 (Paris,
2590 4055 2664 4107 Μ.
2688 4057 3078 4119 Vascosanus).

1923 4119 2011 4168 He
2033 4120 2163 4169 held
2195 4136 2228 4170 a
2257 4121 2391 4183 high
2425 4124 2662 4186 position
2696 4124 2757 4172 in
2790 4124 2891 4175 the
2923 4123 3081 4174 Paris

1922 4184 2091 4234 world
2115 4188 2175 4235 of
2191 4187 2443 4250 learning
2465 4189 2575 4238 and
2593 4203 2703 4237 was
2723 4203 2991 4251 generous
3012 4192 3075 4239 in

1920 4256 2371 4314 encouragement
2385 4256 2443 4302 to
2456 4268 2831 4318 youngermen
2850 4271 2865 4316 ς
2888 4258 2974 4306 for
2986 4256 3079 4305 his

1921 4316 2057 4379 high
2078 4318 2300 4380 opinion
2317 4317 2379 4367 of
2396 4319 2647 4369 Budaeus
2678 4335 2766 4369 see
2786 4320 2837 4369 J.
2864 4319 3080 4371 Fabet’s

1920 4382 2130 4444 preface
2143 4386 2202 4433 to
2217 4383 2307 4434 his
2320 4384 2532 4434 edition
2538 4386 3080 4437 osAristotle'sEOu'cs

1923 4447 2116 4511 (Paris,
2159 4449 2232 4499 Η.
2274 4450 2599 4515 Stephanus,
2647 4465 2678 4513 5
2723 4452 2864 4515 Aug.
2905 4454 3080 4515 ¹505)-

1922 4513 2021 4562 See
2051 4514 2160 4564 GE.
2194 4516 2229 4564 i.
2271 4528 2427 4576 151—4
2461 4517 2572 4566 and
2605 4518 2663 4566 ii.
2688 4519 2821 4579 2893
2869 4518 3033 4569 NBG.
3060 4534 3078 4578 ς

1919 4578 2247 4641 Tiraboschi,
2270 4583 2349 4630 vii
2372 4596 2387 4641 ς
2424 4582 2670 4645 Nicer-on,
2696 4582 2769 4634 xl.
2789 4586 2872 4631 61.

1986 4647 2065 4696 26.
2101 4646 2418 4711 contr-aque]
2454 4648 2613 4712 Verg.
2637 4654 2760 4698 Aen.
2782 4651 2833 4699 6.
2857 4665 2942 4713 95,
2968 4652 3018 4698 6.
