3355 5380
612 372 723 427 196
1322 361 1697 426 LETTERS
1739 361 1847 423 oF
1885 358 2288 422 ERASMUS
2812 352 2998 437 [1498

1218 670 1316 730 70.
1402 663 1499 729 To
1545 662 1944 731 Cnms'ruu
1987 662 2390 728 Nom-nors.

680 770 923 841 Farrago
949 789 1003 840 p.
1030 772 1115 840 83.
2585 762 2758 819 Paria

682 858 743 912 F.
768 877 824 929 p.
852 872 987 929 245:
1025 857 1163 913 HN:
1202 857 1378 913 Lond.
1401 856 1472 911 iv.
1501 871 1602 925 32:
1640 853 1749 908 LB.
1779 856 1864 912 26.
2382 868 2443 923 13
2467 852 2754 921 February
2784 851 2936 919 1498.

679 996 1043 1061 [Subsequent
1087 998 1144 1043 to
1188 996 1283 1058 Ep.
1326 996 1408 1053 61,
1447 992 1529 1041 for
1573 992 1768 1054 Henry
1797 992 1910 1040 also
1951 991 2001 1041 is
2023 992 2330 1053 ‘returning
2370 993 2428 1039 to
2467 991 2696 1040 Lilbeck.
2796 1003 2922 1050 1499
2961 987 3010 1035 is

614 1061 941 1124 impossible,
967 1060 1049 1110 for
1072 1060 1327 1109 Erasmus
1348 1073 1459 1107 was
1480 1058 1616 1107 then
1642 1058 1704 1105 in
1728 1056 2016 1121 Brabant]

862 1242 1174 1289 ERAsts
1219 1215 1640 1287 CHRISTIANO
1688 1237 2091 1285 MERCATORI
2138 1237 2515 1285 LVBEGENSI
2561 1236 2613 1284 S.
2662 1236 2727 1283 D.

696 1380 1110 1441 Exrscrasas
1152 1382 1223 1438 tu
1267 1377 1522 1456 quidem
1568 1377 1830 1438 fortasse
1878 1377 2187 1454 copiosam
2234 1376 2562 1454 epistolam
2604 1394 2717 1453 per
2756 1375 3016 1435 fratrem

612 1482 815 1554 tuum,
858 1479 967 1539 sed
1006 1497 1174 1538 erras
1209 1477 1655 1549 vehementem
1709 1474 2020 1553 siquidem
2053 1474 2307 1553 optimis
2348 1475 2571 1553 legatis
2608 1473 2819 1534 literas
2857 1491 3019 1532 com·

615 1577 862 1637 mittere
887 1576 1162 1637 solemus
1185 1578 1296 1636 aut
1321 1574 1527 1634 nullas
1552 1577 1661 1635 aut
1690 1594 1880 1652 quam
1900 1573 2314 1635 breuissimas.
2403 1573 2701 1647 Cessator,
2728 1573 3012 1648 nugator.

617 1674 757 1735 Vah
813 1674 1041 1751 quibus
1093 1677 1156 1733 te
1218 1673 1587 1751 accepissem
1631 1672 1856 1748 modis,
1909 1671 2035 1733 nisi
2081 1671 2257 1732 dolor
2310 1672 2595 1732 animum
2648 1670 3019 1731 ademisset!

560 1793 589 1842 ⁵
619 1772 760 1833 Iam
787 1770 906 1831 tibi
934 1772 1313 1832 destinaram
1340 1770 1683 1849 epistolam,
1711 1774 1784 1831 vt
1808 1771 2037 1848 dignus
2061 1789 2145 1846 es,
2174 1769 2352 1831 mille
2379 1768 2677 1830 conuiciis
2703 1768 3011 1829 refertam.

618 1870 821 1931 Addis
860 1870 1073 1930 sceleri
1115 1869 1317 1930 scelus
1341 1892 1356 1943 ;
1406 1889 1535 1929 non
1560 1870 1748 1930 modo
1775 1890 1908 1931 non
1936 1869 2173 1945 scribis,
2205 1869 2314 1929 sed
2349 1868 2606 1945 insuper
2644 1865 3013 1939 Henricum‚

619 1967 836 2028 vnicas
876 1968 1044 2027 vitae
1093 1986 1264 2026 meae
1317 1965 1581 2041 delitiae,
1632 1968 1764 2027 tuis
1810 1967 2150 2045 phaleratis
2195 1966 2381 2027 dictis
2427 1970 2488 2027 et
2538 1965 2788 2043 scriptis
2832 1984 2871 2024 a
2915 1982 3021 2023 me

627 2065 939 2126 distrahis.
1013 2064 1173 2139 Quid
1202 2064 1383 2126 dixi?
1422 2085 1461 2125 a
1484 2084 1589 2125 me
1604 2066 1638 2125 ⁴?
1679 2065 1808 2125 imo
1835 2084 1874 2126 a
1899 2065 2114 2125 Musis.
2191 2064 2454 2125 Inuides
2478 2063 2592 2139 ini,
2626 2064 2824 2139 credo,
2851 2062 3020 2140 quod

624 2166 697 2224 tu
729 2164 856 2224 iam
882 2162 1261 2223 Mercurium
1296 2165 1360 2223 et
1385 2162 1612 2223 Ianum
1646 2183 1758 2240 pro
1785 2162 2082 2241 Apolline
2108 2182 2461 2239 nouemque
2486 2161 2799 2223 sororibus
2826 2160 3025 2221 colere

536 2278 597 2314 10
621 2261 892 2339 coepisti.
994 2261 1174 2336 Quod
1223 2261 1348 2321 nisi
1396 2260 1687 2322 solatium
1735 2281 1950 2321 meum
1993 2281 2183 2339 quam
2233 2261 2512 2337 primum
2558 2260 2859 2335 remittes,
2907 2279 3025 2321 vae

620 2359 738 2419 tibi
775 2358 1065 2419 carnifex.
1151 2358 1293 2419 Iam
1332 2360 1496 2435 apud
1536 2378 1635 2420 me
1671 2362 1820 2419 sunt
1853 2357 2070 2419 limata
2100 2359 2352 2437 spicula,
2385 2358 2512 2420 tela
2540 2360 2891 2432 instructa3
2928 2359 3025 2418 in·

622 2459 867 2518 uectiua
906 2457 1067 2516 istuc
1104 2457 1391 2517 mittetur
1430 2457 1603 2516 omni
1640 2461 1814 2519 aceto
1850 2458 2061 2518 acrior.
2145 2459 2309 2518 Tum
2348 2458 2465 2517 tibi
2505 2458 2668 2518 nihil
2708 2457 3024 2534 reliquum

626 2559 843 2635 putato
880 2555 1003 2615 nisi
1040 2558 1112 2613 vt
1147 2555 1420 2632 aliquam
1457 2556 1796 2633 suspendio
1832 2557 2074 2617 trabem
2111 2556 2316 2635 eligas.
2404 2556 2600 2631 Heus,
2631 2556 2750 2617 tibi
2777 2556 2913 2616 dico
2938 2573 3024 2614 an

626 2676 753 2716 non
772 2658 805 2716 ‘?
844 2657 917 2715 vt
941 2654 1063 2714 huc
1082 2653 1448 2729 Henricum,
1474 2673 1604 2716 non
1626 2655 1841 2715 minus
1860 2674 2077 2716 meum
2097 2675 2286 2734 quam
2305 2657 2505 2731 tuum,
2531 2674 2722 2733 quam
2749 2653 3028 2733 primum

538 2783 596 2833 15
625 2755 924 2828 absoluas,
972 2773 1095 2812 neu
1144 2753 1272 2813 tuis
1319 2754 1506 2829 nugis
1548 2753 2017 2814 Mercurialibus
2071 2754 2309 2815 diutius
2350 2754 2720 2827 remoreris;
2781 2754 2847 2814 id
2901 2751 3030 2813 nisi

624 2853 792 2927 facis,
837 2851 1078 2912 bellum
1117 2850 1235 2911 tibi
1277 2853 1404 2911 iam
1446 2871 1615 2912 nunc
1659 2853 1981 2914 denuncio,
2071 2852 2248 2912 Nihil
2287 2855 2385 2912 est
2427 2852 2591 2930 quod
2633 2850 2879 2912 feciales
2918 2855 3031 2911 aut

624 2953 865 3028 patrem
886 2952 1201 3027 patratum
1223 2954 1523 3026 expectes.
1582 2950 1746 3012 Dixi.
1809 2953 2135 3011 Caeterum
2155 2970 2510 3028 quanquam
2526 2950 2786 3011 omnino
2800 2950 3033 3027 dignus

627 3067 696 3107 es
730 3047 840 3106 illo
880 3047 1070 3121 mitti,
1104 3047 1213 3107 vbi
1241 3047 1399 3124 lapis
1435 3048 1704 3126 lapidem
1743 3050 1907 3124 terit,
1942 3050 2051 3109 vbi
2088 3069 2357 3126 nequam
2390 3049 2677 3110 homines
2707 3048 3029 3127 polentam

628 3144 953 3221 pinsitant,
985 3144 1094 3203 vbi
1134 3144 1315 3204 viuos
1347 3146 1636 3207 homines
1666 3148 1903 3207 mortui
1934 3148 2254 3208 incursant
2285 3147 2492 3222 boues,
2527 3151 2738 3209 tamen
2779 3148 3032 3208 saluum

540 3274 603 3309 20
628 3245 693 3302 te
734 3261 865 3301 esse
907 3242 1106 3319 oupi0,
1140 3244 1194 3301 si
1227 3244 1565 3319 resipiscas.
1653 3245 1829 3319 Quod
1863 3246 1916 3304 si
1954 3245 2296 3323 perstiteris
2329 3246 2399 3305 in
2434 3248 2545 3307 tuo
2577 3247 2844 3323 silentiO,
2881 3246 3034 3307 scin'

630 3338 859 3416 quibus
898 3358 1010 3415 ego
1050 3342 1114 3399 te
1140 3340 1463 3402 vocabulis
1503 3346 1868 3403 exornatum
1895 3343 2151 3403 reddam
2167 3345 2201 3403 ⁶?
2275 3342 2664 3404 Nebulonem
2690 3345 3028 3422 appellabo,

630 3436 1000 3513 carnificem,
1060 3438 1441 3516 furciferum,
1500 3461 1862 3519 ganeonem,
1921 3442 2139 3517 scelus,
2207 3442 2594 3520 sacrilegum,
2655 3447 3026 3518 monstrum,

631 3535 965 3611 somnium,
1012 3540 1264 3610 stercus,
1309 3539 1791 3617 sterquilinium,
1836 3543 2097 3617 pestem,
2142 3540 2492 3616 perniciem,
2537 3542 2815 3615 dedecus,
2859 3562 3032 3619 syco-

629 3633 944 3710 phantam,
991 3639 1300 3712 nepotem,
1348 3638 1667 3698 custodem
1711 3638 1987 3713 carceris,
2021 3638 2150 3697 imo
2187 3658 2489 3699 carcerem
2526 3640 2750 3717 ipsum,
2781 3660 3035 3718 gymna-

546 3762 571 3796 2
577 3762 605 3810 5
632 3731 798 3792 sium
818 3732 1013 3810 flagri,
1043 3733 1286 3794 delitias
1312 3735 1645 3812 virgarum,
1672 3739 1739 3797 et
1763 3738 1820 3797 si
1846 3736 1998 3814 quid
2026 3735 2127 3795 his
2152 3738 2662 3799 contumeliosius
2688 3739 3037 3817 excogitare

632 3834 884 3908 petel-03
938 3832 1057 3904 his,
1101 3836 1376 3910 inquam,
1425 3834 1950 3912 appellationibus
1995 3837 2059 3894 te
2108 3834 2544 3897 denobilitabO.
2652 3839 2905 3916 Cogeris
2950 3859 3041 3898 re·

634 3930 901 3990 scribere
928 3931 1032 3990 vel
1059 3931 1269 3993 iratus·

719 4025 858 4084 Hac
877 4026 1123 4103 pagella
1143 4027 1357 4087 lusum
1380 4032 1475 4089 est
1503 4028 1675 4105 satis,
1699 4028 1960 4088 alteram
1982 4028 2160 4087 seriis
2179 4027 2481 4089 dabimus.
2555 4031 2679 4091 Sed
2700 4050 2857 4108 quae
2877 4030 3043 4091 seria

638 4125 866 4198 tecum,
893 4122 1013 4182 hoc
1034 4128 1129 4185 est
1152 4145 1294 4185 cum
1312 4126 1569 4187 homine
1587 4129 1719 4186 tam
1737 4125 2017 4201 ridiculo,
2040 4128 2335 4203 poterunt
2352 4127 2504 4205 agi?
2560 4128 2767 4206 Nulla,
2795 4129 3035 4207 opinor.

548 4253 613 4304 30
635 4221 1029 4299 'l'ypographi
1056 4225 1167 4283 tua
1193 4244 1378 4302 opera
1405 4224 1809 4286 vehementer
1835 4226 2177 4301 expectant.
2254 4224 2416 4286 Nam
2444 4246 2512 4287 es
2536 4230 2607 4288 tu
2637 4228 2888 4305 quidem
2910 4247 3050 4306 per—

967 4396 1044 4442 14.
1083 4383 1189 4431 huc
1211 4388 1286 4433 F:
1319 4384 1467 4433 hunc
1488 4388 1547 4434 Ε.
2018 4403 2100 4449 29.
2135 4384 2237 4434 hoc
2259 4388 2342 4436 est
2363 4400 2487 4435 cum
2508 4390 2620 4436 add.
2643 4390 2707 4436 H.

708 4602 757 4649 3.
799 4588 1070 4653 Cessator]
1170 4590 1283 4639 The
1364 4594 1555 4651 epistola
1636 4596 1786 4640 iocosa
1891 4597 1959 4642 De
1990 4598 2207 4644 consa-ib.
2234 4597 2363 4653 epid.
2392 4594 2447 4642 ff.
2473 4606 2536 4657 75
2559 4595 2685 4643 v⁰-6
2708 4593 2800 4658 (cf.
2825 4593 2924 4656 Ep.
2952 4594 3045 4658 71)

642 4654 863 4717 printed
908 4656 971 4704 in
1024 4655 1290 4705 Siberch's
1333 4658 1544 4707 edition
1588 4658 1649 4705 of
1698 4658 1791 4707 the
1891 4673 2003 4708 was
2023 4660 2257 4723 perhaps
2275 4659 2560 4724 suggested
2581 4661 2653 4722 by
2675 4660 2789 4709 this
2811 4658 2990 4709 letter.
