3355 5380
350 371 530 455 1506]
1099 373 1207 434 'ro
1264 355 1492 434 1³st
1548 367 1970 432 n’mLIERs
2612 377 2724 432 431

341 531 514 592 naris
551 528 1067 605 emunctissimae,
1101 529 1488 608 profecturus
1527 528 1596 588 in
1639 526 1910 598 Italiam,
1951 528 2020 585 vt
2062 528 2225 585 esset
2262 525 2518 587 interim
2561 530 2727 606 quod

342 633 404 690 te
442 629 540 690 tui
574 628 824 690 Erasmi
848 627 1411 702 commonefaceret,
1464 625 1726 686 Luciani
1762 623 2289 685 Pseudomantem
2322 624 2482 698 misi,
2514 626 2727 688 sceles-

341 727 665 788 tissimum
690 726 941 805 quidem
967 725 1167 801 illum,
1200 724 1307 786 sed
1336 745 1458 803 quo
1486 743 1672 784 nemo
1698 723 1783 783 sit
1810 722 2023 783 vtilior
2047 720 2125 782 ad
2145 722 2728 800 depraehendendas
2756 746 2785 796 5

340 826 874 904 coarguendssque
915 823 1303 903 quorundam
1356 823 1621 883 istorum
1672 822 2065 899 imposturas,
2113 820 2222 900 qui
2265 840 2432 883 nunc
2486 842 2731 901 quoque

341 924 443 986 vel
470 924 730 1000 magicis
771 921 1109 998 miraculis,
1150 921 1252 982 vel
1291 921 1438 983 ficta
1483 920 1802 998 religione,
1849 919 1950 981 vel
1993 920 2388 981 adsimulatis
2428 921 2731 983 condona·

341 1022 621 1084 tionibus
672 1021 935 1100 aliisque
982 1021 1046 1082 id
1095 1041 1293 1100 genus
1338 1019 1702 1100 praestigiis,
1750 1020 1940 1098 vulgo
1993 1019 2210 1080 fucum
2256 1019 2454 1080 facere
2500 1020 2722 1083 solent.

342 1122 510 1182 Eum
549 1120 744 1198 igitur
780 1120 963 1197 leges,
1012 1120 1109 1181 vti
1149 1139 1345 1197 spero,
1390 1139 1520 1181 non
1565 1118 1754 1180 modo
1796 1138 1939 1179 cum
1984 1118 2191 1178 fructu
2238 1117 2464 1196 aliquo,
2508 1137 2729 1179 verum

341 1219 533 1280 etiam
559 1238 809 1280 summa
848 1237 992 1279 cum
1032 1218 1369 1297 voluptate,
1412 1219 1741 1296 propterea
1773 1215 1938 1294 quod
1979 1215 2348 1277 excellentia
2374 1219 2500 1292 tua,
2544 1236 2732 1295 quan·
2763 1236 2823 1271 to

341 1336 529 1394 quam
583 1319 831 1394 praeter
873 1315 1116 1394 generis
1183 1315 1543 1392 claritatem,
1622 1314 1912 1375 fortunae
1972 1314 2385 1393 splendorem,
2452 1315 2732 1375 muneris

340 1415 806 1491 authoritatem,
850 1414 1030 1476 seriis
1081 1415 1213 1475 illis
1257 1435 1327 1475 ae
1381 1414 1613 1476 tetricis
1658 1412 1728 1475 in
1768 1412 1996 1474 studiis
2033 1415 2129 1474 est
2171 1412 2469 1488 absoluta,
2517 1415 2731 1475 tamen

338 1516 589 1593 propter
629 1533 948 1575 summam
984 1513 1224 1590 ingenii
1262 1513 1671 1574 festiuitatem
1714 1513 2063 1590 miramque
2107 1531 2355 1572 morum
2391 1511 2729 1574 iucundita-

339 1618 468 1672 tem
496 1630 624 1672 non
645 1611 805 1673 solet
835 1611 1174 1672 admodum
1200 1609 1279 1671 ab
1305 1610 1408 1672 his
1433 1610 1624 1671 etiam
1649 1609 2134 1688 elegantioribus
2166 1609 2363 1670 Musis
2398 1610 2726 1670 abhorrere

339 1730 410 1771 ac
447 1709 773 1788 frugiferas
814 1710 929 1770 has
966 1729 1166 1788 nugas
1218 1709 1431 1771 arduis
1476 1709 1608 1769 illis
1647 1706 1921 1786 negociis
1976 1707 2243 1767 libenter
2280 1706 2722 1770 intermiscere.
2761 1730 2819 1780 ¹5

342 1807 535 1868 Porro
562 1807 851 1887 quiequid
894 1810 989 1868 est
1011 1809 1113 1869 vel
1153 1807 1320 1887 nigri
1359 1806 1510 1868 salis
1536 1826 1726 1884 quem
1766 1805 1978 1866 Momo
2015 1805 2321 1879 tribuunt,
2351 1805 2453 1866 vel
2485 1806 2732 1869 candidi

342 1925 529 1981 quem
575 1905 881 1967 Mercurio
929 1905 1294 1980 asscribunt,
1342 1906 1406 1965 id
1453 1924 1638 1966 omne
1688 1905 1755 1964 in
1809 1923 1935 1965 vno
1982 1902 2256 1965 Lucieno
2311 1903 2732 1980 copiosissime

342 2004 609 2082 reperias
639 2005 867 2066 licebit.
1431 2051 1434 2054 ι

422 2102 827 2164 Carnutensis
881 2102 1093 2180 oppidi
1158 2105 1290 2164 tam
1356 2102 1761 2180 splendidum
1828 2100 2107 2178 profecto
2175 2104 2430 2180 tamque
2499 2101 2734 2162 celebre

341 2198 624 2278 phanum
677 2201 943 2262 fulmine
983 2201 1407 2279 conflagrasse,
1450 2199 1575 2261 dici
1621 2219 1751 2261 non
1776 2202 1983 2278 potest
2020 2219 2210 2278 quam
2261 2199 2454 2260 feram
2497 2199 2724 2260 acerbe.
2764 2220 2825 2255 20

342 2298 518 2358 Vale.

963 2448 1110 2511 200.
1201 2445 1297 2512 To
1344 2445 1739 2513 Summus
1781 2444 2126 2510 Roesstm.

411 2564 548 2621 Vita
571 2563 793 2621 Erasini
815 2582 871 2636 p.
898 2567 1020 2622 206.
2166 2561 2532 2634 (Flex-enee.)

410 2652 586 2710 Lond.
612 2652 765 2710 mi.
790 2666 892 2725 35:
934 2653 1046 2709 LB.
1071 2653 1215 2727 App.
1242 2653 1365 2723 486.
2034 2648 2106 2722 <4
2130 2649 2442 2708 November
2470 2648 2658 2723 1506.)

410 2755 566 2821 [Epp.
601 2770 767 2805 noo-s
798 2770 890 2804 are
920 2755 1136 2819 plainly
1167 2759 1613 2819 contemporaryz
1657 2754 1753 2803 the
1785 2752 2057 2815 year-date
2090 2753 2139 2801 is
2177 2751 2429 2816 supplied
2460 2750 2603 2801 from
2637 2753 2731 2802 the

344 2821 558 2884 Degree.
621 2821 735 2870 The
759 2821 1104 2871 mouth-date
1125 2820 1208 2870 for
1229 2823 1361 2885 Epp.
1385 2836 1502 2885 eoo,
1529 2835 1552 2870 1
1579 2823 1627 2869 is
1650 2821 1811 2884 given
1836 2819 1907 2881 by
1927 2818 2024 2880 Ep.
2053 2817 2201 2883 noa]

781 2944 1096 2993 ERASMVS
1140 2944 1646 2994 ROTERODAMVS
1689 2942 2028 2991 SERVATIO
2071 2942 2197 2991 SVO
2241 2941 2294 2989 S.

423 3042 704 3102 [rum
732 3041 953 3102 multis
980 3041 1056 3103 de
1092 3043 1293 3104 causis
1318 3041 1650 3115 adiuimus,
1681 3059 2041 3119 quanquam
2068 3040 2232 3099 hanc
2265 3039 2513 3118 magnis
2537 3037 2702 3099 bello
2715 3072 2733 3085 ·

344 3160 486 3200 rum
525 3139 905 3201 tumultibus
943 3140 1239 3220 agitatam
1282 3140 1699 3215 offendimus;
1753 3139 1905 3199 adeo
1941 3128 2027 3198 vt¹
2056 3135 2363 3197 Pontifice
2416 3154 2543 3196 vna
2589 3154 2733 3196 cum

345 3238 675 3299 Gallorum
709 3238 904 3316 copiis
934 3239 1288 3300 Bononiam
1316 3238 1597 3301 obsidere
1616 3239 1878 3317 parante
1911 3236 2090 3297 illinc
2112 3234 2497 3297 Florentiam
2517 3234 2728 3311 profu-

341 3338 486 3415 gere
500 3337 700 3398 simus
718 3338 931 3400 coacti.
991 3339 1230 3399 Verum
1249 3338 1546 3416 quoniam
1567 3339 1772 3399 certus
1790 3335 2069 3397 adfertur
2088 3353 2304 3395 rumor
2323 3331 2733 3394 Bentiuolum

410 3488 519 3536 199.
538 3497 587 3545 3.
621 3484 962 3548 profecturus
983 3486 1045 3535 in
1066 3485 1286 3535 Italiam
1305 3502 1372 3535 a:
1404 3486 1622 3547 iamque
1641 3483 1712 3533 ad
1737 3483 1994 3534 Italicum
2016 3482 2123 3530 iter
2142 3482 2379 3531 accincto
2401 3495 2499 3544 per
2519 3480 2737 3529 itineris

344 3551 567 3601 comites
587 3565 701 3599 non
728 3550 914 3600 liceret
936 3552 1322 3600 celsitudinem
1343 3554 1498 3600 tuam
1520 3551 1847 3599 internisere
1868 3550 1922 3603 β.
2054 3550 2194 3596 esset
2211 3563 2275 3596 a:
2310 3550 2451 3595 esset
2471 3547 2658 3595 tamen
2677 3547 2729 3600 β.

344 3633 393 3679 4.
429 3615 908 3665 sceleratissimum
930 3619 983 3672 β.
1219 3632 1267 3679 5.
1302 3631 1464 3666 nemo
1485 3634 1517 3664 α
1541 3632 1555 3664 2
1588 3630 1700 3664 non
1723 3615 1864 3664 alius
1884 3616 1940 3669 β.
2183 3615 2234 3663 6.
2268 3626 2413 3663 nunc
2435 3625 2647 3674 quoque
2669 3628 2734 3659 a:

346 3682 494 3730 hisce
517 3694 730 3744 quoque
753 3683 1086 3745 temporibus
1106 3684 1158 3737 β.
1394 3698 1470 3732 ro.
1508 3679 1836 3730 excellentia
1858 3684 1970 3742 tua,
1995 3692 2308 3740 quanquam
2330 3695 2396 3728 a:
2426 3676 2732 3739 intelligam

347 3750 420 3808 te,
443 3744 575 3795 licet
595 3749 647 3800 β.
855 3762 930 3799 12.
966 3749 1026 3797 in
1047 3764 1136 3798 om.
1159 3751 1211 3802 β.
1413 3751 1497 3796 est
1517 3746 1763 3796 absoluta
1783 3763 1815 3793 α
1837 3762 1850 3794 :
1882 3745 2190 3794 absolutum
2211 3746 2266 3799 β.
2465 3745 2650 3791 tamen
2672 3776 2687 3792 .
2720 3780 2730 3790 .

349 3827 427 3876 14.
451 3812 590 3862 solet
612 3829 678 3861 a:
709 3827 820 3862 non
842 3813 1011 3863 solere
1034 3820 1215 3863 tamen
1237 3816 1289 3867 β.
1430 3827 1505 3875 15.
1542 3828 1604 3862 so
1625 3812 1910 3875 frugiferas
1929 3810 2029 3860 has
2049 3824 2220 3872 nugas
2241 3827 2273 3857 α
2294 3826 2309 3859 a
2341 3810 2397 3858 et
2417 3805 2732 3857 huiusmodi

347 3881 500 3930 lusus
521 3893 623 3927 nee
646 3880 960 3928 inamoenos
981 3893 1078 3928 neo
1100 3879 1444 3941 infrugiferos
1464 3882 1517 3933 β.
1682 3877 1800 3926 illis
1820 3893 1909 3927 om.
1936 3878 1990 3932 β.
2220 3889 2302 3924 οι.
2336 3873 2466 3924 Vale
2486 3891 2554 3923 a:
2586 3874 2734 3923 Bene

344 3946 465 3996 vale
487 3945 550 3993 in
571 3944 812 3994 reditum
833 3958 898 3993 ex
921 3944 1088 3994 Italia
1107 3946 1373 3995 nostrum.
1439 3944 1705 4006 Lutetiae,
1732 3942 1862 4009 [An.
1888 3941 2080 4005 11.n.v.]
2104 3943 2157 3996 β.

411 4100 608 4161 199.r9.
625 4094 1006 4160 carnutensis]
1026 4093 1337 4156 0n26Jn1y
1349 4093 1490 4157 150⁶,
1596 4093 1655 4143 of
1682 4092 1866 4142 Julius
1899 4106 1944 4141 11
1976 4106 2063 4141 see
2096 4091 2405 4154 Creighton,
2442 4090 2513 4139 iv.
2542 4088 2625 4150 89,
2650 4103 2733 4150 9ο.

344 4166 507 4214 about
539 4166 625 4213 six
658 4163 858 4214 o’olock
892 4162 953 4211 in
986 4162 1081 4210 the
1115 4159 1363 4222 evening,
1399 4160 1496 4209 the
1591 4159 1706 4208 The
1724 4158 1866 4221 Pope
1887 4160 1968 4206 set
1990 4160 2085 4206 out
2108 4157 2249 4205 from
2273 4155 2504 4217 Perugis
2523 4153 2734 4216 against

347 4231 768 4280 north-western
801 4232 972 4280 tower
1000 4226 1062 4276 of
1087 4227 1184 4276 the
1216 4223 1494 4275 cathedral
1592 4224 1832 4287 Bolegns
1856 4238 1925 4272 on
1950 4237 2009 4271 ει
2035 4223 2365 4284 September.

345 4298 403 4344 at
436 4296 691 4345 chartres
725 4310 836 4346 was
866 4294 1054 4344 struck
1088 4293 1162 4355 by
1196 4290 1490 4354 lightning,
1657 4306 1705 4351 4.
1744 4288 2125 4352 Bentiuolum]
2180 4287 2333 4339 GioV.
2392 4281 2735 4345 Bentivoglio

345 4360 454 4409 and
487 4361 650 4424 being
681 4361 741 4410 of
764 4361 920 4410 wood
948 4371 1063 4409 was
1093 4358 1386 4408 eonsumed
1422 4356 1494 4418 by
1594 4358 1952 4419 (1443-1509),
1981 4354 2136 4402 Duke
2168 4352 2228 4401 of
2252 4350 2507 4413 Bologna,
2530 4348 2733 4397 retired

348 4425 445 4475 flre
464 4426 605 4475 with
637 4427 725 4475 six
754 4426 896 4476 bells
929 4424 1111 4476 which
1143 4422 1300 4485 hung
1331 4422 1394 4471 in
1426 4421 1491 4471 it.
1591 4425 1649 4471 to
1681 4422 1778 4470 the
1811 4419 2021 4468 French
2054 4433 2210 4480 camp
2242 4431 2313 4466 on
2346 4430 2378 4463 2
2399 4413 2734 4472 November3

348 4491 446 4540 See
479 4505 512 4539 a
542 4505 698 4553 poem
734 4491 1008 4541 inscribed
1046 4505 1118 4540 on
1155 4489 1254 4539 the
1288 4487 1493 4538 rebuilt
1591 4485 1702 4537 and
1726 4487 1821 4535 the
1836 4485 2130 4548 Bolognese
2145 4479 2448 4531 submitted
2464 4478 2732 4529 toJulius.

349 4562 517 4606 tower
536 4557 598 4604 in
626 4556 782 4618 15083
801 4555 1099 4619 Roulliard,
1124 4558 1251 4604 Hist.
1268 4558 1387 4603 dola
1405 4591 1418 4605 .
1439 4588 1454 4603 .
1474 4586 1490 4603 .
1593 4554 1698 4602 For
1728 4551 1848 4601 him
1875 4550 1985 4600 and
2017 4550 2106 4599 his
2133 4562 2260 4597 sons
2283 4552 2360 4609 (p.
2384 4545 2504 4608 498)
2528 4558 2616 4594 see
2646 4543 2726 4593 Jo.

345 4624 482 4681 culiae
502 4626 558 4671 de
580 4624 794 4671 caerem
809 4622 1009 4685 (1609),
1031 4620 1137 4670 vol.
1160 4620 1196 4670 i.
1221 4635 1274 4683 p.
1301 4634 1395 4681 rso
1409 4621 1462 4669 b.
1593 4618 1892 4668 Garzonius
1914 4617 1975 4664 in
1992 4613 2272 4676 Muratori,
2292 4611 2404 4662 xxi.
2432 4623 2554 4672 ¹157
2575 4625 2590 4671 ς
2621 4609 2733 4659 and

413 4688 527 4738 200.
548 4701 596 4737 s.
635 4686 925 4752 Pontifice]
949 4687 1052 4736 For
1067 4686 1181 4736 this
1206 4685 1492 4749 campaign
1590 4684 1658 4733 of.
1686 4687 1844 4744 Aaou.
1870 4696 2020 4743 ⁹09⁰·
