3355 5380
262 378 526 462 1523—4]
780 384 1179 446 ERASMUS
1234 384 1341 445 ΤΟ
1395 384 1437 444 J
1441 384 1624 445 OHN
1682 383 2129 445 ΒΟΤΖΗΕΙΜ
2580 388 2658 444 25

252 561 368 600 vsu
396 559 585 616 quem
626 539 936 602 indicauit
971 540 1269 602 Catullus.
1357 542 1527 602 Huic
1554 541 1742 602 ludus
1767 545 1865 602 est
1891 542 2228 602 Erasmum
2256 541 2324 600 in
2352 544 2660 618 compota-

254 639 554 712 tionibus,
586 639 655 698 in
690 639 1216 715 praelectionibus
1252 639 1617 718 theologicis
1644 660 1714 700 ac
1742 640 2007 716 publicis
2035 640 2226 700 etiam
2255 640 2661 701 concionibus

253 737 641 797 haereticum
669 757 907 812 vocare,
937 757 1007 797 ac
1034 739 1287 798 tantum
1322 737 1568 815 proficit
1599 741 1672 798 vt
1706 738 1868 815 apud
1910 756 2128 797 omnes
2165 737 2275 815 qui
2311 736 2451 797 sani
2486 741 2656 811 sunt,

254 836 517 896 insanus
561 835 884 897 habeatur.
972 836 1057 895 Et
1111 836 1301 896 huius
1344 836 1704 913 exemplum
1747 835 2082 896 imitantur
2136 835 2502 911 complures,
2551 835 2662 912 qui

250 933 353 993 vel
403 933 523 993 hoe
572 933 706 994 solo
752 933 1008 994 nomine
1062 937 1289 1011 putant
1347 954 1413 994 se
1452 934 1652 994 videri
1704 953 1964 1011 magnos
2005 933 2367 1009 Theologos,
2411 933 2469 993 si
2509 953 2663 1009 quos
2692 953 2720 1003 5

251 1029 535 1092 lubuerit
576 1032 896 1107 appellent
938 1032 1283 1092 haereticos
1329 1035 1438 1092 aut
1492 1032 1923 1092 schismaticos
1975 1034 2081 1091 aut
2136 1031 2433 1105 falsarios,
2486 1032 2664 1108 quasi

252 1128 423 1188 idem
454 1148 586 1188 non
613 1130 858 1206 possint
886 1130 1153 1207 aurigae.
1237 1130 1307 1191 Is
1341 1129 1538 1207 igitur
1568 1130 1909 1207 publicitus
1949 1130 2015 1189 in
2052 1129 2365 1190 ordinaria
2398 1129 2664 1190 lectione

254 1226 417 1286 mihi
473 1228 600 1287 duo
657 1227 820 1289 leuia
876 1227 1139 1289 crimina
1191 1227 1471 1305 impegit,
1521 1228 1843 1288 haereseos
1897 1230 1961 1288 et
2016 1227 2267 1288 falsatae
2322 1227 2664 1305 scripturae

254 1344 482 1398 sacrae,
523 1326 689 1402 quod
717 1325 785 1386 in
815 1325 1076 1403 epistola
1114 1326 1192 1386 ad
1221 1326 1579 1388 Corinthios
1614 1326 1818 1404 priore
1843 1324 2140 1386 verterim
2167 1325 2233 1386 id
2264 1327 2425 1403 quod
2456 1327 2662 1387 solum

254 1423 501 1499 repperi
545 1425 709 1500 apud
753 1424 1049 1485 Graecos:
1100 1424 1243 1485 Non
1285 1445 1503 1485 omnes
1551 1424 1806 1501 quidem
1847 1423 2248 1497 dormiemus,
2293 1425 2401 1485 sed
2445 1443 2663 1485 omnes
2697 1443 2754 1479 ιο

252 1522 756 1589 immutabimur.
873 1522 1055 1584 Hane
1107 1523 1490 1584 calumniam
1558 1522 1895 1599 insigniter
1947 1521 2380 1598 impudentem
2447 1522 2664 1584 libello

254 1619 435 1679 breui
490 1620 860 1695 refellimus,
919 1622 1027 1681 sed
1095 1622 1329 1698 absque
1397 1620 1693 1696 conuieiO,
1752 1639 2082 1697 suppresso
2135 1620 2324 1680 etiam
2386 1620 2664 1681 hominis

254 1714 534 1787 nomine,
583 1717 648 1774 et
690 1721 905 1775 tamen
952 1715 1335 1793 indignatur.
1423 1718 1577 1791 Age,
1624 1714 1683 1775 si
1723 1714 1858 1792 ipse
1897 1715 2077 1791 putat
2114 1733 2383 1791 aequum
2421 1714 2553 1775 fore
2594 1719 2666 1778 vt

252 1812 481 1890 aliquis
522 1812 649 1889 ipsi
686 1813 1048 1890 indignetur
1087 1813 1471 1890 abstergenti
1518 1813 1744 1879 lutum.
1785 1811 1948 1890 quod
1990 1812 2301 1889 quispiam
2350 1812 2667 1874 iniecisset

254 1910 326 1970 in
368 1909 713 1971 candidum
761 1911 959 1987 ipsius
1003 1911 1288 1990 pallium,
1333 1911 1497 1989 quod
1540 1911 1747 1972 solum
1795 1910 1986 1970 habet
2024 1910 2378 1984 candidum,
2422 1911 2666 1972 fatebor
2695 1931 2750 1979 15

256 2028 528 2086 aequum
584 2012 658 2068 vt
717 2009 881 2071 mihi
949 2009 1329 2087 indignetur,
1389 2009 1552 2087 quod
1611 2012 1742 2068 tam
1796 2008 2229 2085 impudentem
2283 2008 2662 2072 calumniam

255 2108 473 2167 refello
503 2108 699 2169 etiam
726 2107 924 2187 ipdus
950 2107 1205 2172 interim
1234 2107 1479 2168 nomini
1505 2126 1776 2184 parcens.
1849 2107 1933 2166 Et
1961 2126 2158 2183 quum
2187 2107 2356 2168 hisce
2383 2107 2664 2168 moribus

256 2206 557 2266 omnibus
601 2204 787 2265 bonis
830 2205 1171 2282 displiceat,
1225 2205 1337 2266 vni
1385 2206 1509 2267 sibi
1555 2204 1881 2282 displicere
1930 2224 2058 2265 non
2110 2208 2331 2284 potest.
2420 2206 2664 2267 Clamat

254 2305 324 2363 in
351 2304 607 2364 libellos
634 2304 924 2365 famosos.
987 2304 1130 2365 Non
1157 2307 1309 2364 sunt
1338 2303 1537 2365 libelli
1563 2302 1789 2363 famosi
1816 2302 1926 2380 qui
1952 2305 2209 2364 tuentur
2234 2303 2664 2364 innocentiam

254 2403 559 2464 aduersus
577 2403 885 2467 furiosam
913 2403 1294 2466 calumniam
1317 2424 1333 2476 3
1373 2402 1481 2462 sed
1511 2402 1727 2477 lingua
1754 2401 1994 2462 famosa
2012 2404 2121 2474 est,
2149 2421 2302 2479 quae
2332 2400 2664 2463 manifesto
2692 2425 2754 2460 ιο

256 2500 587 2560 mendacio
630 2504 763 2563 tam
802 2504 981 2561 atrox
1022 2501 1258 2562 crimen
1303 2499 1598 2577 impingit
1640 2499 2018 2574 immerenti,
2065 2501 2166 2559 vel
2219 2500 2429 2577 potius
2487 2499 2665 2559 bene·

256 2599 544 2658 merenti.
656 2598 838 2659 Idem
887 2619 1086 2676 nuper
1138 2599 1209 2659 in
1264 2599 1483 2659 libello
1538 2597 2006 2675 colloquiorum
2061 2601 2327 2676 quatuor
2380 2598 2664 2657 haereses

257 2697 771 2773 deprehenderat,
818 2701 1003 2775 atque
1058 2698 1177 2759 hoc
1232 2697 1488 2758 nomine
1542 2716 1848 2773 nusquam
1908 2716 2036 2756 non
2092 2696 2537 2773 triumphabat,
2598 2696 2668 2755 in

257 2795 843 2871 compotationibus,
890 2796 956 2855 in
1014 2796 1430 2870 concionibus,
1478 2795 1548 2855 in
1600 2794 1947 2871 colloquiis,
2000 2795 2068 2854 in
2124 2794 2663 2872 praelectionibus,

256 2899 503 2969 praeter
556 2893 842 2954 haereses
895 2893 1063 2957 nihil
1110 2894 1349 2954 habens
1402 2893 1471 2953 in
1525 2913 1643 2953 ore.
1735 2893 1817 2951 Et
1871 2890 2018 2952 huic
2063 2892 2412 2953 calumniae
2453 2891 2666 2968 paucis
2693 2910 2752 2961 ²5

255 2991 719 3067 respondimus.
810 2992 1023 3054 Huius
1091 2991 1482 3070 intemperiis
1547 2990 1872 3054 Adrianus
1939 2989 2232 3050 Pontifex
2287 2989 2667 3066 imposuerat

257 3089 608 3165 silentium,
659 3091 853 3153 misso
907 3091 1248 3168 diplomate
1301 3110 1425 3168 quo
1494 3088 1833 3167 diligenter
1898 3087 2312 3164 praecipiebat
2383 3107 2461 3147 ne
2519 3087 2666 3165 quid

258 3187 597 3249 blateraret
626 3187 693 3247 in
722 3189 1077 3252 Erasmum.
1158 3188 1350 3249 siluit
1378 3188 1456 3247 ad
1486 3191 1750 3264 tempus,
1781 3186 1928 3247 licet
1956 3205 2152 3263 aegre.
2227 3186 2377 3246 Mox
2403 3206 2441 3247 a
2467 3191 2670 3249 morte

258 3284 595 3346 Pontificis
638 3285 826 3346 rediit
868 3288 945 3347 ad
991 3286 1292 3363 pristinos
1334 3286 1653 3359 clamores,
1703 3284 1883 3361 quasi
1937 3284 2102 3361 quod
2152 3287 2315 3344 necte
2368 3285 2669 3363 praecipit

258 3383 563 3445 Pontifex
584 3404 713 3444 non
741 3387 1021 3462 oporteat
1045 3404 1180 3444 esse
1206 3386 1595 3462 perpetuum.
1670 3383 1894 3460 Itaque
1921 3401 2206 3446 reuersus
2233 3384 2310 3443 ad
2341 3384 2666 3462 ingenium
2693 3404 2756 3452 30

256 3480 516 3557 pristini
548 3481 789 3542 silentii
815 3483 1122 3545 iacturam
1150 3481 1482 3559 diligentia
1518 3480 1937 3541 maledicendi
1973 3480 2183 3543 sarsit.
2264 3481 2669 3558 Praelegebat

261 3578 687 3657 Euangelium
742 3580 1062 3654 Matthaei,
1124 3600 1238 3640 nec
1291 3599 1431 3641 raro
1481 3579 1743 3643 iaciebat
1795 3579 2047 3657 aliquod
2097 3599 2322 3642 saxum
2364 3579 2434 3639 in
2483 3582 2670 3662 caput

261 3696 477 3737 meum
523 3698 560 3737 e
596 3677 891 3740 cathedra
932 3679 1293 3756 theologica,
1326 3678 1434 3741 sed
1476 3681 1609 3738 tam
1649 3677 2048 3755 impudenter
2088 3679 2161 3737 vt
2201 3678 2418 3738 nullus
2457 3698 2669 3740 scurra

256 3777 459 3853 possit
501 3777 952 3855 impudentius,
994 3781 1128 3840 tam
1169 3777 1431 3838 ridicule
1471 3780 1543 3836 vt
1584 3777 1748 3838 bona
1786 3796 1934 3853 pars
1972 3796 2099 3838 non
2141 3776 2220 3837 ob
2256 3776 2426 3839 aliud
2454 3777 2669 3842 veniat

258 3874 329 3933 in
371 3874 555 3936 illius
592 3874 978 3936 auditorium
1011 3896 1203 3954 quam
1239 3879 1307 3936 vt
1343 3875 1585 3949 rideat;
1627 3893 1743 3936 nec
1782 3874 2010 3934 desunt
2038 3873 2150 3951 qui
2181 3873 2669 3952 interpretentur
2695 3903 2754 3952 35

262 3971 591 4032 hominem
647 3973 857 4033 studio
909 3974 1000 4034 sic
1068 3974 1354 4050 ineptire,
1414 3979 1485 4032 vt
1537 3972 1826 4034 inueniat
1880 3972 2206 4032 auditores.
2316 3972 2667 4035 Emiseram

258 4071 644 4150 Apologiam
698 4072 777 4132 de
830 4072 966 4133 loco
1018 4072 1087 4135 in
1144 4071 1408 4151 epistola
1451 4072 1528 4135 ad
1574 4070 1969 4133 Corinthios:
2012 4071 2248 4132 Omnes
2288 4071 2544 4148 quidem
2585 4090 2669 4130 re·

261 4187 612 4247 surgemus,
645 4168 755 4230 sed
785 4189 914 4232 non
952 4190 1170 4234 omnes
1206 4169 1704 4231 immutabimur.
1795 4169 1886 4230 Ea
1915 4188 2111 4245 quum
2140 4173 2273 4232 tam
2311 4168 2669 4230 manifestis

263 4267 659 4344 argumentis
704 4267 1032 4332 diluissem
1077 4267 1354 4328 hominis
1398 4267 1799 4339 calumniam,
1847 4270 1919 4326 vt
1966 4266 2182 4342 digitis
2228 4266 2415 4344 (quod
2464 4266 2667 4344 aiunt)

265 4383 364 4424 res
414 4364 638 4426 sentiri
667 4365 883 4444 possit,
931 4369 1145 4428 tamen
1184 4366 1441 4443 perinde
1482 4364 1661 4442 quasi
1703 4363 1866 4426 nihil
1905 4367 2066 4424 esset
2106 4384 2490 4441 responsum,
2536 4384 2663 4424 non
2690 4392 2756 4440 40

267 4462 490 4539 puduit
536 4463 690 4523 haec
733 4463 936 4523 dicere
976 4463 1353 4542 publicitus:
1416 4464 1556 4537 Hic,
1603 4462 1831 4541 inquit,
1876 4462 2064 4524 multi
2105 4467 2257 4523 sunt
2298 4461 2407 4540 qui
2447 4464 2666 4525 fauent

460 4579 508 4627 ⁶.
544 4581 644 4627 aut
665 4577 912 4626 falsarios
933 4581 1043 4626 add.
1061 4579 1115 4631 β.
1312 4591 1389 4641 ⁹5·
1429 4577 1500 4626 Et
1521 4613 1534 4626 .
1561 4612 1574 4625 .
1599 4613 1611 4626 .
1635 4578 1715 4627 26.
1743 4590 1822 4637 30.
1850 4575 2267 4626 administretur
2288 4577 2469 4631 αἰὼβ.

595 4723 640 4759 ι.
677 4703 951 4769 Catullus]
986 4709 1064 4770 98.
1091 4723 1141 4771 3,
1163 4724 1210 4770 4.
1628 4720 1688 4774 9.,
1713 4705 2050 4772 Corinthios]
2081 4721 2123 4758 1.
2151 4721 2226 4769 15.
2254 4721 2333 4769 51.
