3355 5380
673 386 788 457 ‚148
1376 389 1757 451 LETTERS
1813 389 1918 449 OF
1973 388 2373 450 ERASMUS
2882 384 3078 468 [1495

668 548 860 608 aliam
881 548 960 608 ad
981 547 1310 608 fastidium
1327 567 1525 626 vsque
1544 550 1905 625 congerunt.
1964 547 2085 622 Qui
2104 546 2299 608 etiam
2323 567 2494 607 error
2514 545 3078 606 iureconsultorum

585 671 644 705 10
666 644 969 706 hactenus
995 644 1132 719 fuit,
1169 644 1396 723 quibus
1424 664 1556 706 non
1583 646 1737 706 satis
1763 645 1865 705 lex
1891 664 2018 705 vna
2045 648 2156 706 aut
2183 644 2382 706 altera
2408 648 2519 720 est,
2552 644 2679 705 nisi
2711 642 3082 722 longissima

667 744 909 822 pagella
962 742 1204 820 legibus
1258 746 1504 804 scateat.
1611 744 1706 803 At
1760 743 1913 803 scite
1967 743 2322 817 admodum,
2363 744 2701 818 ‘Herasme,
2759 745 2823 803 te
2877 742 3080 802 facere

667 841 978 915 existimo,
1024 842 1133 919 qui
1175 841 1396 902 stilum
1438 841 1726 920 religioso
1766 841 2031 919 dignum
2078 841 2533 920 apprehendis3
2588 859 2836 918 sequere
2882 837 3086 914 igitur

667 942 853 1017 atque
890 941 1164 1000 moratos
1200 943 1264 1000 et
1301 940 1617 1017 grauiores
1651 942 1896 1001 autores
1937 938 2174 1001 imitari
2208 939 2406 1016 stude,
2442 959 2708 1019 quorum
2744 935 3081 1014 prudentia

669 1036 994 1115 ingenium
1022 1037 1270 1098 erudias
1295 1040 1358 1098 et
1387 1057 1593 1098 mores
1618 1039 1867 1098 formes.

584 1158 641 1207 15
749 1135 963 1214 Neque
991 1135 1109 1197 hoc
1130 1136 1392 1197 docendi
1410 1136 1506 1195 tui
1526 1154 1712 1196 causa
1731 1136 1935 1196 scribo
1957 1137 2066 1215 qui
2091 1137 2360 1197 aliorum
2381 1139 2560 1214 potes
2578 1155 2710 1196 esse
2738 1135 3078 1211 preceptor,

668 1234 779 1294 sed
817 1235 938 1296 iter
973 1238 1197 1312 sponte
1236 1234 1515 1295 currenti
1550 1253 1729 1312 spem
1755 1254 1900 1294 vere
1936 1235 2140 1295 laudis
2176 1235 2449 1296 ostendo.
2536 1233 2640 1294 Ita
2673 1232 2846 1291 enim
2883 1229 3080 1289 michi

669 1331 748 1392 de
775 1336 839 1393 te
865 1332 1163 1410 persuasi,
1186 1336 1255 1393 vt
1280 1335 1578 1411 purgatos
1606 1352 1752 1393 cum
1779 1332 2081 1410 religione
2102 1352 2307 1394 mores
2325 1335 2389 1392 te
2417 1330 2814 1392 coniunxisse
2840 1330 3075 1407 putem,

668 1430 911 1491 nullius
948 1430 1389 1492 assentationis
1423 1430 1785 1509 nulliusque
1818 1431 2128 1492 mendacii
2154 1430 2429 1492 fallacias
2454 1429 2900 1506 pretexentem.
2987 1426 3085 1485 De

671 1529 900 1607 quibus
925 1528 1178 1589 tametsi
1212 1528 1417 1606 priore
1452 1528 1531 1588 ad
1568 1531 1631 1588 te
1667 1528 1934 1606 epistola
1965 1529 2202 1607 scripsi,
2231 1528 2495 1590 blandos
2530 1529 2782 1588 tantum
2807 1527 2871 1585 et
2908 1525 3083 1601 petu-

581 1650 644 1685 20
669 1625 875 1687 lantes
911 1630 1124 1687 taxare
1164 1645 1347 1686 mens
1385 1629 1536 1701 erat,
1573 1646 1841 1704 quorum
1872 1647 1988 1705 ego
2021 1627 2405 1690 Gnatonicas
2444 1630 2611 1686 artes
2649 1622 2852 1702 magis
2887 1639 3081 1700 quam

669 1725 932 1786 Tersitis
976 1724 1103 1785 vile
1154 1744 1351 1803 genus
1397 1725 1687 1804 despicio.
1773 1725 1885 1786 Illi
1932 1725 2105 1786 enim
2149 1725 2423 1786 amicitie
2470 1723 2675 1802 specie
2714 1721 2967 1782 vultum
3009 1724 3083 1781 vt

669 1821 893 1883 volunt
919 1826 1361 1899 componentes
1389 1821 1634 1883 fallunt.
1711 1821 1837 1883 Hic
1866 1843 1977 1900 pro
1998 1842 2111 1884 suo
2138 1823 2433 1884 instituto
2456 1826 2518 1883 et
2545 1821 2835 1882 sordibus
2852 1819 3080 1878 viuens

669 1940 781 1998 pre
808 1940 876 1980 se
902 1921 1024 1980 fert
1063 1921 1262 1998 qualis
1298 1921 1397 1981 sit.
1490 1920 1700 1981 Nichil
1741 1921 2174 1982 mediusfidius
2211 1922 2281 1982 in
2317 1925 2451 1983 toto
2488 1920 2820 1981 hominum
2856 1935 3082 1995 genere

630 2088 651 2099 ἢ
669 2017 813 2094 plus
841 2017 945 2079 odi
974 2038 1165 2096 quam
1194 2018 1598 2080 blanditores.
1684 2019 1901 2080 Cetera
1919 2019 2091 2080 enim
2119 2024 2366 2097 peccata
2387 2020 2517 2080 fere
2540 2017 2752 2079 omnia
2771 2017 2839 2077 in
2867 2016 3082 2093 aperto

584 2136 643 2185 25
670 2118 837 2190 sunt,
877 2114 1006 2175 sola
1046 2117 1383 2177 assentatio
1421 2117 1531 2176 diu
1572 2117 1639 2177 in
1684 2116 1974 2177 abstruso
2010 2117 2187 2179 dolos
2222 2118 2454 2193 condit,
2493 2137 2647 2195 quos
2688 2117 2842 2177 dum
2883 2113 3082 2174 nichil

673 2232 856 2273 caues
882 2213 953 2272 in
981 2216 1047 2273 te
1073 2218 1367 2275 exerceat.
1440 2215 1613 2275 Illud
1639 2218 1966 2293 propterea
1992 2220 2352 2294 suspectum
2374 2216 2570 2276 michi
2597 2234 2843 2292 semper
2869 2212 3079 2286 habui,

673 2330 752 2370 ne
779 2311 924 2388 plus
950 2311 1120 2373 iusto
1150 2331 1251 2372 me
1278 2312 1596 2373 blanditor
1615 2317 1968 2375 veneretur.
2038 2314 2379 2375 Enimuero
2401 2314 2471 2373 in
2496 2311 2827 2391 prouerbio
2854 2311 3082 2373 Italico

671 2411 805 2471 est:
866 2410 989 2485 Qui
1030 2431 1218 2488 supra
1257 2412 1516 2472 solitum
1558 2414 1623 2472 te
1661 2413 1945 2487 honorat,
1980 2433 2127 2474 eum
2163 2413 2265 2474 vel
2301 2411 2597 2473 fefellisse
2631 2414 2696 2472 te
2728 2410 2831 2471 vel
2867 2409 3082 2470 fallere

671 2525 904 2568 conari.

584 2628 647 2677 30
754 2606 876 2667 Sed
924 2607 1041 2668 hec
1080 2610 1214 2668 suis
1256 2607 1577 2668 autoribus
1616 2609 1848 2669 scelera
1888 2608 2330 2688 relinquamus.
2418 2608 2489 2671 si
2537 2607 2685 2687 quid
2738 2606 2814 2668 de
2862 2605 3082 2665 Fausti

670 2705 885 2766 celesti
930 2706 1377 2768 vaticinatione
1423 2706 1515 2783 (vt
1570 2707 1645 2768 ad
1700 2727 1803 2768 me
1849 2708 2031 2769 felice
2077 2709 2354 2788 auspicio
2403 2706 2724 2783 concedas)
2770 2704 3078 2783 accepisti,

672 2823 930 2882 propera
955 2808 1021 2866 et
1046 2805 1209 2865 veni.
1298 2805 1517 2881 Illum,
1549 2806 1711 2883 quod
1746 2811 2023 2867 veterem
2061 2807 2187 2867 iam
2225 2808 2498 2868 amicum
2536 2806 2779 2882 habeo;
2820 2807 2884 2864 te
2912 2822 3079 2878 vero,

674 2902 839 2980 quod
868 2922 1105 2963 nouum
1136 2902 1441 2963 demereri
1478 2904 1673 2982 cupio,
1705 2904 2082 2981 periucunde
2109 2906 2425 2983 accipiam.

754 2999 910 3061 Vale
938 3000 1189 3063 Parisii.
1220 3001 1348 3060 viii.
1381 3001 1505 3061 kal.
1538 3003 1825 3063 octobris.

1397 3198 1502 3259 45.
1592 3194 1688 3261 To
1733 3196 2014 3260 RoBERr
2060 3196 2361 3261 GAGUIN.

747 3329 830 3385 De
855 3326 1074 3400 origine
1101 3369 1115 3382 .
1142 3370 1155 3384 .
1188 3328 1548 3395 Francorum,
1583 3342 1734 3401 1495,
1762 3330 1832 3385 ib.
1863 3333 1983 3402 136.
2556 3330 2801 3403 (Paris.)

746 3416 855 3471 LB.
880 3415 1027 3487 App.
1052 3431 1179 3487 437.
2351 3418 2381 3491 <
2390 3419 2633 3477 October
2655 3418 2785 3474 init.
2815 3415 3007 3487 1495.)

743 3536 899 3602 [This
934 3535 1097 3587 letter
1133 3539 1181 3586 is
1215 3554 1246 3587 a
1284 3540 1740 3602 complimentary
1773 3542 2144 3591 contribution
2180 3545 2235 3591 to
2270 3541 2527 3605 Gaguin's
2559 3546 2626 3591 De
2662 3544 2836 3601 oriqim
2867 3546 2911 3587 et
2943 3545 3086 3599 vestis

677 3608 968 3652 Francorum
1001 3606 1350 3665 compendium,
1389 3604 1556 3666 Paris,
1587 3605 1643 3655 P.
1675 3606 1749 3654 Le
1784 3607 1913 3667 Dru,
1948 3622 2016 3668 30
2047 3608 2193 3670 Sept.
2232 3622 2357 3670 1495
2393 3608 2660 3670 (Wrongly
2691 3604 2916 3670 printed
2955 3621 3087 3668 1499

679 3670 778 3719 but
810 3670 1079 3718 corrected
1110 3670 1167 3718 in
1201 3671 1296 3718 the
1317 3675 1495 3719 Errata
1521 3687 1533 3730 ;
1566 3671 1634 3720 cf.
1658 3672 1768 3721 GE.
1793 3672 1828 3721 i.
1862 3673 1975 3730 118)
2004 3674 2079 3737 (a)
2101 3690 2115 3734 ς
2150 3676 2231 3722 sor
2252 3675 2324 3722 its
2345 3674 2582 3736 position
2607 3674 2664 3721 in
2688 3673 2784 3721 the
2807 3671 2946 3720 book
2970 3671 3081 3720 and

677 3735 815 3796 date,
853 3736 919 3783 cf.
958 3735 1051 3798 Ep.
1093 3751 1171 3798 43.
1244 3737 1299 3784 It
1332 3750 1441 3784 was
1475 3738 1753 3798 reprinted
1787 3739 1848 3787 in
1884 3740 2211 3801 subsequent
2241 3737 2480 3789 editions
2514 3739 2573 3789 of
2598 3739 2696 3787 the
2729 3741 3080 3799 carmelium,

678 3800 874 3862 Lyons,
904 3800 956 3850 J.
988 3801 1253 3863 Trechsel,
1290 3817 1355 3862 24
1388 3802 1534 3851 June
1574 3818 1700 3865 1⁴97
1741 3804 1862 3866 (ss);
1907 3805 2071 3866 Paris,
2112 3806 2177 3854 A.
2212 3804 2433 3866 Bocard,
2472 3819 2534 3865 3¹
2573 3804 2760 3854 March
2799 3802 2926 3866 149}
2962 3805 3088 3864 (γ);

681 3866 847 3926 Paris,
871 3866 929 3916 Τ.
950 3866 1171 3926 Kerver‚
1199 3882 1259 3929 ¹3
1280 3867 1402 3917 Jan.
1426 3871 1548 3930 150}
1574 3870 1620 3932 (δ
1646 3905 1660 3932 ,
1684 3869 1742 3918 of
1760 3870 1941 3918 which
1965 3871 2117 3919 there
2140 3885 2282 3919 were
2303 3873 2411 3919 two
2435 3870 2605 3919 issues
2628 3872 2739 3933 (see
2763 3869 2871 3919 GE.
2892 3871 2927 3919 i.
2951 3875 3083 3930 154).

676 3932 788 3980 'l'he
822 3945 1085 3993 mquence
1120 3933 1179 3981 of
1205 3936 1241 3987 β
1275 3933 1384 3982 and
1417 3951 1454 3995 γ
1486 3935 1585 3983 has
1717 3949 1755 3982 n
1789 3935 2062 3998 disputed,
2092 3934 2200 3984 and
2236 3935 2309 3986 Μ.
2335 3936 2588 3985 Thuasne
2616 3935 2752 4000 (GE.
2787 3936 2822 3984 i.
2863 3932 3079 3997 129-31)

678 3998 827 4059 gives
858 3998 951 4046 the
986 3999 1219 4060 priority
1242 4001 1299 4048 to
1321 4016 1370 4061 γ,
1399 4001 1691 4062 supposing
1723 4000 1845 4050 that
1880 4000 2021 4050 after
2051 4002 2393 4064 committing
2426 4002 2520 4050 the
2555 4001 2690 4050 book
2725 4005 2782 4050 to
2808 3999 3080 4061 Trechsel,

679 4063 893 4124 Gaguin
916 4063 1029 4112 also
1050 4078 1179 4125 gave
1211 4065 1257 4111 it
1279 4068 1337 4113 to
1360 4065 1586 4125 Bocard,
1609 4066 1720 4114 and
1742 4066 1864 4116 that
1886 4067 2013 4115 thus
2036 4067 2131 4116 the
2152 4069 2261 4116 two
2290 4067 2529 4116 editions
2557 4067 2826 4130 appeared
2853 4067 2911 4114 in
2941 4080 3087 4114 com·

679 4130 929 4192 petition,
958 4129 1209 4178 Booard's
1232 4130 1393 4192 being
1413 4132 1509 4180 the
1532 4131 1668 4180 first.
1739 4133 1849 4181 But
1869 4132 1965 4181 the
1995 4136 2310 4195 arguments
2331 4133 2394 4182 in
2414 4133 2605 4181 favour
2633 4133 2694 4182 of
2717 4132 2815 4182 the
2844 4132 3089 4195 opposite

680 4196 833 4255 view,
863 4198 962 4257 put
996 4194 1225 4244 forward
1260 4196 1331 4258 by
1364 4196 1631 4258 clement,
1660 4213 1803 4246 seem
1838 4197 2164 4248 conclusive.
2231 4199 2375 4247 Both
2411 4199 2650 4248 editions
2682 4198 2907 4248 contain
2939 4211 3090 4246 some

679 4274 860 4308 verses
884 4262 956 4323 by
976 4260 1025 4311 J.
1043 4260 1262 4323 Badius,
1291 4261 1413 4310 who
1436 4277 1546 4311 was
1568 4263 1700 4311 then
1724 4264 1972 4326 working
1991 4264 2130 4313 with
2147 4264 2395 4313 Trechsel
2421 4281 2435 4325 3
2468 4265 2561 4313 the
2581 4278 2837 4326 presence
2858 4264 2918 4313 of
2933 4262 3093 4312 these

753 4407 826 4455 15.
865 4396 1015 4456 potes
1036 4394 1107 4447 B:
1140 4408 1321 4455 posses
1342 4412 1386 4444 α.
1548 4410 1621 4458 19.
1659 4398 1734 4451 βε
1768 4397 1984 4446 iametsi
2009 4416 2056 4448 a.
2204 4412 2281 4460 31.
2321 4400 2403 4447 vti
2424 4400 2478 4453 β.
2546 4364 2554 4372 ·
2614 4400 2682 4452 B:
2714 4396 3020 4460 suspician-

751 4577 833 4623 31.
879 4563 1067 4611 celesti
1111 4561 1530 4627 vaticinatione]
1576 4562 1627 4613 A
1676 4577 1834 4624 poem
1928 4568 2223 4625 paninum&
2245 4564 2710 4627 published‚with
2727 4578 2758 4612 a
2776 4563 3086 4613 dedication

686 4629 759 4692 by
783 4629 1013 4678 Faustus
1034 4627 1374 4677 Andrelinus
1397 4629 1517 4691 (Ep.
1540 4629 1647 4690 84),
1670 4633 1737 4677 De
1759 4634 1835 4676 in·
1934 4632 1991 4677 to
2015 4629 2281 4694 Budaeus,
2308 4632 2382 4693 by
2404 4632 2467 4681 G.
2484 4629 2798 4690 marchand,
2825 4629 2995 4691 Paris,
3030 4643 3093 4676 10

678 4699 885 4752 fluentia
922 4699 1137 4754 syderum
1182 4700 1223 4742 et
1267 4699 1453 4753 Querela
1496 4698 1838 4743 Pavrhisiensis
1938 4694 2061 4758 May
2088 4698 2232 4758 1496.
