<?xml version="1.0" encoding="UTF-8"?>
<!DOCTYPE html PUBLIC "-//W3C//DTD XHTML 1.0 Transitional//EN"
    "http://www.w3.org/TR/xhtml1/DTD/xhtml1-transitional.dtd">
<html xmlns="http://www.w3.org/1999/xhtml" xml:lang="en" lang="en">
 <head>
  <title>
</title>
<meta http-equiv="Content-Type" content="text/html;charset=utf-8" />
  <meta name='ocr-system' content='tesseract 3.04.00' />
  <meta name='ocr-capabilities' content='ocr_page ocr_carea ocr_par ocr_line ocrx_word'/>
</head>
<body>
  <div class='ocr_page' id='page_1' title='image "./opusepistolarum00flowgoog_0440.png"; bbox 0 0 3355 5380; ppageno 0'>
   <div class='ocr_carea' id='block_1_1' title="bbox 610 367 3010 453">
    <p class='ocr_par' dir='ltr' id='par_1_1' title="bbox 610 367 3010 453">
     <span class='ocr_line' id='line_1_1' title="bbox 610 367 3010 453; baseline -0.001 -19"><span class='ocrx_word' id='word_1_1' title='bbox 610 381 728 436; x_wconf 82' lang='lat'><strong>406</strong></span> <span class='ocrx_word' id='word_1_2' title='bbox 1279 374 1657 435; x_wconf 81' lang='lat' dir='ltr'>LETTERS</span> <span class='ocrx_word' id='word_1_3' title='bbox 1713 374 1820 434; x_wconf 80' lang='lat' dir='ltr'><strong>oF·</strong></span> <span class='ocrx_word' id='word_1_4' title='bbox 1874 372 2275 435; x_wconf 76' lang='lat' dir='ltr'>ERASMUS</span> <span class='ocrx_word' id='word_1_5' title='bbox 2823 367 3010 453; x_wconf 79' lang='lat'><strong>[1504</strong></span> 
     </span>
    </p>
   </div>
   <div class='ocr_carea' id='block_1_2' title="bbox 516 517 3073 2858">
    <p class='ocr_par' dir='ltr' id='par_1_2' title="bbox 606 517 3015 896">
     <span class='ocr_line' id='line_1_2' title="bbox 689 517 3011 601; baseline -0.003 -14"><span class='ocrx_word' id='word_1_6' title='bbox 689 527 891 601; x_wconf 79' lang='lat' dir='ltr'><strong>Quare</strong></span> <span class='ocrx_word' id='word_1_7' title='bbox 932 528 995 584; x_wconf 85' lang='lat' dir='ltr'><strong>te</strong></span> <span class='ocrx_word' id='word_1_8' title='bbox 1033 523 1285 585; x_wconf 88' lang='lat' dir='ltr'><strong>obsecro</strong></span> <span class='ocrx_word' id='word_1_9' title='bbox 1327 527 1399 585; x_wconf 87' lang='lat' dir='ltr'><strong>vt</strong></span> <span class='ocrx_word' id='word_1_10' title='bbox 1441 543 1542 584; x_wconf 88' lang='lat' dir='ltr'><strong>me</strong></span> <span class='ocrx_word' id='word_1_11' title='bbox 1579 523 1659 583; x_wconf 82' lang='lat' dir='ltr'><strong>ad</strong></span> <span class='ocrx_word' id='word_1_12' title='bbox 1697 541 1869 591; x_wconf 79' lang='lat' dir='ltr'><strong>sacra</strong></span> <span class='ocrx_word' id='word_1_13' title='bbox 1910 522 2120 584; x_wconf 87' lang='lat' dir='ltr'><strong>studia</strong></span> <span class='ocrx_word' id='word_1_14' title='bbox 2162 522 2569 584; x_wconf 83' lang='lat' dir='ltr'><strong>vehementer</strong></span> <span class='ocrx_word' id='word_1_15' title='bbox 2606 517 3011 581; x_wconf 70' lang='lat' dir='ltr'><strong>anhelantem</strong></span> 
     </span>
     <span class='ocr_line' id='line_1_3' title="bbox 607 616 3015 702; baseline -0.002 -19"><span class='ocrx_word' id='word_1_16' title='bbox 607 625 807 702; x_wconf 87' lang='lat' dir='ltr'><strong>quoad</strong></span> <span class='ocrx_word' id='word_1_17' title='bbox 847 625 1025 701; x_wconf 84' lang='lat' dir='ltr'><strong>potes</strong></span> <span class='ocrx_word' id='word_1_18' title='bbox 1065 623 1341 695; x_wconf 85' lang='lat' dir='ltr'><strong>adiuues,</strong></span> <span class='ocrx_word' id='word_1_19' title='bbox 1381 625 1570 699; x_wconf 86' lang='lat' dir='ltr'><strong>atque</strong></span> <span class='ocrx_word' id='word_1_20' title='bbox 1611 620 1691 683; x_wconf 90' lang='lat' dir='ltr'><strong>ab</strong></span> <span class='ocrx_word' id='word_1_21' title='bbox 1727 620 1808 682; x_wconf 86' lang='lat' dir='ltr'><strong>iis</strong></span> <span class='ocrx_word' id='word_1_22' title='bbox 1842 620 2057 694; x_wconf 85' lang='lat' dir='ltr'><strong>literis,</strong></span> <span class='ocrx_word' id='word_1_23' title='bbox 2088 640 2245 698; x_wconf 88' lang='lat' dir='ltr'><strong>quae</strong></span> <span class='ocrx_word' id='word_1_24' title='bbox 2282 620 2444 681; x_wconf 86' lang='lat' dir='ltr'><strong>mihi</strong></span> <span class='ocrx_word' id='word_1_25' title='bbox 2474 620 2603 680; x_wconf 86' lang='lat' dir='ltr'><strong>iam</strong></span> <span class='ocrx_word' id='word_1_26' title='bbox 2630 616 2844 681; x_wconf 84' lang='lat' dir='ltr'><strong>dulces</strong></span> <span class='ocrx_word' id='word_1_27' title='bbox 2879 637 3015 679; x_wconf 79' lang='lat' dir='ltr'><strong>esse</strong></span> 
     </span>
     <span class='ocr_line' id='line_1_4' title="bbox 606 715 3015 797; baseline -0.002 -15"><span class='ocrx_word' id='word_1_28' title='bbox 606 722 941 796; x_wconf 85' lang='lat' dir='ltr'><strong>desierunt,</strong></span> <span class='ocrx_word' id='word_1_29' title='bbox 972 739 1224 782; x_wconf 83' lang='lat' dir='ltr'><strong>asseras.</strong></span> <span class='ocrx_word' id='word_1_30' title='bbox 1311 720 1454 781; x_wconf 85' lang='lat' dir='ltr'><strong>Non</strong></span> <span class='ocrx_word' id='word_1_31' title='bbox 1483 719 1650 781; x_wconf 90' lang='lat' dir='ltr'><strong>mihi</strong></span> <span class='ocrx_word' id='word_1_32' title='bbox 1676 719 1989 797; x_wconf 84' lang='lat' dir='ltr'><strong>rogandus</strong></span> <span class='ocrx_word' id='word_1_33' title='bbox 2016 724 2112 780; x_wconf 86' lang='lat' dir='ltr'><strong>est</strong></span> <span class='ocrx_word' id='word_1_34' title='bbox 2140 721 2366 783; x_wconf 83' lang='lat' dir='ltr'><strong>Comes</strong></span> <span class='ocrx_word' id='word_1_35' title='bbox 2399 737 2597 793; x_wconf 86' lang='lat' dir='ltr'><strong>meus,</strong></span> <span class='ocrx_word' id='word_1_36' title='bbox 2633 715 3015 780; x_wconf 83' lang='lat' dir='ltr'><strong>Guilielmus</strong></span> 
     </span>
     <span class='ocr_line' id='line_1_5' title="bbox 607 815 3014 896; baseline -0 -14"><span class='ocrx_word' id='word_1_37' title='bbox 607 819 947 882; x_wconf 84' lang='lat' dir='ltr'><strong>Montioius</strong></span> <span class='ocrx_word' id='word_1_38' title='bbox 975 841 990 892; x_wconf 89' lang='lat'>;</span> <span class='ocrx_word' id='word_1_39' title='bbox 1045 823 1260 879; x_wconf 87' lang='lat' dir='ltr'><strong>tamen</strong></span> <span class='ocrx_word' id='word_1_40' title='bbox 1303 838 1505 896; x_wconf 89' lang='lat' dir='ltr'><strong>neque</strong></span> <span class='ocrx_word' id='word_1_41' title='bbox 1547 819 1626 880; x_wconf 86' lang='lat' dir='ltr'><strong>ab</strong></span> <span class='ocrx_word' id='word_1_42' title='bbox 1663 836 1734 878; x_wconf 92' lang='lat' dir='ltr'><strong>re</strong></span> <span class='ocrx_word' id='word_1_43' title='bbox 1776 837 1977 896; x_wconf 84' lang='lat' dir='ltr'><strong>neque</strong></span> <span class='ocrx_word' id='word_1_44' title='bbox 2014 817 2279 878; x_wconf 82' lang='lat' dir='ltr'><strong>absurde</strong></span> <span class='ocrx_word' id='word_1_45' title='bbox 2307 817 2585 878; x_wconf 83' lang='lat' dir='ltr'><strong>facturus</strong></span> <span class='ocrx_word' id='word_1_46' title='bbox 2620 815 2928 891; x_wconf 80' lang='lat' dir='ltr'><strong>videatur,</strong></span> <span class='ocrx_word' id='word_1_47' title='bbox 2959 817 3014 881; x_wconf 75' lang='lat' dir='ltr'><strong>si</strong></span> 
     </span>
    </p>

    <p class='ocr_par' dir='ltr' id='par_1_3' title="bbox 516 915 3018 1390">
     <span class='ocr_line' id='line_1_6' title="bbox 516 915 3015 995; baseline -0.002 -14"><span class='ocrx_word' id='word_1_48' title='bbox 516 930 582 980; x_wconf 85' lang='lat'><strong>80</strong></span> <span class='ocrx_word' id='word_1_49' title='bbox 604 939 718 981; x_wconf 90' lang='lat' dir='ltr'><strong>sua</strong></span> <span class='ocrx_word' id='word_1_50' title='bbox 759 916 1151 995; x_wconf 77' lang='lat' dir='ltr'>benignitate</span> <span class='ocrx_word' id='word_1_51' title='bbox 1193 916 1487 977; x_wconf 87' lang='lat' dir='ltr'><strong>nonnihil</strong></span> <span class='ocrx_word' id='word_1_52' title='bbox 1535 915 1848 978; x_wconf 85' lang='lat' dir='ltr'><strong>adiuuerit</strong></span> <span class='ocrx_word' id='word_1_53' title='bbox 1891 936 2010 990; x_wconf 88' lang='lat' dir='ltr'><strong>me,</strong></span> <span class='ocrx_word' id='word_1_54' title='bbox 2062 916 2166 979; x_wconf 80' lang='lat' dir='ltr'><strong>vel</strong></span> <span class='ocrx_word' id='word_1_55' title='bbox 2215 915 2380 994; x_wconf 88' lang='lat' dir='ltr'><strong>quod</strong></span> <span class='ocrx_word' id='word_1_56' title='bbox 2424 915 2514 975; x_wconf 86' lang='lat' dir='ltr'><strong>sic</strong></span> <span class='ocrx_word' id='word_1_57' title='bbox 2561 934 2812 993; x_wconf 88' lang='lat' dir='ltr'><strong>semper</strong></span> <span class='ocrx_word' id='word_1_58' title='bbox 2856 915 3015 976; x_wconf 83' lang='lat' dir='ltr'><strong>fauit</strong></span> 
     </span>
     <span class='ocr_line' id='line_1_7' title="bbox 606 1012 3017 1093; baseline -0.002 -16"><span class='ocrx_word' id='word_1_59' title='bbox 606 1017 831 1078; x_wconf 82' lang='lat' dir='ltr'><strong>studiis</strong></span> <span class='ocrx_word' id='word_1_60' title='bbox 860 1014 1035 1089; x_wconf 85' lang='lat' dir='ltr'><strong>meis,</strong></span> <span class='ocrx_word' id='word_1_61' title='bbox 1068 1015 1169 1077; x_wconf 82' lang='lat' dir='ltr'><strong>vel</strong></span> <span class='ocrx_word' id='word_1_62' title='bbox 1200 1016 1364 1093; x_wconf 90' lang='lat' dir='ltr'><strong>quod</strong></span> <span class='ocrx_word' id='word_1_63' title='bbox 1394 1017 1846 1092; x_wconf 75' lang='lat' dir='ltr'><strong>argumentum</strong></span> <span class='ocrx_word' id='word_1_64' title='bbox 1872 1017 1969 1076; x_wconf 86' lang='lat' dir='ltr'><strong>est</strong></span> <span class='ocrx_word' id='word_1_65' title='bbox 1994 1014 2130 1091; x_wconf 84' lang='lat' dir='ltr'><strong>ipso</strong></span> <span class='ocrx_word' id='word_1_66' title='bbox 2159 1016 2374 1075; x_wconf 88' lang='lat' dir='ltr'><strong>autore</strong></span> <span class='ocrx_word' id='word_1_67' title='bbox 2408 1016 2771 1090; x_wconf 84' lang='lat' dir='ltr'><strong>susceptum</strong></span> <span class='ocrx_word' id='word_1_68' title='bbox 2796 1012 3017 1090; x_wconf 83' lang='lat' dir='ltr'><strong>ipsius·</strong></span> 
     </span>
     <span class='ocr_line' id='line_1_8' title="bbox 607 1110 3016 1193; baseline -0.002 -17"><span class='ocrx_word' id='word_1_69' title='bbox 607 1135 728 1193; x_wconf 90' lang='lat' dir='ltr'><strong>que</strong></span> <span class='ocrx_word' id='word_1_70' title='bbox 762 1113 1138 1192; x_wconf 87' lang='lat' dir='ltr'><strong>inscriptum</strong></span> <span class='ocrx_word' id='word_1_71' title='bbox 1175 1112 1436 1188; x_wconf 83' lang='lat' dir='ltr'><strong>nomini,</strong></span> <span class='ocrx_word' id='word_1_72' title='bbox 1478 1132 1708 1191; x_wconf 82' lang='lat' dir='ltr'><strong>nempe</strong></span> <span class='ocrx_word' id='word_1_73' title='bbox 1742 1112 2184 1191; x_wconf 83' lang='lat' dir='ltr'><strong>Adagiorum.-</strong></span> <span class='ocrx_word' id='word_1_74' title='bbox 2243 1111 2536 1173; x_wconf 88' lang='lat' dir='ltr'><strong>Poenitet</strong></span> <span class='ocrx_word' id='word_1_75' title='bbox 2573 1110 2761 1171; x_wconf 80' lang='lat' dir='ltr'><strong>enim.</strong></span> <span class='ocrx_word' id='word_1_76' title='bbox 2789 1110 3016 1189; x_wconf 86' lang='lat' dir='ltr'><strong>prioris</strong></span> 
     </span>
     <span class='ocr_line' id='line_1_9' title="bbox 605 1209 3018 1290; baseline -0.002 -16"><span class='ocrx_word' id='word_1_77' title='bbox 605 1213 952 1286; x_wconf 86' lang='lat' dir='ltr'><strong>aeditionis,</strong></span> <span class='ocrx_word' id='word_1_78' title='bbox 994 1212 1098 1272; x_wconf 84' lang='lat' dir='ltr'><strong>vel</strong></span> <span class='ocrx_word' id='word_1_79' title='bbox 1134 1212 1298 1290; x_wconf 89' lang='lat' dir='ltr'><strong>quod</strong></span> <span class='ocrx_word' id='word_1_80' title='bbox 1336 1212 1867 1289; x_wconf 80' lang='lat' dir='ltr'><strong>typographorum</strong></span> <span class='ocrx_word' id='word_1_81' title='bbox 1902 1211 2083 1288; x_wconf 85' lang='lat' dir='ltr'><strong>culpa</strong></span> <span class='ocrx_word' id='word_1_82' title='bbox 2114 1212 2204 1271; x_wconf 89' lang='lat' dir='ltr'><strong>sic</strong></span> <span class='ocrx_word' id='word_1_83' title='bbox 2235 1213 2333 1271; x_wconf 87' lang='lat' dir='ltr'><strong>est</strong></span> <span class='ocrx_word' id='word_1_84' title='bbox 2366 1210 2665 1273; x_wconf 86' lang='lat' dir='ltr'><strong>mendosa</strong></span> <span class='ocrx_word' id='word_1_85' title='bbox 2698 1212 2772 1273; x_wconf 78' lang='lat' dir='ltr'><strong>vt</strong></span> <span class='ocrx_word' id='word_1_86' title='bbox 2809 1209 3018 1273; x_wconf 84' lang='lat' dir='ltr'><strong>studio</strong></span> 
     </span>
     <span class='ocr_line' id='line_1_10' title="bbox 605 1305 3018 1390; baseline -0.003 -17"><span class='ocrx_word' id='word_1_87' title='bbox 605 1313 938 1390; x_wconf 85' lang='lat' dir='ltr'><strong>deprauata</strong></span> <span class='ocrx_word' id='word_1_88' title='bbox 983 1312 1280 1386; x_wconf 82' lang='lat' dir='ltr'><strong>videatur,</strong></span> <span class='ocrx_word' id='word_1_89' title='bbox 1333 1309 1433 1371; x_wconf 84' lang='lat' dir='ltr'><strong>vel</strong></span> <span class='ocrx_word' id='word_1_90' title='bbox 1484 1311 1647 1388; x_wconf 85' lang='lat' dir='ltr'><strong>quod</strong></span> <span class='ocrx_word' id='word_1_91' title='bbox 1697 1309 2149 1388; x_wconf 71' lang='lat' dir='ltr'><strong>instigantibus</strong></span> <span class='ocrx_word' id='word_1_92' title='bbox 2191 1308 2571 1387; x_wconf 87' lang='lat' dir='ltr'><strong>quibusdam</strong></span> <span class='ocrx_word' id='word_1_93' title='bbox 2614 1305 3018 1385; x_wconf 83' lang='lat' dir='ltr'><strong>praecipitaui</strong></span> 
     </span>
    </p>

    <p class='ocr_par' dir='ltr' id='par_1_4' title="bbox 518 1405 3021 1877">
     <span class='ocr_line' id='line_1_11' title="bbox 518 1405 3019 1488; baseline -0.002 -18"><span class='ocrx_word' id='word_1_94' title='bbox 518 1420 580 1485; x_wconf 82' lang='lat'><strong>85</strong></span> <span class='ocrx_word' id='word_1_95' title='bbox 608 1430 779 1488; x_wconf 86' lang='lat' dir='ltr'><strong>opus,</strong></span> <span class='ocrx_word' id='word_1_96' title='bbox 801 1410 965 1488; x_wconf 90' lang='lat' dir='ltr'><strong>quod</strong></span> <span class='ocrx_word' id='word_1_97' title='bbox 986 1409 1144 1469; x_wconf 89' lang='lat' dir='ltr'><strong>mihi</strong></span> <span class='ocrx_word' id='word_1_98' title='bbox 1162 1428 1332 1469; x_wconf 89' lang='lat' dir='ltr'><strong>nunc</strong></span> <span class='ocrx_word' id='word_1_99' title='bbox 1348 1408 1606 1474; x_wconf 86' lang='lat' dir='ltr'><strong>demum</strong></span> <span class='ocrx_word' id='word_1_100' title='bbox 1624 1407 1912 1472; x_wconf 91' lang='lat' dir='ltr'><strong>ieiunum</strong></span> <span class='ocrx_word' id='word_1_101' title='bbox 1926 1411 2116 1486; x_wconf 82' lang='lat' dir='ltr'><strong>atque</strong></span> <span class='ocrx_word' id='word_1_102' title='bbox 2133 1408 2313 1484; x_wconf 82' lang='lat' dir='ltr'><strong>inops</strong></span> <span class='ocrx_word' id='word_1_103' title='bbox 2327 1406 2528 1467; x_wconf 85' lang='lat' dir='ltr'><strong>videri</strong></span> <span class='ocrx_word' id='word_1_104' title='bbox 2543 1405 2764 1482; x_wconf 78' lang='lat' dir='ltr'><strong>coepit,</strong></span> <span class='ocrx_word' id='word_1_105' title='bbox 2786 1408 3019 1482; x_wconf 80' lang='lat' dir='ltr'><strong>postea·</strong></span> 
     </span>
     <span class='ocr_line' id='line_1_12' title="bbox 608 1503 3019 1586; baseline -0.003 -16"><span class='ocrx_word' id='word_1_106' title='bbox 608 1528 800 1586; x_wconf 85' lang='lat' dir='ltr'><strong>quam</strong></span> <span class='ocrx_word' id='word_1_107' title='bbox 841 1510 1107 1570; x_wconf 85' lang='lat' dir='ltr'><strong>Graecos</strong></span> <span class='ocrx_word' id='word_1_108' title='bbox 1148 1506 1359 1568; x_wconf 89' lang='lat' dir='ltr'><strong>euolui</strong></span> <span class='ocrx_word' id='word_1_109' title='bbox 1397 1510 1661 1573; x_wconf 69' lang='lat' dir='ltr'><strong>autores</strong></span> <span class='ocrx_word' id='word_1_110' title='bbox 1752 1506 2086 1570; x_wconf 75' lang='lat' dir='ltr'><strong>Decretum</strong></span> <span class='ocrx_word' id='word_1_111' title='bbox 2128 1508 2225 1566; x_wconf 84' lang='lat' dir='ltr'><strong>est</strong></span> <span class='ocrx_word' id='word_1_112' title='bbox 2251 1504 2448 1582; x_wconf 83' lang='lat' dir='ltr'><strong>igitur</strong></span> <span class='ocrx_word' id='word_1_113' title='bbox 2486 1504 2681 1565; x_wconf 79' lang='lat' dir='ltr'><strong>altera</strong></span> <span class='ocrx_word' id='word_1_114' title='bbox 2709 1503 3019 1566; x_wconf 81' lang='lat' dir='ltr'><strong>aeditione</strong></span> 
     </span>
     <span class='ocr_line' id='line_1_13' title="bbox 609 1585 3021 1683; baseline -0.002 -15"><span class='ocrx_word' id='word_1_115' title='bbox 609 1610 673 1668; x_wconf 87' lang='lat' dir='ltr'><strong>et</strong></span> <span class='ocrx_word' id='word_1_116' title='bbox 736 1627 943 1669; x_wconf 88' lang='lat' dir='ltr'><strong>meam</strong></span> <span class='ocrx_word' id='word_1_117' title='bbox 998 1609 1064 1667; x_wconf 97' lang='lat' dir='ltr'><strong>et</strong></span> <span class='ocrx_word' id='word_1_118' title='bbox 1115 1605 1709 1683; x_wconf 87' lang='lat' dir='ltr'><strong>chalcographorum</strong></span> <span class='ocrx_word' id='word_1_119' title='bbox 1756 1605 2005 1681; x_wconf 89' lang='lat' dir='ltr'><strong>culpam</strong></span> <span class='ocrx_word' id='word_1_120' title='bbox 2060 1603 2303 1679; x_wconf 78' lang='lat' dir='ltr'><strong>sarcire,</strong></span> <span class='ocrx_word' id='word_1_121' title='bbox 2352 1602 2668 1678; x_wconf 88' lang='lat' dir='ltr'><strong>simulque</strong></span> <span class='ocrx_word' id='word_1_122' title='bbox 2722 1585 3021 1662; x_wconf 69' lang='lat' dir='ltr'><strong>studiosis</strong></span> 
     </span>
     <span class='ocr_line' id='line_1_14' title="bbox 606 1700 3019 1782; baseline -0.002 -17"><span class='ocrx_word' id='word_1_123' title='bbox 606 1705 945 1767; x_wconf 83' lang='lat' dir='ltr'><strong>vtilissimo</strong></span> <span class='ocrx_word' id='word_1_124' title='bbox 960 1706 1333 1782; x_wconf 87' lang='lat' dir='ltr'><strong>argumento</strong></span> <span class='ocrx_word' id='word_1_125' title='bbox 1354 1702 1694 1765; x_wconf 87' lang='lat' dir='ltr'><strong>consulere.</strong></span> <span class='ocrx_word' id='word_1_126' title='bbox 1768 1704 2139 1780; x_wconf 74' lang='lat' dir='ltr'><strong>Quanquam</strong></span> <span class='ocrx_word' id='word_1_127' title='bbox 2157 1706 2371 1762; x_wconf 86' lang='lat' dir='ltr'><strong>autem</strong></span> <span class='ocrx_word' id='word_1_128' title='bbox 2390 1700 2647 1762; x_wconf 89' lang='lat' dir='ltr'><strong>interim</strong></span> <span class='ocrx_word' id='word_1_129' title='bbox 2666 1718 2799 1760; x_wconf 90' lang='lat' dir='ltr'><strong>rem</strong></span> <span class='ocrx_word' id='word_1_130' title='bbox 2816 1701 3019 1760; x_wconf 87' lang='lat' dir='ltr'><strong>tracto</strong></span> 
     </span>
     <span class='ocr_line' id='line_1_15' title="bbox 607 1798 3019 1877; baseline -0.002 -12"><span class='ocrx_word' id='word_1_131' title='bbox 607 1805 889 1868; x_wconf 78' lang='lat' dir='ltr'><strong>fortassis</strong></span> <span class='ocrx_word' id='word_1_132' title='bbox 928 1802 1351 1877; x_wconf 88' lang='lat' dir='ltr'><strong>humiliorem,</strong></span> <span class='ocrx_word' id='word_1_133' title='bbox 1381 1803 1593 1863; x_wconf 85' lang='lat' dir='ltr'><strong>tamen</strong></span> <span class='ocrx_word' id='word_1_134' title='bbox 1623 1802 1775 1863; x_wconf 90' lang='lat' dir='ltr'><strong>dum</strong></span> <span class='ocrx_word' id='word_1_135' title='bbox 1817 1801 1885 1864; x_wconf 91' lang='lat' dir='ltr'><strong>in</strong></span> <span class='ocrx_word' id='word_1_136' title='bbox 1918 1801 2296 1864; x_wconf 83' lang='lat' dir='ltr'><strong>Graecorum</strong></span> <span class='ocrx_word' id='word_1_137' title='bbox 2323 1798 2527 1861; x_wconf 88' lang='lat' dir='ltr'><strong>hortis</strong></span> <span class='ocrx_word' id='word_1_138' title='bbox 2549 1818 2781 1874; x_wconf 79' lang='lat' dir='ltr'><strong>versor,</strong></span> <span class='ocrx_word' id='word_1_139' title='bbox 2816 1799 3019 1860; x_wconf 85' lang='lat' dir='ltr'><strong>multa</strong></span> 
     </span>
    </p>

    <p class='ocr_par' dir='ltr' id='par_1_5' title="bbox 519 1896 3073 2370">
     <span class='ocr_line' id='line_1_16' title="bbox 519 1896 3017 1979; baseline -0.004 -13"><span class='ocrx_word' id='word_1_140' title='bbox 519 1926 583 1977; x_wconf 91' lang='lat'><strong>90</strong></span> <span class='ocrx_word' id='word_1_141' title='bbox 609 1903 810 1967; x_wconf 89' lang='lat' dir='ltr'><strong>obiter</strong></span> <span class='ocrx_word' id='word_1_142' title='bbox 844 1904 1104 1979; x_wconf 77' lang='lat' dir='ltr'><strong>decerpo</strong></span> <span class='ocrx_word' id='word_1_143' title='bbox 1131 1901 1200 1961; x_wconf 90' lang='lat' dir='ltr'><strong>in</strong></span> <span class='ocrx_word' id='word_1_144' title='bbox 1237 1902 1557 1977; x_wconf 79' lang='lat' dir='ltr'><strong>posterum</strong></span> <span class='ocrx_word' id='word_1_145' title='bbox 1583 1900 1726 1966; x_wconf 85' lang='lat' dir='ltr'><strong>vsui</strong></span> <span class='ocrx_word' id='word_1_146' title='bbox 1752 1901 1967 1964; x_wconf 83' lang='lat' dir='ltr'><strong>futura</strong></span> <span class='ocrx_word' id='word_1_147' title='bbox 1991 1900 2185 1961; x_wconf 83' lang='lat' dir='ltr'><strong>etiam</strong></span> <span class='ocrx_word' id='word_1_148' title='bbox 2221 1899 2413 1962; x_wconf 82' lang='lat' dir='ltr'><strong>sacris</strong></span> <span class='ocrx_word' id='word_1_149' title='bbox 2450 1897 2518 1957; x_wconf 90' lang='lat' dir='ltr'><strong>in</strong></span> <span class='ocrx_word' id='word_1_150' title='bbox 2543 1896 2764 1961; x_wconf 83' lang='lat' dir='ltr'><strong>literis.</strong></span> <span class='ocrx_word' id='word_1_151' title='bbox 2856 1896 3017 1958; x_wconf 85' lang='lat' dir='ltr'><strong>Nam</strong></span> 
     </span>
     <span class='ocr_line' id='line_1_17' title="bbox 608 1994 3019 2075; baseline -0.002 -12"><span class='ocrx_word' id='word_1_152' title='bbox 608 2001 730 2063; x_wconf 85' lang='lat' dir='ltr'><strong>hoc</strong></span> <span class='ocrx_word' id='word_1_153' title='bbox 784 2019 984 2060; x_wconf 85' lang='lat' dir='ltr'><strong>vnum</strong></span> <span class='ocrx_word' id='word_1_154' title='bbox 1026 2000 1317 2075; x_wconf 87' lang='lat' dir='ltr'><strong>expertus</strong></span> <span class='ocrx_word' id='word_1_155' title='bbox 1368 1996 1567 2074; x_wconf 74' lang='lat' dir='ltr'><strong>video,</strong></span> <span class='ocrx_word' id='word_1_156' title='bbox 1619 1997 1816 2059; x_wconf 89' lang='lat' dir='ltr'><strong>nullis</strong></span> <span class='ocrx_word' id='word_1_157' title='bbox 1872 1998 1941 2062; x_wconf 87' lang='lat' dir='ltr'><strong>in</strong></span> <span class='ocrx_word' id='word_1_158' title='bbox 1998 1997 2197 2059; x_wconf 75' lang='lat' dir='ltr'><strong>literis</strong></span> <span class='ocrx_word' id='word_1_159' title='bbox 2253 2016 2369 2057; x_wconf 91' lang='lat' dir='ltr'><strong>nos</strong></span> <span class='ocrx_word' id='word_1_160' title='bbox 2421 2016 2555 2057; x_wconf 83' lang='lat' dir='ltr'><strong>esse</strong></span> <span class='ocrx_word' id='word_1_161' title='bbox 2598 1994 2838 2073; x_wconf 83' lang='lat' dir='ltr'><strong>aliquid</strong></span> <span class='ocrx_word' id='word_1_162' title='bbox 2883 1996 3019 2057; x_wconf 89' lang='lat' dir='ltr'><strong>sine</strong></span> 
     </span>
     <span class='ocr_line' id='line_1_18' title="bbox 609 2094 3073 2171; baseline -0.001 -13"><span class='ocrx_word' id='word_1_163' title='bbox 609 2096 971 2166; x_wconf 82' lang='lat' dir='ltr'><strong>Graecitate.</strong></span> <span class='ocrx_word' id='word_1_164' title='bbox 1055 2095 1251 2157; x_wconf 88' lang='lat' dir='ltr'><strong>Aliud</strong></span> <span class='ocrx_word' id='word_1_165' title='bbox 1278 2095 1449 2158; x_wconf 88' lang='lat' dir='ltr'><strong>enim</strong></span> <span class='ocrx_word' id='word_1_166' title='bbox 1478 2100 1573 2157; x_wconf 86' lang='lat' dir='ltr'><strong>est</strong></span> <span class='ocrx_word' id='word_1_167' title='bbox 1599 2096 1917 2171; x_wconf 89' lang='lat' dir='ltr'><strong>coniicere,</strong></span> <span class='ocrx_word' id='word_1_168' title='bbox 1950 2095 2121 2158; x_wconf 90' lang='lat' dir='ltr'><strong>aliud</strong></span> <span class='ocrx_word' id='word_1_169' title='bbox 2148 2095 2437 2170; x_wconf 87' lang='lat' dir='ltr'><strong>iudicare,</strong></span> <span class='ocrx_word' id='word_1_170' title='bbox 2468 2095 2642 2156; x_wconf 86' lang='lat' dir='ltr'><strong>aliud</strong></span> <span class='ocrx_word' id='word_1_171' title='bbox 2671 2094 2815 2169; x_wconf 73' lang='lat' dir='ltr'><strong>tuis,</strong></span> <span class='ocrx_word' id='word_1_172' title='bbox 2847 2095 3018 2158; x_wconf 88' lang='lat' dir='ltr'><strong>aliud</strong></span> <span class='ocrx_word' id='word_1_173' title='bbox 3062 2125 3073 2148; x_wconf 61' lang='lat' dir='ltr'>x</span> 
     </span>
     <span class='ocr_line' id='line_1_19' title="bbox 608 2192 3019 2273; baseline -0 -17"><span class='ocrx_word' id='word_1_174' title='bbox 608 2193 832 2256; x_wconf 89' lang='lat' dir='ltr'><strong>alienis</strong></span> <span class='ocrx_word' id='word_1_175' title='bbox 872 2193 1070 2255; x_wconf 87' lang='lat' dir='ltr'><strong>oculis</strong></span> <span class='ocrx_word' id='word_1_176' title='bbox 1106 2194 1366 2255; x_wconf 72' lang='lat' dir='ltr'><strong>credere.</strong></span> <span class='ocrx_word' id='word_1_177' title='bbox 1455 2195 1557 2255; x_wconf 85' lang='lat' dir='ltr'><strong>En</strong></span> <span class='ocrx_word' id='word_1_178' title='bbox 1582 2215 1709 2272; x_wconf 90' lang='lat' dir='ltr'><strong>quo</strong></span> <span class='ocrx_word' id='word_1_179' title='bbox 1734 2196 1934 2258; x_wconf 89' lang='lat' dir='ltr'><strong>creuit</strong></span> <span class='ocrx_word' id='word_1_180' title='bbox 1968 2194 2266 2272; x_wconf 85' lang='lat' dir='ltr'><strong>epistola:</strong></span> <span class='ocrx_word' id='word_1_181' title='bbox 2322 2213 2546 2255; x_wconf 80' lang='lat' dir='ltr'><strong>verum</strong></span> <span class='ocrx_word' id='word_1_182' title='bbox 2584 2194 2673 2256; x_wconf 88' lang='lat' dir='ltr'><strong>sic</strong></span> <span class='ocrx_word' id='word_1_183' title='bbox 2699 2192 3019 2273; x_wconf 85' lang='lat' dir='ltr'><strong>loquacem</strong></span> 
     </span>
     <span class='ocr_line' id='line_1_20' title="bbox 606 2291 2810 2370; baseline 0.001 -17"><span class='ocrx_word' id='word_1_184' title='bbox 606 2312 801 2367; x_wconf 88' lang='lat' dir='ltr'><strong>amor,</strong></span> <span class='ocrx_word' id='word_1_185' title='bbox 833 2311 960 2354; x_wconf 91' lang='lat' dir='ltr'><strong>non</strong></span> <span class='ocrx_word' id='word_1_186' title='bbox 989 2292 1234 2364; x_wconf 84' lang='lat' dir='ltr'><strong>vitium,</strong></span> <span class='ocrx_word' id='word_1_187' title='bbox 1267 2292 1435 2354; x_wconf 85' lang='lat' dir='ltr'><strong>facit.</strong></span> <span class='ocrx_word' id='word_1_188' title='bbox 1507 2291 1695 2367; x_wconf 77' lang='lat' dir='ltr'><strong>Vale,</strong></span> <span class='ocrx_word' id='word_1_189' title='bbox 1727 2291 2086 2355; x_wconf 79' lang='lat' dir='ltr'><strong>doctissime</strong></span> <span class='ocrx_word' id='word_1_190' title='bbox 2110 2296 2298 2370; x_wconf 89' lang='lat' dir='ltr'><strong>atque</strong></span> <span class='ocrx_word' id='word_1_191' title='bbox 2327 2293 2563 2370; x_wconf 88' lang='lat' dir='ltr'><strong>optime</strong></span> <span class='ocrx_word' id='word_1_192' title='bbox 2580 2292 2810 2356; x_wconf 81' lang='lat' dir='ltr'><strong>Oolete.</strong></span> 
     </span>
    </p>

    <p class='ocr_par' dir='ltr' id='par_1_6' title="bbox 517 2390 3021 2858">
     <span class='ocr_line' id='line_1_21' title="bbox 517 2390 3020 2470; baseline 0 -19"><span class='ocrx_word' id='word_1_193' title='bbox 517 2409 581 2461; x_wconf 86' lang='lat'><strong>95</strong></span> <span class='ocrx_word' id='word_1_194' title='bbox 692 2390 941 2451; x_wconf 79' lang='lat' dir='ltr'><strong>Sixtino</strong></span> <span class='ocrx_word' id='word_1_195' title='bbox 975 2393 1190 2451; x_wconf 85' lang='lat' dir='ltr'><strong>nostro</strong></span> <span class='ocrx_word' id='word_1_196' title='bbox 1227 2390 1377 2468; x_wconf 87' lang='lat' dir='ltr'><strong>quid</strong></span> <span class='ocrx_word' id='word_1_197' title='bbox 1416 2390 1727 2466; x_wconf 89' lang='lat' dir='ltr'><strong>acciderit,</strong></span> <span class='ocrx_word' id='word_1_198' title='bbox 1762 2391 1952 2470; x_wconf 88' lang='lat' dir='ltr'><strong>cupio</strong></span> <span class='ocrx_word' id='word_1_199' title='bbox 1988 2410 2394 2470; x_wconf 78' lang='lat' dir='ltr'><strong>cognoscer03</strong></span> <span class='ocrx_word' id='word_1_200' title='bbox 2435 2394 2577 2452; x_wconf 80' lang='lat' dir='ltr'><strong>tum</strong></span> <span class='ocrx_word' id='word_1_201' title='bbox 2618 2392 2767 2468; x_wconf 91' lang='lat' dir='ltr'><strong>quid</strong></span> <span class='ocrx_word' id='word_1_202' title='bbox 2805 2409 3020 2451; x_wconf 89' lang='lat' dir='ltr'><strong>rerum</strong></span> 
     </span>
     <span class='ocr_line' id='line_1_22' title="bbox 606 2488 3019 2565; baseline 0 -17"><span class='ocrx_word' id='word_1_203' title='bbox 606 2491 749 2565; x_wconf 79' lang='lat' dir='ltr'><strong>agat</strong></span> <span class='ocrx_word' id='word_1_204' title='bbox 804 2490 880 2551; x_wconf 89' lang='lat' dir='ltr'><strong>D.</strong></span> <span class='ocrx_word' id='word_1_205' title='bbox 943 2489 1128 2549; x_wconf 82' lang='lat' dir='ltr'><strong>Prior</strong></span> <span class='ocrx_word' id='word_1_206' title='bbox 1181 2488 1534 2549; x_wconf 83' lang='lat' dir='ltr'><strong>Richardus</strong></span> <span class='ocrx_word' id='word_1_207' title='bbox 1588 2488 1967 2564; x_wconf 84' lang='lat' dir='ltr'><strong>Charnocus,</strong></span> <span class='ocrx_word' id='word_1_208' title='bbox 2028 2489 2280 2549; x_wconf 84' lang='lat' dir='ltr'><strong>animus</strong></span> <span class='ocrx_word' id='word_1_209' title='bbox 2334 2493 2500 2549; x_wconf 76' lang='lat' dir='ltr'><strong>tuus·</strong></span> <span class='ocrx_word' id='word_1_210' title='bbox 2589 2489 2726 2564; x_wconf 80' lang='lat' dir='ltr'><strong>Quo</strong></span> <span class='ocrx_word' id='word_1_211' title='bbox 2784 2488 3019 2549; x_wconf 83' lang='lat' dir='ltr'><strong>certius</strong></span> 
     </span>
     <span class='ocr_line' id='line_1_23' title="bbox 608 2585 3015 2665; baseline 0 -19"><span class='ocrx_word' id='word_1_212' title='bbox 608 2586 687 2646; x_wconf 88' lang='lat' dir='ltr'><strong>ad</strong></span> <span class='ocrx_word' id='word_1_213' title='bbox 730 2607 829 2647; x_wconf 89' lang='lat' dir='ltr'><strong>me</strong></span> <span class='ocrx_word' id='word_1_214' title='bbox 868 2587 1258 2665; x_wconf 81' lang='lat' dir='ltr'><strong>perferantur</strong></span> <span class='ocrx_word' id='word_1_215' title='bbox 1296 2606 1371 2647; x_wconf 90' lang='lat' dir='ltr'><strong>ea</strong></span> <span class='ocrx_word' id='word_1_216' title='bbox 1411 2607 1570 2665; x_wconf 84' lang='lat' dir='ltr'><strong>quae</strong></span> <span class='ocrx_word' id='word_1_217' title='bbox 1606 2586 1954 2665; x_wconf 83' lang='lat' dir='ltr'><strong>scripturus</strong></span> <span class='ocrx_word' id='word_1_218' title='bbox 1994 2587 2382 2648; x_wconf 83' lang='lat' dir='ltr'><strong>missurusne</strong></span> <span class='ocrx_word' id='word_1_219' title='bbox 2423 2607 2511 2662; x_wconf 90' lang='lat' dir='ltr'><strong>es,</strong></span> <span class='ocrx_word' id='word_1_220' title='bbox 2553 2586 2795 2647; x_wconf 88' lang='lat' dir='ltr'><strong>iubebis</strong></span> <span class='ocrx_word' id='word_1_221' title='bbox 2835 2585 3015 2647; x_wconf 87' lang='lat' dir='ltr'><strong>reddi</strong></span> 
     </span>
     <span class='ocr_line' id='line_1_24' title="bbox 607 2682 3021 2764; baseline 0.002 -21"><span class='ocrx_word' id='word_1_222' title='bbox 607 2682 695 2743; x_wconf 81' lang='lat' dir='ltr'><strong>M.</strong></span> <span class='ocrx_word' id='word_1_223' title='bbox 734 2683 1184 2762; x_wconf 85' lang='lat' dir='ltr'><strong>Christophoro</strong></span> <span class='ocrx_word' id='word_1_224' title='bbox 1224 2685 1518 2746; x_wconf 82' lang='lat' dir='ltr'><strong>Fischero</strong></span> <span class='ocrx_word' id='word_1_225' title='bbox 1557 2684 1653 2747; x_wconf 89' lang='lat' dir='ltr'><strong>tui</strong></span> <span class='ocrx_word' id='word_1_226' title='bbox 1696 2685 2131 2748; x_wconf 82' lang='lat' dir='ltr'><strong>amantissimo</strong></span> <span class='ocrx_word' id='word_1_227' title='bbox 2173 2686 2582 2764; x_wconf 85' lang='lat' dir='ltr'><strong>omniumque</strong></span> <span class='ocrx_word' id='word_1_228' title='bbox 2619 2684 3021 2748; x_wconf 69' lang='lat' dir='ltr'><strong>literatorum</strong></span> 
     </span>
     <span class='ocr_line' id='line_1_25' title="bbox 609 2782 2945 2858; baseline 0.002 -17"><span class='ocrx_word' id='word_1_229' title='bbox 609 2782 837 2843; x_wconf 84' lang='lat' dir='ltr'><strong>fautori</strong></span> <span class='ocrx_word' id='word_1_230' title='bbox 858 2802 1126 2858; x_wconf 87' lang='lat' dir='ltr'><strong>summo,</strong></span> <span class='ocrx_word' id='word_1_231' title='bbox 1149 2785 1218 2845; x_wconf 91' lang='lat' dir='ltr'><strong>in</strong></span> <span class='ocrx_word' id='word_1_232' title='bbox 1242 2785 1420 2845; x_wconf 87' lang='lat' dir='ltr'><strong>cuius</strong></span> <span class='ocrx_word' id='word_1_233' title='bbox 1447 2783 1691 2845; x_wconf 81' lang='lat' dir='ltr'><strong>familia</strong></span> <span class='ocrx_word' id='word_1_234' title='bbox 1713 2783 2011 2846; x_wconf 87' lang='lat' dir='ltr'><strong>diuersor.</strong></span> <span class='ocrx_word' id='word_1_235' title='bbox 2085 2784 2395 2845; x_wconf 77' lang='lat' dir='ltr'><strong>Luteciae.</strong></span> <span class='ocrx_word' id='word_1_236' title='bbox 2462 2787 2652 2846; x_wconf 68' lang='lat' dir='ltr'><strong>Auno</strong></span> <span class='ocrx_word' id='word_1_237' title='bbox 2674 2804 2945 2846; x_wconf 80' lang='lat'><strong>11.1›.1111.</strong></span> 
     </span>
    </p>
   </div>
   <div class='ocr_carea' id='block_1_3' title="bbox 1212 3009 2422 3076">
    <p class='ocr_par' dir='ltr' id='par_1_7' title="bbox 1212 3009 2422 3076">
     <span class='ocr_line' id='line_1_26' title="bbox 1212 3009 2422 3076; baseline 0.002 -2"><span class='ocrx_word' id='word_1_238' title='bbox 1212 3013 1354 3076; x_wconf 84' lang='lat'><strong>182.</strong></span> <span class='ocrx_word' id='word_1_239' title='bbox 1446 3010 1544 3075; x_wconf 89' lang='lat' dir='ltr'><strong>To</strong></span> <span class='ocrx_word' id='word_1_240' title='bbox 1588 3009 2087 3076; x_wconf 69' lang='lat' dir='ltr'><strong>Cnntsropmen</strong></span> <span class='ocrx_word' id='word_1_241' title='bbox 2132 3010 2422 3076; x_wconf 69' lang='lat' dir='ltr'><strong>F1snssn.</strong></span> 
     </span>
    </p>
   </div>
   <div class='ocr_carea' id='block_1_4' title="bbox 627 3141 2947 3310">
    <p class='ocr_par' dir='ltr' id='par_1_8' title="bbox 627 3141 2947 3310">
     <span class='ocr_line' id='line_1_27' title="bbox 627 3141 2762 3215; baseline 0.003 -16"><span class='ocrx_word' id='word_1_242' title='bbox 627 3141 631 3144; x_wconf 44' lang='lat'><strong><em>⁴</em></strong></span> <span class='ocrx_word' id='word_1_243' title='bbox 677 3146 957 3204; x_wconf 83' lang='lat' dir='ltr'><strong>Vallensis</strong></span> <span class='ocrx_word' id='word_1_244' title='bbox 980 3149 1406 3215; x_wconf 81' lang='lat' dir='ltr'><strong>Adnotationes‚</strong></span> <span class='ocrx_word' id='word_1_245' title='bbox 1436 3149 1548 3204; x_wconf 88' lang='lat' dir='ltr'><strong>Tit.</strong></span> <span class='ocrx_word' id='word_1_246' title='bbox 1579 3156 1657 3205; x_wconf 68' lang='grc' dir='ltr'><strong>νο.</strong></span> <span class='ocrx_word' id='word_1_247' title='bbox 2586 3149 2762 3205; x_wconf 81' lang='lat' dir='ltr'><strong>Paris.</strong></span> 
     </span>
     <span class='ocr_line' id='line_1_28' title="bbox 679 3233 2947 3310; baseline 0.002 -21"><span class='ocrx_word' id='word_1_248' title='bbox 679 3233 743 3292; x_wconf 79' lang='lat' dir='ltr'><strong>E.</strong></span> <span class='ocrx_word' id='word_1_249' title='bbox 770 3255 822 3306; x_wconf 91' lang='lat' dir='ltr'><strong>p.</strong></span> <span class='ocrx_word' id='word_1_250' title='bbox 854 3250 950 3308; x_wconf 80' lang='lat'><strong>51:</strong></span> <span class='ocrx_word' id='word_1_251' title='bbox 989 3236 1048 3291; x_wconf 82' lang='lat' dir='ltr'><strong>F.</strong></span> <span class='ocrx_word' id='word_1_252' title='bbox 1078 3255 1131 3308; x_wconf 87' lang='lat' dir='ltr'><strong>p.</strong></span> <span class='ocrx_word' id='word_1_253' title='bbox 1162 3253 1297 3293; x_wconf 83' lang='lat'>221:</span> <span class='ocrx_word' id='word_1_254' title='bbox 1335 3235 1477 3291; x_wconf 83' lang='lat' dir='ltr'><strong>HN:</strong></span> <span class='ocrx_word' id='word_1_255' title='bbox 1517 3235 1690 3291; x_wconf 88' lang='lat' dir='ltr'><strong>Lond.</strong></span> <span class='ocrx_word' id='word_1_256' title='bbox 1720 3235 1789 3292; x_wconf 87' lang='lat' dir='ltr'><strong>iv.</strong></span> <span class='ocrx_word' id='word_1_257' title='bbox 1822 3251 1887 3305; x_wconf 85' lang='lat'><strong>7:</strong></span> <span class='ocrx_word' id='word_1_258' title='bbox 1928 3236 2036 3293; x_wconf 89' lang='lat' dir='ltr'><strong>LB.</strong></span> <span class='ocrx_word' id='word_1_259' title='bbox 2072 3252 2187 3307; x_wconf 89' lang='lat'>103.</span> <span class='ocrx_word' id='word_1_260' title='bbox 2407 3234 2491 3309; x_wconf 84' lang='lat' dir='ltr'><strong>(c.</strong></span> <span class='ocrx_word' id='word_1_261' title='bbox 2521 3235 2755 3309; x_wconf 82' lang='lat' dir='ltr'><strong>March)</strong></span> <span class='ocrx_word' id='word_1_262' title='bbox 2792 3252 2947 3310; x_wconf 78' lang='lat'><strong>1505.</strong></span> 
     </span>
    </p>
   </div>
   <div class='ocr_carea' id='block_1_5' title="bbox 605 3355 3022 3683">
    <p class='ocr_par' dir='ltr' id='par_1_9' title="bbox 605 3355 3022 3611">
     <span class='ocr_line' id='line_1_29' title="bbox 672 3355 3022 3418; baseline 0.002 -16"><span class='ocrx_word' id='word_1_263' title='bbox 672 3355 804 3418; x_wconf 85' lang='lat' dir='ltr'><strong>[The</strong></span> <span class='ocrx_word' id='word_1_264' title='bbox 827 3357 1037 3417; x_wconf 73' lang='lat' dir='ltr'><strong>preface</strong></span> <span class='ocrx_word' id='word_1_265' title='bbox 1070 3361 1125 3407; x_wconf 91' lang='lat' dir='ltr'><strong>to</strong></span> <span class='ocrx_word' id='word_1_266' title='bbox 1149 3361 1395 3407; x_wconf 64' lang='lat' dir='ltr'><strong>Laurentis</strong></span> <span class='ocrx_word' id='word_1_267' title='bbox 1426 3362 1654 3406; x_wconf 54' lang='lat' dir='ltr'><strong>Valens&amp;</strong></span> <span class='ocrx_word' id='word_1_268' title='bbox 1681 3394 1692 3406; x_wconf 92' lang='lat'><strong>.</strong></span> <span class='ocrx_word' id='word_1_269' title='bbox 1719 3395 1732 3407; x_wconf 90' lang='lat'><strong>.</strong></span> <span class='ocrx_word' id='word_1_270' title='bbox 1759 3393 1772 3408; x_wconf 93' lang='lat'><strong>.</strong></span> <span class='ocrx_word' id='word_1_271' title='bbox 1798 3361 1853 3405; x_wconf 76' lang='lat' dir='ltr'><strong>in</strong></span> <span class='ocrx_word' id='word_1_272' title='bbox 1882 3361 2105 3407; x_wconf 73' lang='lat' dir='ltr'><strong>Latinam</strong></span> <span class='ocrx_word' id='word_1_273' title='bbox 2135 3361 2262 3406; x_wconf 69' lang='lat' dir='ltr'><strong>Noui</strong></span> <span class='ocrx_word' id='word_1_274' title='bbox 2295 3363 2568 3408; x_wconf 72' lang='lat' dir='ltr'><strong>Testamenti</strong></span> <span class='ocrx_word' id='word_1_275' title='bbox 2596 3363 3022 3418; x_wconf 64' lang='lat' dir='ltr'><strong>interm-dationem</strong></span> 
     </span>
     <span class='ocr_line' id='line_1_30' title="bbox 605 3422 3021 3487; baseline 0.003 -21"><span class='ocrx_word' id='word_1_276' title='bbox 605 3435 664 3467; x_wconf 73' lang='lat' dir='ltr'><strong>ex</strong></span> <span class='ocrx_word' id='word_1_277' title='bbox 696 3425 931 3470; x_wconf 68' lang='lat' dir='ltr'><strong>collatione</strong></span> <span class='ocrx_word' id='word_1_278' title='bbox 966 3427 1247 3471; x_wconf 77' lang='lat' dir='ltr'><strong>Graecorum</strong></span> <span class='ocrx_word' id='word_1_279' title='bbox 1278 3427 1618 3483; x_wconf 58' lang='lat' dir='ltr'><strong>exemplarium</strong></span> <span class='ocrx_word' id='word_1_280' title='bbox 1652 3426 2008 3485; x_wconf 74' lang='lat' dir='ltr'><strong>Adnotaeiones,</strong></span> <span class='ocrx_word' id='word_1_281' title='bbox 2040 3422 2210 3481; x_wconf 71' lang='lat' dir='ltr'><strong>PariS,</strong></span> <span class='ocrx_word' id='word_1_282' title='bbox 2231 3423 2447 3486; x_wconf 79' lang='lat' dir='ltr'><strong>Badius,</strong></span> <span class='ocrx_word' id='word_1_283' title='bbox 2483 3440 2541 3486; x_wconf 85' lang='lat'><strong>¹3</strong></span> <span class='ocrx_word' id='word_1_284' title='bbox 2563 3424 2723 3486; x_wconf 86' lang='lat' dir='ltr'><strong>April</strong></span> <span class='ocrx_word' id='word_1_285' title='bbox 2760 3439 2891 3487; x_wconf 84' lang='lat'><strong>1505</strong></span> <span class='ocrx_word' id='word_1_286' title='bbox 2915 3424 3021 3487; x_wconf 81' lang='grc' dir='ltr'>(α).</span> 
     </span>
     <span class='ocr_line' id='line_1_31' title="bbox 607 3485 3022 3553; baseline 0.002 -19"><span class='ocrx_word' id='word_1_287' title='bbox 607 3486 684 3534; x_wconf 79' lang='lat' dir='ltr'><strong>As</strong></span> <span class='ocrx_word' id='word_1_288' title='bbox 707 3485 802 3546; x_wconf 81' lang='lat' dir='ltr'><strong>Ep.</strong></span> <span class='ocrx_word' id='word_1_289' title='bbox 830 3487 939 3546; x_wconf 82' lang='lat'><strong>183.</strong></span> <span class='ocrx_word' id='word_1_290' title='bbox 966 3488 1146 3537; x_wconf 81' lang='lat' dir='ltr'><strong>which</strong></span> <span class='ocrx_word' id='word_1_291' title='bbox 1172 3487 1383 3537; x_wconf 78' lang='lat' dir='ltr'><strong>follows</strong></span> <span class='ocrx_word' id='word_1_292' title='bbox 1417 3488 1533 3537; x_wconf 79' lang='lat' dir='ltr'><strong>this</strong></span> <span class='ocrx_word' id='word_1_293' title='bbox 1565 3489 1802 3552; x_wconf 79' lang='lat' dir='ltr'><strong>direetly</strong></span> <span class='ocrx_word' id='word_1_294' title='bbox 1823 3490 1883 3538; x_wconf 88' lang='lat' dir='ltr'><strong>in</strong></span> <span class='ocrx_word' id='word_1_295' title='bbox 1916 3506 1963 3551; x_wconf 81' lang='grc' dir='ltr'><strong>α,</strong></span> <span class='ocrx_word' id='word_1_296' title='bbox 1993 3489 2041 3537; x_wconf 82' lang='lat' dir='ltr'><strong>is</strong></span> <span class='ocrx_word' id='word_1_297' title='bbox 2073 3488 2236 3537; x_wconf 78' lang='lat' dir='ltr'><strong>dated</strong></span> <span class='ocrx_word' id='word_1_298' title='bbox 2273 3504 2300 3550; x_wconf 84' lang='lat'><strong>7</strong></span> <span class='ocrx_word' id='word_1_299' title='bbox 2326 3489 2513 3540; x_wconf 74' lang='lat' dir='ltr'><strong>March</strong></span> <span class='ocrx_word' id='word_1_300' title='bbox 2542 3504 2689 3553; x_wconf 80' lang='lat'><strong>1505,</strong></span> <span class='ocrx_word' id='word_1_301' title='bbox 2706 3490 2823 3540; x_wconf 76' lang='lat' dir='ltr'><strong>this</strong></span> <span class='ocrx_word' id='word_1_302' title='bbox 2855 3490 3022 3539; x_wconf 77' lang='lat' dir='ltr'><strong>letter</strong></span> 
     </span>
     <span class='ocr_line' id='line_1_32' title="bbox 608 3552 1663 3611; baseline 0.004 -12"><span class='ocrx_word' id='word_1_303' title='bbox 608 3564 735 3611; x_wconf 79' lang='lat' dir='ltr'><strong>may</strong></span> <span class='ocrx_word' id='word_1_304' title='bbox 759 3552 823 3598; x_wconf 90' lang='lat' dir='ltr'><strong>be</strong></span> <span class='ocrx_word' id='word_1_305' title='bbox 846 3552 1006 3601; x_wconf 89' lang='lat' dir='ltr'><strong>dated</strong></span> <span class='ocrx_word' id='word_1_306' title='bbox 1030 3554 1194 3603; x_wconf 87' lang='lat' dir='ltr'><strong>about</strong></span> <span class='ocrx_word' id='word_1_307' title='bbox 1217 3553 1312 3603; x_wconf 86' lang='lat' dir='ltr'><strong>the</strong></span> <span class='ocrx_word' id='word_1_308' title='bbox 1336 3569 1483 3603; x_wconf 86' lang='lat' dir='ltr'><strong>same</strong></span> <span class='ocrx_word' id='word_1_309' title='bbox 1507 3556 1663 3603; x_wconf 87' lang='lat' dir='ltr'><strong>time.</strong></span> 
     </span>
    </p>

    <p class='ocr_par' dir='ltr' id='par_1_10' title="bbox 672 3615 3016 3683">
     <span class='ocr_line' id='line_1_33' title="bbox 672 3615 3016 3683; baseline 0.002 -20"><span class='ocrx_word' id='word_1_310' title='bbox 672 3616 721 3663; x_wconf 81' lang='lat' dir='ltr'>A</span> <span class='ocrx_word' id='word_1_311' title='bbox 744 3615 957 3678; x_wconf 89' lang='lat' dir='ltr'><strong>couplet</strong></span> <span class='ocrx_word' id='word_1_312' title='bbox 980 3620 1038 3667; x_wconf 88' lang='lat' dir='ltr'><strong>in</strong></span> <span class='ocrx_word' id='word_1_313' title='bbox 1057 3619 1152 3667; x_wconf 88' lang='lat' dir='ltr'><strong>the</strong></span> <span class='ocrx_word' id='word_1_314' title='bbox 1173 3620 1413 3682; x_wconf 83' lang='lat' dir='ltr'><strong>epigram</strong></span> <span class='ocrx_word' id='word_1_315' title='bbox 1436 3620 1498 3669; x_wconf 79' lang='lat' dir='ltr'><strong>of</strong></span> <span class='ocrx_word' id='word_1_316' title='bbox 1514 3619 1721 3669; x_wconf 84' lang='lat' dir='ltr'><strong>Badius</strong></span> <span class='ocrx_word' id='word_1_317' title='bbox 1743 3620 1798 3668; x_wconf 90' lang='lat' dir='ltr'><strong>to</strong></span> <span class='ocrx_word' id='word_1_318' title='bbox 1819 3618 2025 3680; x_wconf 84' lang='lat' dir='ltr'><strong>Fisher,</strong></span> <span class='ocrx_word' id='word_1_319' title='bbox 2039 3619 2221 3669; x_wconf 82' lang='lat' dir='ltr'><strong>which</strong></span> <span class='ocrx_word' id='word_1_320' title='bbox 2239 3619 2450 3669; x_wconf 81' lang='lat' dir='ltr'><strong>follows</strong></span> <span class='ocrx_word' id='word_1_321' title='bbox 2471 3621 2566 3669; x_wconf 88' lang='lat' dir='ltr'><strong>the</strong></span> <span class='ocrx_word' id='word_1_322' title='bbox 2589 3620 2857 3683; x_wconf 74' lang='lat' dir='ltr'><strong>colophon</strong></span> <span class='ocrx_word' id='word_1_323' title='bbox 2884 3621 2943 3669; x_wconf 90' lang='lat' dir='ltr'><strong>in</strong></span> <span class='ocrx_word' id='word_1_324' title='bbox 2966 3637 3016 3681; x_wconf 76' lang='lat' dir='ltr'><strong>a,</strong></span> 
     </span>
    </p>
   </div>
   <div class='ocr_carea' id='block_1_6' title="bbox 1129 3698 2461 3838">
    <p class='ocr_par' dir='ltr' id='par_1_11' title="bbox 1129 3698 2461 3838">
     <span class='ocr_line' id='line_1_34' title="bbox 1129 3698 2461 3773; baseline 0.002 -15"><span class='ocrx_word' id='word_1_325' title='bbox 1129 3708 1303 3758; x_wconf 75' lang='lat' dir='ltr'><strong>Multa</strong></span> <span class='ocrx_word' id='word_1_326' title='bbox 1337 3722 1550 3772; x_wconf 83' lang='lat' dir='ltr'><strong>quoque</strong></span> <span class='ocrx_word' id='word_1_327' title='bbox 1586 3710 1816 3759; x_wconf 81' lang='lat' dir='ltr'><strong>Erasmo</strong></span> <span class='ocrx_word' id='word_1_328' title='bbox 1849 3709 2135 3759; x_wconf 87' lang='lat' dir='ltr'><strong>debebitur</strong></span> <span class='ocrx_word' id='word_1_329' title='bbox 2166 3698 2461 3773; x_wconf 82' lang='lat' dir='ltr'><strong>ingeniose,</strong></span> 
     </span>
     <span class='ocr_line' id='line_1_35' title="bbox 1197 3774 2277 3838; baseline 0.001 -15"><span class='ocrx_word' id='word_1_330' title='bbox 1197 3774 1476 3836; x_wconf 77' lang='lat' dir='ltr'><strong>Multaque</strong></span> <span class='ocrx_word' id='word_1_331' title='bbox 1512 3775 1769 3825; x_wconf 80' lang='lat' dir='ltr'><strong>Parcensi</strong></span> <span class='ocrx_word' id='word_1_332' title='bbox 1802 3776 1976 3838; x_wconf 84' lang='lat' dir='ltr'><strong>gratia</strong></span> <span class='ocrx_word' id='word_1_333' title='bbox 2007 3777 2277 3838; x_wconf 86' lang='lat' dir='ltr'><strong>coenobio,</strong></span> 
     </span>
    </p>
   </div>
   <div class='ocr_carea' id='block_1_7' title="bbox 607 3859 3025 4453">
    <p class='ocr_par' dir='ltr' id='par_1_12' title="bbox 607 3859 3025 4453">
     <span class='ocr_line' id='line_1_36' title="bbox 608 3859 3014 3931; baseline 0.003 -23"><span class='ocrx_word' id='word_1_334' title='bbox 608 3859 874 3931; x_wconf 77' lang='lat' dir='ltr'><strong>indicates</strong></span> <span class='ocrx_word' id='word_1_335' title='bbox 897 3862 1018 3911; x_wconf 86' lang='lat' dir='ltr'><strong>that</strong></span> <span class='ocrx_word' id='word_1_336' title='bbox 1040 3862 1135 3912; x_wconf 88' lang='lat' dir='ltr'><strong>the</strong></span> <span class='ocrx_word' id='word_1_337' title='bbox 1158 3866 1496 3928; x_wconf 83' lang='lat' dir='ltr'><strong>manuscript</strong></span> <span class='ocrx_word' id='word_1_338' title='bbox 1518 3880 1631 3915; x_wconf 78' lang='lat' dir='ltr'><strong>was</strong></span> <span class='ocrx_word' id='word_1_339' title='bbox 1653 3865 1829 3915; x_wconf 85' lang='lat' dir='ltr'><strong>found</strong></span> <span class='ocrx_word' id='word_1_340' title='bbox 1846 3866 1921 3927; x_wconf 80' lang='lat' dir='ltr'><strong>by</strong></span> <span class='ocrx_word' id='word_1_341' title='bbox 1936 3866 2192 3915; x_wconf 70' lang='lat' dir='ltr'><strong>Erasmus</strong></span> <span class='ocrx_word' id='word_1_342' title='bbox 2214 3868 2274 3916; x_wconf 88' lang='lat' dir='ltr'><strong>in</strong></span> <span class='ocrx_word' id='word_1_343' title='bbox 2298 3866 2396 3916; x_wconf 83' lang='lat' dir='ltr'><strong>the</strong></span> <span class='ocrx_word' id='word_1_344' title='bbox 2414 3867 3014 3917; x_wconf 70' lang='lat' dir='ltr'><strong>Praemonstratensian</strong></span> 
     </span>
     <span class='ocr_line' id='line_1_37' title="bbox 607 3926 3017 3996; baseline 0.002 -22"><span class='ocrx_word' id='word_1_345' title='bbox 607 3926 797 3988; x_wconf 84' lang='lat' dir='ltr'><strong>Abbey</strong></span> <span class='ocrx_word' id='word_1_346' title='bbox 830 3926 888 3974; x_wconf 82' lang='lat' dir='ltr'><strong>of</strong></span> <span class='ocrx_word' id='word_1_347' title='bbox 917 3926 1066 3986; x_wconf 83' lang='lat' dir='ltr'><strong>Parc,</strong></span> <span class='ocrx_word' id='word_1_348' title='bbox 1099 3929 1283 3978; x_wconf 84' lang='lat' dir='ltr'><strong>which</strong></span> <span class='ocrx_word' id='word_1_349' title='bbox 1318 3930 1416 3979; x_wconf 81' lang='lat' dir='ltr'><strong>lies</strong></span> <span class='ocrx_word' id='word_1_350' title='bbox 1444 3930 1560 3992; x_wconf 69' lang='lat' dir='ltr'><strong>Just</strong></span> <span class='ocrx_word' id='word_1_351' title='bbox 1594 3930 1810 3980; x_wconf 83' lang='lat' dir='ltr'><strong>outside</strong></span> <span class='ocrx_word' id='word_1_352' title='bbox 1846 3931 1941 3980; x_wconf 87' lang='lat' dir='ltr'><strong>the</strong></span> <span class='ocrx_word' id='word_1_353' title='bbox 1976 3931 2130 3980; x_wconf 82' lang='lat' dir='ltr'><strong>walls</strong></span> <span class='ocrx_word' id='word_1_354' title='bbox 2162 3932 2221 3981; x_wconf 77' lang='lat' dir='ltr'><strong>of</strong></span> <span class='ocrx_word' id='word_1_355' title='bbox 2250 3933 2507 3982; x_wconf 86' lang='lat' dir='ltr'><strong>Louvain.</strong></span> <span class='ocrx_word' id='word_1_356' title='bbox 2586 3932 2674 3982; x_wconf 84' lang='lat' dir='ltr'><strong>He</strong></span> <span class='ocrx_word' id='word_1_357' title='bbox 2703 3933 2936 3996; x_wconf 78' lang='lat' dir='ltr'><strong>brought</strong></span> <span class='ocrx_word' id='word_1_358' title='bbox 2972 3934 3017 3981; x_wconf 88' lang='lat' dir='ltr'><strong>it</strong></span> 
     </span>
     <span class='ocr_line' id='line_1_38' title="bbox 608 3990 2905 4061; baseline 0.003 -22"><span class='ocrx_word' id='word_1_359' title='bbox 608 3994 666 4040; x_wconf 92' lang='lat' dir='ltr'><strong>to</strong></span> <span class='ocrx_word' id='word_1_360' title='bbox 692 3990 858 4053; x_wconf 88' lang='lat' dir='ltr'><strong>Paris,</strong></span> <span class='ocrx_word' id='word_1_361' title='bbox 882 3992 990 4040; x_wconf 86' lang='lat' dir='ltr'><strong>and</strong></span> <span class='ocrx_word' id='word_1_362' title='bbox 1014 3992 1232 4043; x_wconf 78' lang='lat' dir='ltr'><strong>shewed</strong></span> <span class='ocrx_word' id='word_1_363' title='bbox 1256 3996 1301 4043; x_wconf 89' lang='lat' dir='ltr'><strong>it</strong></span> <span class='ocrx_word' id='word_1_364' title='bbox 1323 3998 1381 4043; x_wconf 90' lang='lat' dir='ltr'><strong>to</strong></span> <span class='ocrx_word' id='word_1_365' title='bbox 1405 3997 1495 4045; x_wconf 78' lang='lat' dir='ltr'><strong>his</strong></span> <span class='ocrx_word' id='word_1_366' title='bbox 1517 3997 1641 4046; x_wconf 83' lang='lat' dir='ltr'><strong>host</strong></span> <span class='ocrx_word' id='word_1_367' title='bbox 1666 3996 1875 4058; x_wconf 81' lang='lat' dir='ltr'><strong>Fisher,</strong></span> <span class='ocrx_word' id='word_1_368' title='bbox 1905 3997 2027 4046; x_wconf 81' lang='lat' dir='ltr'><strong>who</strong></span> <span class='ocrx_word' id='word_1_369' title='bbox 2045 3997 2343 4059; x_wconf 80' lang='lat' dir='ltr'><strong>persuaded</strong></span> <span class='ocrx_word' id='word_1_370' title='bbox 2364 3997 2481 4046; x_wconf 87' lang='lat' dir='ltr'><strong>him</strong></span> <span class='ocrx_word' id='word_1_371' title='bbox 2501 4001 2558 4047; x_wconf 86' lang='lat' dir='ltr'><strong>to</strong></span> <span class='ocrx_word' id='word_1_372' title='bbox 2581 3998 2804 4061; x_wconf 83' lang='lat' dir='ltr'><strong>publish</strong></span> <span class='ocrx_word' id='word_1_373' title='bbox 2839 3999 2905 4048; x_wconf 90' lang='lat' dir='ltr'><strong>it.</strong></span> 
     </span>
     <span class='ocr_line' id='line_1_39' title="bbox 676 4057 3017 4128; baseline 0.004 -23"><span class='ocrx_word' id='word_1_374' title='bbox 676 4057 1029 4120; x_wconf 76' lang='lat' dir='ltr'><strong>christopher</strong></span> <span class='ocrx_word' id='word_1_375' title='bbox 1058 4059 1249 4108; x_wconf 79' lang='lat' dir='ltr'><strong>Fisher</strong></span> <span class='ocrx_word' id='word_1_376' title='bbox 1283 4061 1342 4123; x_wconf 81' lang='lat'><strong>(†</strong></span> <span class='ocrx_word' id='word_1_377' title='bbox 1366 4062 1512 4125; x_wconf 86' lang='lat'>1511)</span> <span class='ocrx_word' id='word_1_378' title='bbox 1544 4076 1657 4111; x_wconf 81' lang='lat' dir='ltr'><strong>was</strong></span> <span class='ocrx_word' id='word_1_379' title='bbox 1687 4077 1760 4111; x_wconf 87' lang='lat' dir='ltr'><strong>an</strong></span> <span class='ocrx_word' id='word_1_380' title='bbox 1794 4061 2156 4125; x_wconf 80' lang='lat' dir='ltr'><strong>Englishman</strong></span> <span class='ocrx_word' id='word_1_381' title='bbox 2188 4065 2249 4112; x_wconf 90' lang='lat' dir='ltr'><strong>in</strong></span> <span class='ocrx_word' id='word_1_382' title='bbox 2280 4062 2375 4112; x_wconf 88' lang='lat' dir='ltr'><strong>the</strong></span> <span class='ocrx_word' id='word_1_383' title='bbox 2405 4065 2609 4113; x_wconf 81' lang='lat' dir='ltr'><strong>service</strong></span> <span class='ocrx_word' id='word_1_384' title='bbox 2639 4064 2699 4113; x_wconf 75' lang='lat' dir='ltr'><strong>of</strong></span> <span class='ocrx_word' id='word_1_385' title='bbox 2723 4064 2820 4113; x_wconf 83' lang='lat' dir='ltr'><strong>the</strong></span> <span class='ocrx_word' id='word_1_386' title='bbox 2852 4063 3017 4128; x_wconf 76' lang='lat' dir='ltr'><strong>Papal</strong></span> 
     </span>
     <span class='ocr_line' id='line_1_40' title="bbox 610 4122 3025 4191; baseline 0.003 -20"><span class='ocrx_word' id='word_1_387' title='bbox 610 4122 791 4183; x_wconf 87' lang='lat' dir='ltr'><strong>Court,</strong></span> <span class='ocrx_word' id='word_1_388' title='bbox 825 4124 963 4171; x_wconf 80' lang='lat' dir='ltr'><strong>with</strong></span> <span class='ocrx_word' id='word_1_389' title='bbox 998 4125 1177 4174; x_wconf 82' lang='lat' dir='ltr'><strong>whom</strong></span> <span class='ocrx_word' id='word_1_390' title='bbox 1212 4125 1467 4175; x_wconf 82' lang='lat' dir='ltr'><strong>Erasmus</strong></span> <span class='ocrx_word' id='word_1_391' title='bbox 1503 4126 1699 4190; x_wconf 81' lang='lat' dir='ltr'><strong>lodged</strong></span> <span class='ocrx_word' id='word_1_392' title='bbox 1733 4142 1805 4176; x_wconf 88' lang='lat' dir='ltr'><strong>on</strong></span> <span class='ocrx_word' id='word_1_393' title='bbox 1840 4130 2128 4191; x_wconf 85' lang='lat' dir='ltr'><strong>returning</strong></span> <span class='ocrx_word' id='word_1_394' title='bbox 2167 4131 2223 4177; x_wconf 89' lang='lat' dir='ltr'><strong>to</strong></span> <span class='ocrx_word' id='word_1_395' title='bbox 2264 4128 2417 4177; x_wconf 80' lang='lat' dir='ltr'><strong>Paris</strong></span> <span class='ocrx_word' id='word_1_396' title='bbox 2457 4128 2517 4179; x_wconf 90' lang='lat' dir='ltr'><strong>in</strong></span> <span class='ocrx_word' id='word_1_397' title='bbox 2558 4129 2655 4177; x_wconf 85' lang='lat' dir='ltr'><strong>the</strong></span> <span class='ocrx_word' id='word_1_398' title='bbox 2694 4131 2926 4178; x_wconf 83' lang='lat' dir='ltr'><strong>autumn</strong></span> <span class='ocrx_word' id='word_1_399' title='bbox 2965 4128 3025 4178; x_wconf 77' lang='lat' dir='ltr'><strong>of</strong></span> 
     </span>
     <span class='ocr_line' id='line_1_41' title="bbox 616 4189 3021 4256; baseline 0.003 -20"><span class='ocrx_word' id='word_1_400' title='bbox 616 4201 755 4249; x_wconf 81' lang='lat'><strong>1504.</strong></span> <span class='ocrx_word' id='word_1_401' title='bbox 825 4189 909 4238; x_wconf 85' lang='lat' dir='ltr'><strong>He</strong></span> <span class='ocrx_word' id='word_1_402' title='bbox 949 4203 1059 4238; x_wconf 81' lang='lat' dir='ltr'><strong>was</strong></span> <span class='ocrx_word' id='word_1_403' title='bbox 1097 4193 1155 4239; x_wconf 88' lang='lat' dir='ltr'><strong>at</strong></span> <span class='ocrx_word' id='word_1_404' title='bbox 1192 4192 1307 4240; x_wconf 78' lang='lat' dir='ltr'><strong>thie</strong></span> <span class='ocrx_word' id='word_1_405' title='bbox 1346 4192 1483 4240; x_wconf 89' lang='lat' dir='ltr'><strong>time</strong></span> <span class='ocrx_word' id='word_1_406' title='bbox 1518 4191 1684 4255; x_wconf 83' lang='lat' dir='ltr'><strong>Papal</strong></span> <span class='ocrx_word' id='word_1_407' title='bbox 1722 4192 2114 4256; x_wconf 84' lang='lat' dir='ltr'><strong>Protonotary;</strong></span> <span class='ocrx_word' id='word_1_408' title='bbox 2158 4194 2256 4242; x_wconf 88' lang='lat' dir='ltr'><strong>but</strong></span> <span class='ocrx_word' id='word_1_409' title='bbox 2289 4194 2350 4242; x_wconf 87' lang='lat' dir='ltr'><strong>in</strong></span> <span class='ocrx_word' id='word_1_410' title='bbox 2389 4197 2516 4254; x_wconf 82' lang='lat'><strong>1506</strong></span> <span class='ocrx_word' id='word_1_411' title='bbox 2546 4194 2636 4244; x_wconf 77' lang='lat' dir='ltr'><strong>his</strong></span> <span class='ocrx_word' id='word_1_412' title='bbox 2668 4196 2873 4244; x_wconf 70' lang='lat' dir='ltr'><strong>service</strong></span> <span class='ocrx_word' id='word_1_413' title='bbox 2907 4210 3021 4243; x_wconf 69' lang='lat' dir='ltr'><strong>was</strong></span> 
     </span>
     <span class='ocr_line' id='line_1_42' title="bbox 610 4254 3020 4323; baseline 0.003 -21"><span class='ocrx_word' id='word_1_414' title='bbox 610 4254 887 4323; x_wconf 83' lang='lat' dir='ltr'><strong>rewarded</strong></span> <span class='ocrx_word' id='word_1_415' title='bbox 919 4255 993 4318; x_wconf 81' lang='lat' dir='ltr'><strong>by</strong></span> <span class='ocrx_word' id='word_1_416' title='bbox 1027 4256 1120 4304; x_wconf 83' lang='lat' dir='ltr'><strong>the</strong></span> <span class='ocrx_word' id='word_1_417' title='bbox 1156 4256 1255 4306; x_wconf 84' lang='lat' dir='ltr'><strong>See</strong></span> <span class='ocrx_word' id='word_1_418' title='bbox 1291 4257 1352 4306; x_wconf 76' lang='lat' dir='ltr'><strong>of</strong></span> <span class='ocrx_word' id='word_1_419' title='bbox 1382 4257 1588 4320; x_wconf 82' lang='lat' dir='ltr'><strong>Elphin</strong></span> <span class='ocrx_word' id='word_1_420' title='bbox 1623 4258 1685 4306; x_wconf 91' lang='lat' dir='ltr'><strong>in</strong></span> <span class='ocrx_word' id='word_1_421' title='bbox 1723 4258 1962 4321; x_wconf 85' lang='lat' dir='ltr'><strong>Ireland,</strong></span> <span class='ocrx_word' id='word_1_422' title='bbox 2000 4259 2186 4308; x_wconf 81' lang='lat' dir='ltr'><strong>which</strong></span> <span class='ocrx_word' id='word_1_423' title='bbox 2223 4259 2293 4308; x_wconf 91' lang='lat' dir='ltr'><strong>he</strong></span> <span class='ocrx_word' id='word_1_424' title='bbox 2337 4260 2383 4308; x_wconf 80' lang='lat' dir='ltr'><strong>is</strong></span> <span class='ocrx_word' id='word_1_425' title='bbox 2415 4259 2533 4309; x_wconf 84' lang='lat' dir='ltr'><strong>said</strong></span> <span class='ocrx_word' id='word_1_426' title='bbox 2574 4274 2743 4309; x_wconf 75' lang='lat' dir='ltr'><strong>never</strong></span> <span class='ocrx_word' id='word_1_427' title='bbox 2781 4263 2841 4309; x_wconf 82' lang='lat' dir='ltr'><strong>to</strong></span> <span class='ocrx_word' id='word_1_428' title='bbox 2880 4261 3020 4309; x_wconf 78' lang='lat' dir='ltr'><strong>have</strong></span> 
     </span>
     <span class='ocr_line' id='line_1_43' title="bbox 608 4320 3019 4388; baseline 0.003 -20"><span class='ocrx_word' id='word_1_429' title='bbox 608 4320 822 4371; x_wconf 79' lang='lat' dir='ltr'><strong>visited.</strong></span> <span class='ocrx_word' id='word_1_430' title='bbox 891 4320 960 4370; x_wconf 91' lang='lat' dir='ltr'><strong>In</strong></span> <span class='ocrx_word' id='word_1_431' title='bbox 1007 4336 1135 4385; x_wconf 87' lang='lat'><strong>1509</strong></span> <span class='ocrx_word' id='word_1_432' title='bbox 1173 4322 1242 4370; x_wconf 89' lang='lat' dir='ltr'><strong>he</strong></span> <span class='ocrx_word' id='word_1_433' title='bbox 1282 4338 1392 4371; x_wconf 80' lang='lat' dir='ltr'><strong>was</strong></span> <span class='ocrx_word' id='word_1_434' title='bbox 1431 4323 1490 4371; x_wconf 91' lang='lat' dir='ltr'><strong>in</strong></span> <span class='ocrx_word' id='word_1_435' title='bbox 1532 4322 1699 4371; x_wconf 87' lang='lat' dir='ltr'><strong>Rome</strong></span> <span class='ocrx_word' id='word_1_436' title='bbox 1735 4326 1919 4386; x_wconf 69' lang='grc' dir='ltr'>(Δάας.</span> <span class='ocrx_word' id='word_1_437' title='bbox 1959 4338 2092 4388; x_wconf 79' lang='lat'><strong>3702</strong></span> <span class='ocrx_word' id='word_1_438' title='bbox 2133 4324 2242 4373; x_wconf 77' lang='lat' dir='ltr'><strong>and</strong></span> <span class='ocrx_word' id='word_1_439' title='bbox 2285 4326 2503 4373; x_wconf 77' lang='lat' dir='ltr'><strong>Brewer</strong></span> <span class='ocrx_word' id='word_1_440' title='bbox 2537 4326 2574 4375; x_wconf 90' lang='lat' dir='ltr'><strong>i.</strong></span> <span class='ocrx_word' id='word_1_441' title='bbox 2613 4327 2747 4385; x_wconf 83' lang='lat'>880;</span> <span class='ocrx_word' id='word_1_442' title='bbox 2796 4326 2907 4375; x_wconf 86' lang='lat' dir='ltr'><strong>and</strong></span> <span class='ocrx_word' id='word_1_443' title='bbox 2947 4325 3019 4375; x_wconf 78' lang='lat' dir='ltr'><strong>ef.</strong></span> 
     </span>
     <span class='ocr_line' id='line_1_44' title="bbox 609 4386 3022 4453; baseline 0.002 -18"><span class='ocrx_word' id='word_1_444' title='bbox 609 4386 705 4449; x_wconf 86' lang='lat' dir='ltr'><strong>Ep.</strong></span> <span class='ocrx_word' id='word_1_445' title='bbox 744 4388 854 4434; x_wconf 80' lang='lat'><strong>216.</strong></span> <span class='ocrx_word' id='word_1_446' title='bbox 889 4402 948 4449; x_wconf 81' lang='lat'><strong>41</strong></span> <span class='ocrx_word' id='word_1_447' title='bbox 970 4387 1082 4453; x_wconf 87' lang='lat' dir='ltr'><strong>n.);</strong></span> <span class='ocrx_word' id='word_1_448' title='bbox 1131 4402 1200 4436; x_wconf 88' lang='lat' dir='ltr'><strong>on</strong></span> <span class='ocrx_word' id='word_1_449' title='bbox 1242 4401 1299 4448; x_wconf 84' lang='lat'><strong>13</strong></span> <span class='ocrx_word' id='word_1_450' title='bbox 1334 4387 1459 4439; x_wconf 86' lang='lat' dir='ltr'><strong>Feb.</strong></span> <span class='ocrx_word' id='word_1_451' title='bbox 1500 4402 1628 4450; x_wconf 82' lang='lat'>1510</span> <span class='ocrx_word' id='word_1_452' title='bbox 1659 4390 1729 4438; x_wconf 86' lang='lat' dir='ltr'><strong>he</strong></span> <span class='ocrx_word' id='word_1_453' title='bbox 1764 4402 1876 4438; x_wconf 83' lang='lat' dir='ltr'><strong>was</strong></span> <span class='ocrx_word' id='word_1_454' title='bbox 1908 4390 2198 4453; x_wconf 85' lang='lat' dir='ltr'><strong>appointed</strong></span> <span class='ocrx_word' id='word_1_455' title='bbox 2233 4394 2427 4453; x_wconf 81' lang='lat' dir='ltr'><strong>notary</strong></span> <span class='ocrx_word' id='word_1_456' title='bbox 2455 4393 2512 4439; x_wconf 83' lang='lat' dir='ltr'><strong>to</strong></span> <span class='ocrx_word' id='word_1_457' title='bbox 2544 4390 2822 4453; x_wconf 75' lang='lat' dir='ltr'><strong>warham,</strong></span> <span class='ocrx_word' id='word_1_458' title='bbox 2858 4392 3022 4453; x_wconf 80' lang='lat' dir='ltr'><strong>being</strong></span> 
     </span>
    </p>
   </div>
   <div class='ocr_carea' id='block_1_8' title="bbox 808 4520 2815 4719">
    <p class='ocr_par' dir='ltr' id='par_1_13' title="bbox 808 4520 2815 4719">
     <span class='ocr_line' id='line_1_45' title="bbox 808 4520 2815 4583; baseline 0.004 -16"><span class='ocrx_word' id='word_1_459' title='bbox 808 4534 886 4581; x_wconf 84' lang='lat'><strong>77.</strong></span> <span class='ocrx_word' id='word_1_460' title='bbox 921 4520 1063 4582; x_wconf 89' lang='lat' dir='ltr'><strong>quod</strong></span> <span class='ocrx_word' id='word_1_461' title='bbox 1091 4525 1145 4571; x_wconf 80' lang='lat' dir='ltr'><strong>F.</strong></span> <span class='ocrx_word' id='word_1_462' title='bbox 1378 4523 1460 4583; x_wconf 86' lang='lat'><strong>96.</strong></span> <span class='ocrx_word' id='word_1_463' title='bbox 1501 4521 1563 4571; x_wconf 90' lang='lat' dir='ltr'><strong>D.</strong></span> <span class='ocrx_word' id='word_1_464' title='bbox 1591 4522 1748 4571; x_wconf 88' lang='lat' dir='ltr'><strong>Prior</strong></span> <span class='ocrx_word' id='word_1_465' title='bbox 1771 4526 1843 4572; x_wconf 81' lang='lat' dir='ltr'><strong>E:</strong></span> <span class='ocrx_word' id='word_1_466' title='bbox 1880 4522 2098 4572; x_wconf 83' lang='lat' dir='ltr'><strong>Praesul</strong></span> <span class='ocrx_word' id='word_1_467' title='bbox 2120 4526 2186 4573; x_wconf 82' lang='grc' dir='ltr'><strong>Η.</strong></span> <span class='ocrx_word' id='word_1_468' title='bbox 2416 4524 2500 4583; x_wconf 83' lang='grc'><strong>98.</strong></span> <span class='ocrx_word' id='word_1_469' title='bbox 2536 4523 2608 4573; x_wconf 74' lang='lat' dir='ltr'><strong>u.</strong></span> <span class='ocrx_word' id='word_1_470' title='bbox 2634 4539 2725 4574; x_wconf 75' lang='lat' dir='ltr'><strong>om.</strong></span> <span class='ocrx_word' id='word_1_471' title='bbox 2750 4527 2815 4576; x_wconf 84' lang='grc' dir='ltr'><strong>Η.</strong></span> 
     </span>
     <span class='ocr_line' id='line_1_46' title="bbox 1248 4653 2423 4719; baseline 0.003 -15"><span class='ocrx_word' id='word_1_472' title='bbox 1248 4655 1329 4704; x_wconf 89' lang='grc'><strong>86.</strong></span> <span class='ocrx_word' id='word_1_473' title='bbox 1366 4653 1535 4704; x_wconf 81' lang='lat' dir='ltr'><strong>altera</strong></span> <span class='ocrx_word' id='word_1_474' title='bbox 1556 4653 1853 4719; x_wconf 83' lang='lat' dir='ltr'><strong>aeditione]</strong></span> <span class='ocrx_word' id='word_1_475' title='bbox 1877 4655 1954 4706; x_wconf 78' lang='lat' dir='ltr'><strong>Cf.</strong></span> <span class='ocrx_word' id='word_1_476' title='bbox 1981 4656 2076 4718; x_wconf 84' lang='lat' dir='ltr'><strong>Ep.</strong></span> <span class='ocrx_word' id='word_1_477' title='bbox 2106 4657 2198 4705; x_wconf 79' lang='lat'><strong>126</strong></span> <span class='ocrx_word' id='word_1_478' title='bbox 2222 4657 2423 4707; x_wconf 86' lang='lat' dir='ltr'><strong>introd.</strong></span> 
     </span>
    </p>
   </div>
  </div>
 </body>
</html>
