3355 5380
707 344 826 402 524
1404 337 1781 400 narrans
1837 337 1944 399 or
1997 335 2398 398 ERAsMUS
2920 331 3131 414 [1513

705 500 799 561 At
823 497 982 558 illud
1011 500 1226 557 tamen
1251 495 1389 574 ipsa
1415 514 1512 556 res
1539 494 1763 572 opinor
1793 494 2044 567 indicat,
2077 512 2181 552 me
2213 496 2355 554 tum
2391 491 2717 571 diligentia
2751 494 2895 552 tum
2932 491 3135 568 copia

704 597 897 674 longo
922 614 1314 672 praecurrere
1340 593 1675 655 interuallo
1701 611 1829 653 non
1857 591 2119 653 Latinos
2150 590 2338 651 modo
2373 590 2788 652 verumetiam
2816 588 3127 650 Graecos.

706 696 802 757 De
847 694 949 754 his
994 694 1213 771 loquor
1260 712 1528 772 quorum
1571 693 1789 752 extent
1834 690 1905 750 in
1948 689 2067 750 hoc
2115 709 2337 767 genere
2385 687 2840 749 commentarii.
2932 686 3133 747 Nihil

611 809 675 876 65
700 794 872 856 enim
900 794 1070 853 extat
1100 793 1343 868 praeter
1368 790 1647 851 ieiunam
1673 789 2024 866 congeriem
2041 787 2316 863 zenobii,
2333 787 2698 848 ieiuniorem
2715 787 3130 866 Diogeniani.

701 893 767 953 et
803 890 919 951 hac
961 909 1212 951 rursum
1251 888 1620 950 ieiuniorem
1663 884 2009 959 Plutarchi,
2037 885 2094 946 si
2135 886 2321 946 modo
2363 906 2492 946 non
2531 885 2698 946 fallit
2740 884 3128 962 inscriptio;

700 991 841 1049 tum
861 986 1175 1065 Apostolii
1191 985 1468 1048 Bizantii
1493 985 1896 1063 copiosiorem
1924 986 2035 1045 aut
2061 987 2133 1044 vt
2153 983 2365 1045 verius
2384 983 2590 1044 dicam
2611 983 3124 1044 numerosiorem

699 1086 1037 1163 aliquanto,
1081 1085 1190 1146 sed
1231 1083 1524 1145 omnibus
1563 1083 1665 1143 his
1713 1086 1778 1143 et
1822 1080 2232 1143 indoctiorem
2273 1084 2336 1142 et
2374 1080 2852 1142 mendosiorem.
2944 1080 3118 1141 Nam

699 1184 862 1261 quod
916 1182 1270 1260 Hesychius
1296 1181 1766 1243 Alexandrinus
1791 1179 2175 1258 praefatione
2200 1198 2315 1241 sua
2333 1179 2668 1256 pollicetur
2695 1198 2762 1239 se
2789 1178 3119 1255 copiosius

616 1310 678 1362 70
700 1280 1157 1358 explicaturum
1184 1280 1428 1358 Adagia
1459 1299 1618 1357 quae
1644 1277 2073 1357 Diogenianus
2110 1278 2281 1338 nuda
2317 1277 2506 1338 modo
2542 1276 2979 1348 recensuisset,
3011 1299 3119 1338 res

702 1378 837 1458 ipsa
863 1379 1148 1439 clamitat
1175 1398 1304 1438 non
1330 1398 1465 1439 esse
1492 1376 1776 1439 eiusdem
1806 1376 2045 1438 autoris
2083 1375 2413 1454 prologum
2440 1396 2511 1436 ac
2539 1375 2791 1448 librum,
2823 1396 2976 1437 cum
3004 1377 3118 1437 ille

700 1477 941 1555 copiam
962 1477 1346 1555 polliceatur,
1366 1478 1435 1537 in
1457 1478 1572 1538 hoc
1603 1474 1869 1554 reperias
1893 1474 2109 1535 omnia
2125 1479 2227 1535 τοῦ
2251 1477 2545 1535 παττάλου
2570 1476 2897 1555 γυμνόπρα.
2955 1477 3116 1536 Post

702 1576 853 1636 haec
880 1579 943 1636 et
971 1575 1336 1653 locupletior
1368 1575 1533 1636 mihi
1562 1574 1825 1651 contigit
1852 1573 2231 1634 bibliotheca
2255 1576 2320 1635 et
2355 1573 2474 1633 ocii
2509 1573 2887 1651 plusculum,
2920 1575 3116 1652 idque

701 1673 863 1734 mira
902 1674 1169 1751 quadam
1213 1691 1281 1732 ac
1324 1692 1515 1751 prope
1558 1671 1911 1733 incredibili
1937 1670 2324 1750 benignitate
2350 1671 2473 1731 viri
2511 1672 2615 1732 vel
2654 1672 2865 1747 potius
2898 1672 3114 1733 herois

615 1778 674 1830 75
701 1770 990 1832 omnium
1017 1772 1409 1831 saeculorum
1438 1772 1742 1832 memoria
1772 1770 1950 1847 digni
1978 1769 2282 1831 Gulielmi
2308 1770 2626 1846 Vuarami,
2658 1769 3115 1848 archiepiscopi

699 1868 1183 1943 cantuariensis,
1234 1869 1432 1929 totius
1484 1868 1756 1946 Angliae
1808 1868 2117 1946 primatis,
2174 1867 2302 1929 imo
2356 1867 2555 1928 totius
2609 1867 2793 1942 orbis,
2854 1869 2912 1927 si
2970 1870 3115 1947 quis

636 2012 639 2016 .
700 1966 1022 2027 hominem
1075 1966 1209 2025 suis
1263 1965 1556 2027 aestimet
1603 1966 1965 2028 virtutibus.
2050 1965 2245 2027 Cuius
2293 1965 2508 2027 laudes
2554 1965 2611 2026 si
2656 1966 2801 2044 quis
2847 1971 3118 2029 conetur

701 2062 943 2124 meritis
985 2063 1271 2141 prosequi
1312 2064 1673 2141 praeconiis,
1722 2063 2008 2141 pluribus
2055 2084 2214 2142 opus
2259 2065 2423 2125 foret
2468 2063 2863 2126 Chiliadibus
2917 2088 3112 2145 quam

699 2161 929 2239 quibus
971 2161 1212 2240 Adagia
1253 2181 1476 2224 sumus
1523 2162 1848 2241 complexi,
1894 2165 1961 2223 et
2010 2162 2262 2240 longius
2317 2163 2758 2224 extenderetur
2806 2164 3112 2226 decorum

610 2263 676 2313 80
700 2258 873 2320 1111118
899 2258 1211 2337 catalogus
1237 2280 1427 2338 quam
1464 2279 1769 2322 numerus
1803 2259 2295 2338 prouerbiorum.
2380 2260 2621 2321 Verum
2657 2262 2723 2322 id
2762 2281 2879 2322 nec
2915 2263 3113 2323 huius

701 2360 797 2417 est
838 2357 960 2417 loci
1000 2377 1114 2418 nec
1153 2358 1330 2419 illius
1367 2359 1643 2436 patiatur
1685 2358 2008 2433 modestia,
2055 2378 2213 2436 quae
2254 2357 2387 2419 sola
2428 2359 2497 2419 in
2537 2359 2651 2419 illo
2689 2379 2867 2437 pene,
2902 2364 2978 2421 vt
3020 2363 3114 2422 ita

700 2455 921 2531 dicam,
951 2455 1326 2517 immodesta
1352 2460 1448 2518 est
1475 2459 1540 2518 et
1576 2457 1789 2517 nimia.
1878 2455 1999 2531 Qui
2034 2476 2180 2516 cum
2216 2455 2424 2516 modis
2460 2456 2757 2517 omnibus
2791 2457 2878 2518 sit
2914 2459 3112 2519 maxi-

701 2574 861 2630 mus,
892 2555 1051 2615 mihi
1084 2557 1300 2617 tamen
1338 2555 1457 2617 hoc
1495 2556 1754 2617 nomine
1794 2555 2120 2633 praecipue
2158 2574 2427 2633 magnus
2465 2555 2727 2631 videtur,
2761 2557 2929 2633 quod
2974 2557 3112 2636 ipse

699 2653 872 2715 solus
896 2653 1395 2733 magnitudinem
1421 2674 1603 2717 suam
1629 2674 1758 2715 non
1785 2654 2086 2734 agnoscit,
2104 2657 2176 2715 vt
2200 2654 2394 2716 haec
2375 2674 2513 2732 11188
2538 2654 2624 2715 sit
2650 2653 2826 2718 1111118
2850 2675 3110 2718 summa

613 2751 675 2816 85
699 2753 852 2828 laus,
897 2753 1062 2830 quod
1104 2772 1250 2820 cum
1298 2754 1544 2816 meritis
1590 2753 1726 2815 suis
1768 2773 2021 2815 omnem
2066 2755 2318 2830 superet
2358 2752 2627 2829 laudem,
2676 2754 2844 2815 haud
2891 2758 3110 2817 tamen

699 2850 900 2912 vllam
944 2851 1353 2929 quantumuis
1400 2852 1789 2914 moderatam
1831 2851 2082 2912 laudem
2125 2852 2435 2913 admittat.
2521 2850 2642 2913 Sed
2692 2856 2764 2912 vt
2810 2854 2980 2931 quod
3028 2856 3107 2916 ad

700 2949 819 3009 hoc
854 2948 1220 3013 institutum
1258 2950 1503 3029 proprie
1541 2952 1815 3027 pertinet
1854 2950 2077 3027 dicam,
2108 2949 2213 3011 hic
2247 2951 2346 3010 vir
2373 2950 2443 3010 in
2470 2951 2673 3011 tantis
2699 2953 3109 3029 negociorum

701 3046 997 3108 fluctibus
1037 3047 1263 3125 quibus
1302 3047 1577 3126 vndique
1605 3049 1905 3125 tunditur,
1939 3050 2077 3108 tum
2113 3047 2215 3108 his
2240 3047 2428 3126 plane
2450 3048 2670 3120 ferreis
2694 3050 3108 3128 temporibus,

702 3143 929 3223 quibus
954 3166 1150 3224 vsque
1184 3145 1338 3207 adeo
1378 3146 1688 3208 bellorum
1720 3147 2024 3207 incendiis
2060 3146 2290 3225 vbique
2324 3149 2635 3208 terrarum
2676 3148 2942 3221 seruent,
2971 3171 3109 3227 per·

613 3271 680 3323 90
699 3246 999 3323 strepunt,
1020 3244 1363 3305 miscentur
1382 3245 1607 3321 omnia,
1626 3248 1698 3305 vt
1727 3265 1840 3305 nec
1866 3245 1936 3305 in
1953 3244 2140 3305 Italia
2162 3245 2472 3307 bonarum
2496 3249 2751 3325 parente
2777 3246 3109 3310 literarum

703 3342 871 3403 vllus
899 3342 1079 3403 bonis
1106 3342 1307 3404 literis
1321 3342 1422 3403 vel
1450 3343 1653 3405 honos
1680 3343 1766 3405 sit
1790 3342 1895 3403 vel
1922 3343 2107 3415 locus,
2126 3344 2298 3404 solus
2313 3346 2528 3405 tamen
2544 3344 2757 3406 tristes
2774 3365 3109 3408 camoenas

701 3458 832 3499 non
850 3440 1100 3519 respicit
1114 3439 1322 3502 solum
1338 3442 1753 3502 verumetiam
1770 3442 2066 3521 praemiis
2077 3442 2324 3517 excitat,
2338 3441 2710 3504 liberalitate
2727 3442 3103 3522 demeretur,

704 3539 999 3600 comitate
1025 3538 1242 3614 allicit,
1275 3539 1656 3618 benignitate
1692 3540 1939 3616 retinet,
1972 3540 2365 3601 humanitate
2399 3540 2588 3614 fouet,
2621 3542 2957 3603 autoritate
2991 3563 3106 3605 sua

704 3636 929 3711 tuetur,
958 3635 1287 3713 splendore
1329 3640 1509 3697 ornat
1549 3640 1734 3715 atque
1772 3638 2065 3699 illustrat.
2153 3638 2236 3697 In
2275 3658 2527 3699 summa
2565 3638 2770 3699 modis
2809 3641 3106 3703 omm‘bus

615 3757 680 3807 95
703 3731 1080 3808 singularem
1103 3732 1418 3810 quendam
1446 3735 1577 3812 agit
1604 3735 2030 3796 Moecenatem
2058 3735 2127 3795 in
2156 3735 2398 3797 omneis
2416 3757 2569 3814 quos
2585 3738 3107 3801 animaduerterit

703 3830 1010 3907 egregiam
1024 3828 1437 3891 eruditionem
1456 3853 1601 3893 cum
1616 3832 1976 3911 integritate
1994 3854 2242 3894 morum
2260 3835 2599 3913 copulasse.
2631 3836 2812 3897 Inter
2826 3858 2987 3916 quos
3002 3860 3105 3900 me

704 3947 958 4006 quoque,
989 3926 1144 3988 licet
1176 3930 1463 3990 omnium
1495 3934 1848 3992 extremum
1884 3934 1948 3992 et
1984 3932 2385 3994 candidatum
2428 3934 2628 4012 magis
2667 3935 2856 3996 huius
2896 3934 3105 3997 laudis

705 4046 894 4104 quam
921 4045 1355 4105 possessorem,
1380 4028 1470 4087 ita
1497 4029 1860 4106 complexus
1885 4031 1982 4089 est
2008 4032 2080 4089 vt
2108 4030 2402 4109 quicquid
2430 4031 2499 4091 in
2522 4034 2656 4092 tam
2684 4032 2907 4093 multis
2932 4034 3104 4095 orbis

705 4124 1061 4203 proceribus
1089 4126 1325 4186 Romae
1351 4125 1742 4204 reliqueram,
1777 4127 1845 4186 in
1873 4147 1999 4186 vno
2025 4127 2183 4188 mihi
2208 4128 2457 4189 viderer
2483 4131 2842 4208 repperisse.

589 4251 684 4287 100
787 4223 999 4285 Huius
1025 4223 1220 4302 igitur
1246 4223 1499 4286 adiutus
1533 4227 1598 4285 et
1633 4225 1944 4286 excitatus
1983 4224 2391 4287 beneficentia
2418 4226 2905 4289 Prouerbiorum
2942 4248 3106 4291 com-

704 4322 1046 4385 mentarios
1072 4323 1278 4385 denuo
1303 4324 1423 4385 sub
1449 4323 1741 4384 incudem
1769 4316 2073 4395 reuocaui,
2107 4326 2363 4401 totoque
2388 4346 2570 4404 opere
2606 4345 2645 4386 a
2679 4325 2901 4403 capite,
2933 4328 3101 4405 quod

705 4421 830 4484 dici
855 4421 1027 4497 solet,
1061 4421 1139 4482 ad
1167 4421 1398 4482 calcem
1424 4441 1620 4498 vsque
1645 4420 1961 4499 recognito
1992 4421 2271 4498 primum
2307 4424 2837 4501 typographorum
2874 4430 3095 4499 errata,

705 4540 864 4600 quae
902 4539 1050 4582 sane
1091 4540 1217 4580 non
1258 4539 1452 4597 pauca
1492 4518 1912 4594 depraehensa
1949 4521 2115 4594 sunt,
2160 4520 2505 4583 emendaui.
2590 4522 2697 4584 Ad
2742 4522 2895 4584 haec
2936 4543 3101 4585 com-

770 4642 853 4694 62.
892 4641 1118 4692 tameni
1100 4655 1269 4705 111888
1291 4655 1395 4689 :m
1378 4639 1458 4688 1111
1463 4640 1483 4688 1
1506 4639 1732 4688 tameni
1715 4654 1830 4702 ipsa
1851 4642 1922 4694 β.
1953 4640 2078 4688 vel
2062 4656 2180 4704 ipsa
2203 4645 2387 4692 tamen
2410 4660 2462 4705 γ.
2672 4645 2753 4693 68.
2791 4644 2933 4695 Nam
2956 4647 3098 4707 quod

709 4706 1489 4769 ,..-Ίο.γνμνότφααάἀ..β
1623 4706 1702 4766 83.
1741 4704 2066 4760 111111101πη8
2222 4710 2302 4769 87.
2340 4708 2626 4771 bocennay.
