3355 5380
666 392 742 446 42
1370 384 1747 446 LETTERS
1802 384 1910 445 OF
1962 384 2364 447 ERASMUS
2872 382 3066 467 [1524

830 543 1018 603 Liber
1044 542 1631 604 Antibarbarorum.

831 641 925 701 De
953 642 1152 702 libero
1178 641 1438 701 arbitrio
1467 640 1746 717 διατριβή.

749 833 971 893 Nonus
1027 832 1266 891 dicetur
1320 829 1618 908 Epistolis
1673 830 2070 907 Hieronymi,
2131 832 2200 891 in
2256 832 2483 909 quibus
2535 834 2786 891 tantum
2837 830 3073 891 laboris

667 951 705 991 a
733 930 916 990 nobis
942 929 1319 990 exhaustum
1347 931 1459 1005 est,
1494 931 1566 988 vt
1591 948 1720 988 non
1748 928 2145 1006 impudenter
2180 930 2417 1007 possim
2453 930 2571 991 hoc
2597 950 2753 1008 opus
2782 948 3070 991 meorum

612 1059 643 1108 5
670 1028 948 1106 catalogo
973 1030 1285 1101 attexere3
1326 1044 1684 1103 quanquam
1722 1029 1787 1086 et
1825 1026 1896 1086 in
1924 1025 2172 1087 Hilario
2210 1046 2340 1088 non
2378 1046 2603 1105 parum
2640 1030 2777 1088 erat
2808 1027 3068 1105 negotii,

670 1126 960 1188 nonnihil
989 1126 1057 1187 in
1079 1124 1407 1203 Cypriano.
1478 1124 1573 1184 De
1594 1124 1829 1200 Quinto
1849 1124 2069 1186 Curtio
2097 1125 2258 1186 nihil
2288 1125 2508 1202 dicam,
2536 1126 2615 1187 de
2642 1126 2878 1186 Seneca
2905 1125 3075 1186 nihil

668 1224 830 1285 mihi
869 1244 1125 1303 possum
1167 1222 1500 1297 vindicare,
1534 1220 1660 1282 nisi
1701 1222 1866 1299 quod
1910 1221 2042 1282 illic
2080 1223 2236 1283 dum
2278 1223 2550 1284 nimium
2581 1224 2709 1284 fido
2745 1224 3077 1301 promissis

670 1323 1034 1398 amicorum,
1068 1321 1342 1382 multum
1381 1320 1610 1380 laboris
1646 1320 1909 1398 perdidi.
1995 1322 2065 1382 Si
2102 1322 2390 1383 Christus
2421 1322 2847 1400 suppeditabit
2871 1323 3075 1383 vitam

670 1443 742 1483 ac
762 1422 927 1483 vires
943 1426 1015 1482 vt
1036 1419 1358 1482 absoluam
1380 1418 1879 1480 Commentarios
1905 1420 1972 1480 in
1997 1420 2342 1498 Epistolam
2365 1422 2443 1482 ad
2464 1421 2796 1495 Romanos,
2820 1440 3076 1498 occupa·

588 1548 648 1583 10
671 1519 834 1580 bunt
858 1519 1154 1580 volumen
1184 1516 1536 1599 Decimum.

753 1618 895 1679 Scio
922 1617 1039 1678 tibi
1078 1615 1452 1677 iamdudum
1488 1616 1821 1676 molestam
1857 1634 1990 1675 esse
2020 1619 2152 1676 tam
2180 1616 2490 1694 prolixam
2527 1617 3078 1696 supputationem3

668 1736 890 1777 verum
918 1716 1037 1775 hoc
1064 1718 1164 1775 est
1198 1713 1551 1791 catalogum
1582 1713 1864 1792 scribere,
1899 1717 2087 1792 atque
2123 1715 2275 1776 adeo
2314 1716 2368 1775 si
2404 1715 2506 1775 cui
2537 1715 2807 1794 placebit
2847 1717 2915 1777 in
2951 1715 3079 1776 hoc

669 1834 896 1893 genere
922 1833 1138 1874 omnes
1166 1801 1522 1891 diligentiae
1562 1832 1858 1873 numeros
1891 1813 2225 1890 absoluere,
2265 1815 2450 1875 addat
2485 1814 2750 1894 singulis
2786 1813 3083 1892 operibus

671 1913 868 1987 initia,
894 1911 1057 1989 quod
1079 1931 1117 1971 a
1138 1911 1318 1971 nobis
1345 1911 1412 1970 in
1441 1911 1765 1988 perpaucis
1783 1911 2017 1971 factum
2046 1916 2141 1973 est
2161 1913 2631 1988 obscurioribus
2660 1933 2740 1973 ne
2759 1913 3075 1974 fallerent.

588 2041 647 2091 ¹5
672 2013 871 2074 Video
898 2010 1074 2089 cupis
1102 2010 1334 2071 dimitti
1359 2033 1374 2085 ;
1416 2009 1479 2069 id
1503 2010 1725 2070 faciam
1747 2010 1855 2070 vbi
1884 2011 2096 2087 paucis
2123 2012 2496 2089 respondero
2523 2012 2683 2087 istis,
2709 2012 2818 2090 qui
2844 2011 3083 2098 iactant

672 2130 777 2171 me
803 2131 881 2170 ex
908 2109 1414 2171 lucubrationum
1440 2128 1724 2168 mearum
1752 2109 2241 2170 dedicationibus
2268 2110 2508 2188 amplas
2542 2111 2798 2189 praedas
2825 2111 3075 2185 referre,

671 2212 999 2288 propterea
1045 2208 1211 2286 quod
1255 2206 1567 2284 permulta
1613 2207 1870 2267 dicarim
1917 2207 2073 2268 viris
2115 2209 2515 2287 principibus.
2603 2210 2777 2270 Hinc
2829 2229 2932 2269 me
2986 2228 3085 2270 ca·

673 2307 1069 2367 lumniantur
1124 2305 1379 2383 quidam
1423 2304 1526 2364 vel
1572 2305 1805 2364 famam
1846 2307 2062 2366 venari
2104 2307 2205 2367 vel
2253 2308 2598 2385 pecuniam,
2648 2311 2756 2368 aut
2794 2307 3085 2368 fortassis

676 2411 1005 2484 vtrunque.
1095 2405 1189 2464 De
1217 2404 1383 2464 fama
1411 2423 1776 2480 responsum
1815 2407 1911 2464 cst
1944 2405 2114 2481 alias,
2149 2425 2253 2465 me
2290 2405 2391 2466 hic
2420 2407 2644 2467 studiis
2667 2406 3085 2467 ambiciosum

587 2532 648 2566 20
673 2505 866 2566 fuisse
933 2503 1145 2582 potius
1200 2522 1388 2580 quam
1443 2502 1620 2563 mihi.
1732 2502 1854 2562 His
1913 2504 2332 2581 prouehendis
2386 2504 2773 2582 captauimus
2824 2505 3084 2566 illorum

675 2605 968 2679 fauorem,
1004 2622 1205 2679 neque
1243 2601 1442 2661 defuit
1480 2620 1798 2662 successus
1835 2604 2045 2662 nostro
2084 2602 2412 2680 proposito.
2502 2603 2884 2677 Quibusdam
2916 2601 3086 2662 bene

675 2706 753 2765 de
807 2722 912 2763 me
963 2701 1208 2762 meritis
1261 2701 1378 2761 hoc
1426 2701 1624 2761 officio
1668 2701 1841 2761 volui
1888 2722 2018 2762 non
2063 2702 2319 2779 quidem
2368 2703 2596 2763 referre
2639 2703 2918 2780 gratiam,
2967 2703 3084 2762 sed

675 2804 963 2864 animum
990 2801 1223 2878 accepti
1253 2800 1537 2861 beneficii
1568 2821 1914 2861 memorem
1943 2801 2176 2862 testari.

757 2903 852 2964 De
892 2903 1199 2979 prouentu
1244 2919 1413 2960 nunc
1451 2899 1657 2976 accipe
1696 2898 2016 2959 rationem.
2102 2899 2293 2976 Apud
2329 2900 2561 2961 amicos
2596 2900 2932 2961 mediocres
2960 2901 3086 2962 eds

589 3023 649 3075 25
675 3001 811 3078 ipse
840 3020 1028 3077 quam
1059 3019 1189 3058 non
1212 2999 1333 3058 sim
1357 2997 1687 3074 φιλόδωρος,
1713 2998 1818 3074 qui
1848 2998 2102 3057 tentatis
2117 2998 2411 3059 omnibus
2431 2998 2592 3058 nihil
2619 2999 2779 3058 mihi
2806 2999 3088 3076 potueris

676 3097 1023 3158 obtrudere.
1114 3097 1276 3155 Nam
1320 3096 1420 3155 hic
1464 3114 1758 3172 syncerus
1799 3096 2046 3154 animus
2087 3096 2247 3156 mihi
2283 3096 2507 3173 quouis
2547 3097 2709 3157 dono
2751 3096 3091 3174 preciosior

676 3199 790 3256 est.
878 3194 1075 3255 Porro
1118 3214 1313 3270 quum
1355 3192 1509 3253 artis
1551 3193 1635 3252 sit
1674 3211 1912 3252 munus
1942 3192 2044 3252 vel
2086 3193 2361 3270 accipere
2402 3195 2632 3270 dextre,
2666 3194 2768 3255 vel
2804 3214 3090 3256 recusare

677 3291 953 3365 comiter,
989 3291 1196 3352 sciunt
1235 3291 1419 3351 amici
1456 3310 1559 3353 me
1593 3290 1780 3368 longe
1817 3290 2205 3351 disertiorem
2245 3311 2377 3351 esse
2419 3292 2486 3351 in
2525 3294 2862 3354 recusando
2890 3312 3089 3370 quam

678 3391 748 3449 in
801 3389 1175 3465 accipiendo.
1266 3388 1440 3465 Quod
1499 3389 1552 3447 si
1611 3388 1859 3466 quando
1909 3387 2058 3466 quid
2115 3389 2194 3449 ab
2242 3390 2346 3450 his
2396 3390 2489 3452 sic
2533 3391 2793 3452 offertur
2832 3396 2902 3453 vt
2948 3412 3088 3453 non

589 3514 655 3563 30
679 3487 862 3548 liceat
902 3506 1197 3562 recusare,
1246 3486 1413 3546 soleo
1455 3507 1567 3564 pro
1608 3486 1848 3547 viribus
1886 3487 2055 3564 paria
2096 3488 2312 3564 facere,
2354 3497 2463 3550 aut
2506 3489 2695 3551 etiam
2737 3490 2986 3551 vincere
3030 3493 3090 3552 si

680 3606 920 3664 queam.
990 3585 1087 3646 Ex
1115 3586 1218 3646 his
1247 3585 1439 3664 igitur
1467 3605 1624 3663 quae
1653 3605 1782 3645 non
1808 3605 2003 3664 pauca
2029 3587 2375 3647 dicauimus
2402 3588 2619 3648 amicis
2645 3588 3085 3666 mediocribus,

680 3684 1143 3762 amplissimum
1170 3684 1447 3744 fructum
1475 3683 1664 3762 capio,
1691 3684 1855 3761 quod
1882 3684 2010 3744 illis
2037 3686 2420 3763 gratificatus
2447 3705 2607 3763 sum,
2634 3687 2799 3764 quod
2826 3687 3090 3748 illorum

682 3782 1050 3843 memoriam
1094 3802 1238 3843 cum
1281 3802 1422 3842 mea
1463 3782 1773 3859 coniunxi,
1808 3783 2090 3843 fortassis
2131 3786 2194 3843 et
2234 3785 2398 3862 apud
2434 3786 2713 3862 posteros
2747 3783 3082 3847 victuram.

682 3882 778 3944 De
804 3880 1192 3959 principibus
1218 3881 1375 3941 illud
1405 3881 1564 3941 mihi
1602 3881 2007 3958 praefandum
2037 3885 2147 3958 est,
2183 3902 2285 3941 me
2314 3882 2685 3959 quibusdam
2714 3902 2842 3943 non
2869 3882 3092 3944 minus

591 3994 657 4045 ³5
684 3980 909 4040 debere
946 3979 1055 4057 qui
1098 3979 1260 4038 nihil
1302 3980 1609 4040 dederunt
1650 3999 1839 4057 quam
1881 3979 1990 4056 qui
2029 3980 2351 4055 dederunt,
2387 3984 2450 4041 et
2491 3981 2593 4042 his
2631 3982 2740 4059 qui
2781 3981 3097 4043 dederunt

685 4079 801 4139 hoc
845 4076 1113 4155 amplius
1160 4077 1398 4153 debere,
1445 4077 1610 4154 quod
1653 4076 1819 4137 vltro
1871 4077 2190 4140 dederunt„
2280 4078 2680 4140 Guilhelmus
2722 4078 3086 4156 Montioius,

686 4174 1070 4236 clarissimus
1097 4174 1364 4253 Angliae
1390 4173 1555 4250 baro,
1592 4175 1692 4235 cui
1730 4175 2218 4236 Prouerbiorum
2260 4197 2417 4254 opus
2453 4181 2517 4237 et
2552 4180 2757 4239 totum
2799 4181 2863 4239 et
2902 4178 3096 4239 toties

686 4273 814 4334 iam
863 4272 1310 4351 locupletatum
1355 4272 1654 4348 dedicaui,
1705 4274 1821 4333 scit
1866 4293 1971 4333 me
2014 4273 2134 4334 sibi
2183 4274 2388 4336 multo
2432 4275 2576 4352 plus
2631 4276 2852 4336 debere
2904 4275 3096 4338 bene·
3183 4285 3190 4298 ’

690 4370 1002 4431 uolentiae
1056 4390 1246 4448 quam
1302 4370 1770 4432 munificentiae
1825 4371 2099 4433 nomine.
2188 4372 2261 4433 R.
2317 4373 2393 4434 D.
2442 4373 2843 4434 Guilhelmus
2893 4375 3096 4435 archi·

597 4495 666 4544 40
690 4469 1013 4548 episcopus
1033 4467 1498 4529 cantuariensis
1518 4468 1991 4547 promptissima
2010 4469 2080 4528 in
2102 4490 2203 4530 me
2231 4470 2618 4548 benignitate
2636 4475 2733 4532 est
2751 4492 2904 4534 vsus
2925 4496 2942 4548 ;
2979 4477 3096 4536 sed

690 4571 753 4629 et
782 4565 885 4628 hic
912 4566 1072 4627 mihi
1100 4565 1277 4626 testis
1304 4566 1425 4627 erit
1452 4587 1643 4644 quam
1682 4586 1860 4644 saepe
1888 4566 2156 4627 delatam
2197 4568 2695 4629 munificentiam
2723 4573 3091 4652 recusarim,

1676 4693 1750 4739 17.
1785 4678 1920 4727 viris
1943 4694 2030 4727 om.
2058 4680 2100 4726 δ.
