3355 5380
311 349 492 435 1500]
859 355 963 416 ΤΟ
1017 354 1372 416 ΑΝΤΟΝΥ
1428 355 1533 416 OF'
1591 355 2138 419 LUXEMBURG
2579 364 2695 420 319

302 509 357 570 si
399 510 473 572 D.
511 511 730 572 Abbas
769 512 1177 573 adolescentis
1216 511 1407 573 saluti
1448 516 1612 574 recte
1653 516 1970 575 consulere
2011 515 2194 587 volet,
2237 515 2302 575 id
2339 514 2504 593 quod
2534 516 2698 579 velle

302 609 445 684 scio,
478 609 835 688 properabit
861 610 1046 671 illum
1082 630 1157 671 ex
1184 630 1258 671 ea
1287 609 1485 672 tutela
1515 610 1800 686 eximere,
1831 612 1901 672 in
1935 632 2058 689 qua
2092 616 2157 673 et
2184 632 2412 691 magno
2440 614 2605 676 viuit
2631 619 2694 676 et
2776 675 2782 682 ,

301 707 814 769 immundissime
855 712 934 784 et,
987 709 1150 787 quod
1206 711 1301 769 est
1354 708 1641 769 omnium
1689 709 2146 787 grauissimum,
2198 731 2345 772 cum
2397 711 2476 773 iis
2528 712 2694 774 vnde

303 806 628 883 deprauari
675 807 888 885 possit,
936 805 1142 867 doceri
1197 826 1322 867 non
1378 807 1612 884 possit;
1682 809 1868 886 atque
1925 809 2072 869 huic
2126 807 2202 870 de
2254 830 2377 887 quo
2432 810 2693 871 memini

300 902 529 965 Iacobo
569 905 935 981 committet,
969 905 1122 980 viro,
1155 904 1316 964 mihi
1350 905 1550 981 crede,
1588 905 1768 967 cuius
1798 925 1912 983 ego
1951 907 2165 968 laudes
2201 907 2377 968 nullo
2411 927 2693 970 sermone
2720 927 2785 975 40

302 1022 526 1081 queam
563 1002 824 1080 assequi.
912 1002 980 1063 Is
1013 1002 1308 1081 gaudebit
1338 1003 1670 1081 contigisse
1708 1004 1810 1064 cui
1843 1023 2025 1064 suam
2054 1004 2398 1066 doctrinam
2425 1005 2695 1067 libenter

303 1101 739 1176 communicet,
768 1121 955 1178 quem
980 1101 1058 1162 ad
1087 1101 1353 1162 honesta
1379 1101 1588 1163 studia
1614 1104 1824 1162 totum
1852 1104 2090 1164 excitet.
2165 1103 2417 1166 Dismas
2441 1103 2696 1166 habebit

305 1198 559 1276 quicum
596 1199 854 1277 perinde
890 1199 1068 1261 viuat
1108 1220 1178 1260 ac
1219 1199 1276 1260 si
1317 1219 1463 1260 cum
1502 1205 1761 1278 parente
1802 1200 2062 1272 viueret,
2093 1202 2255 1279 apud
2296 1220 2484 1280 quem
2525 1202 2695 1263 nihil

303 1296 428 1357 nisi
455 1296 731 1373 honesta,
763 1297 889 1358 nisi
914 1297 1159 1359 literata
1183 1298 1412 1359 audiet.

381 1395 684 1456 Mirabere
724 1397 934 1457 forsan
977 1417 1088 1457 our
1128 1417 1243 1474 ego
1283 1416 1418 1457 rem
1459 1397 1620 1458 hanc
1662 1401 1988 1475 tantopere
2031 1398 2340 1460 suadeam.
2445 1399 2548 1460 Ad
2591 1418 2694 1459 me
2717 1411 2780 1463 45

303 1492 555 1571 quidem
595 1494 851 1555 omnino
891 1494 1057 1555 nihil
1091 1495 1401 1573 pertinet;
1462 1515 1611 1555 nam
1649 1495 1810 1556 mihi
1844 1496 1948 1555 hic
1983 1515 2183 1572 neque
2223 1496 2449 1558 seritur
2489 1516 2692 1575 neque

301 1592 578 1653 metitur.
640 1593 878 1653 Verum
915 1593 1025 1653 vbi
1060 1593 1290 1654 tutelae
1329 1594 1554 1669 sordeS,
1587 1593 1698 1655 vbi
1734 1593 2117 1672 periculosos
2152 1595 2553 1671 conuictores,
2583 1594 2691 1655 vbi

301 1691 514 1750 omnia
554 1691 978 1752 contaminata
1013 1691 1485 1769 perspexissem,
1520 1694 1585 1752 et
1625 1692 2035 1753 adolescentis
2071 1692 2376 1770 optimam
2413 1696 2693 1753 mentem

299 1807 596 1865 amarem,
626 1792 766 1849 tum
799 1789 993 1850 etiam
1020 1791 1097 1850 D.
1125 1789 1363 1850 Abbati
1393 1795 1644 1869 propter
1675 1810 1989 1852 summam
2031 1790 2205 1852 illius
2236 1791 2307 1851 in
2341 1811 2441 1852 me
2476 1791 2694 1852 huma·

303 1886 568 1947 nitatem
606 1887 820 1948 omnia
853 1887 1156 1962 deberem,
1187 1888 1408 1966 putaui
1435 1908 1544 1948 me
1580 1889 1699 1949 hoc
1732 1890 1867 1950 sine
1904 1909 2154 1949 summo
2182 1889 2409 1951 scelere
2434 1894 2694 1968 praeter·
2719 1903 2783 1956 50

300 1985 553 2045 mittere
572 2005 706 2045 non
726 2005 920 2063 posse,
941 1985 1095 2063 quin
1113 1986 1279 2064 quod
1300 1987 1377 2047 ad
1401 1986 1656 2047 Dismae
1674 1988 1942 2048 salutem
1964 1988 2365 2049 vehementer
2383 1987 2695 2065 pertinere

300 2083 727 2160 cognouissem
769 2084 1461 2163 compertissimumque
1495 2085 1808 2162 haberem,
1841 2085 2040 2147 literis
2072 2086 2230 2146 meis
2269 2087 2690 2147 admonerem.

300 2178 478 2241 Nihil
517 2183 690 2241 enim
731 2181 953 2244 dubito
994 2184 1147 2261 quin
1189 2183 1245 2243 si
1286 2184 1360 2244 D.
1391 2183 1630 2245 Abbati
1665 2184 1933 2245 minima
1969 2203 2044 2244 ex
2079 2187 2254 2262 parte
2296 2204 2408 2260 ree,
2444 2184 2540 2246 vti
2578 2187 2693 2261 est,

299 2280 546 2357 cognita
571 2281 751 2357 foret,
779 2301 857 2341 ne
885 2281 1262 2343 semihoram
1293 2281 1546 2359 quidem
1575 2281 1642 2342 in
1671 2302 1744 2342 ea
1769 2281 2011 2344 familia
2037 2283 2245 2343 sedere
2270 2282 2355 2342 sit
2380 2273 2691 2360 passurus.

298 2375 425 2437 Nec
463 2377 572 2438 ille
610 2400 722 2439 vos
759 2379 1084 2458 scrupulus
1122 2382 1526 2455 commoueat,
1565 2401 1644 2441 ne
1681 2401 1907 2459 parum
1946 2380 2183 2442 Gallice
2215 2380 2425 2456 discat,
2459 2380 2514 2442 si
2550 2399 2694 2442 cum
2722 2395 2782 2446 5⁶

297 2474 554 2536 homine
585 2480 860 2538 nostrate
879 2478 1084 2555 viuat3
1130 2480 1248 2540 scit
1267 2478 1427 2539 bene
1456 2477 1695 2540 Gallice
1716 2478 1982 2555 Dismas,
2004 2482 2068 2539 et
2087 2478 2214 2540 iam
2234 2498 2402 2540 nunc
2422 2478 2699 2556 loquitur

299 2574 598 2652 expedite.
688 2574 901 2652 Neque
950 2577 1219 2637 deerunt
1259 2597 1525 2655 vsquam
1566 2578 1732 2638 vnde
1773 2576 2013 2638 Gallice
2059 2576 2314 2652 audiat;
2370 2579 2435 2636 at
2481 2576 2697 2639 literas

299 2672 513 2748 discet,
537 2673 838 2743 virtutem
861 2674 1072 2737 discet.
1133 2675 1309 2752 Quod
1333 2676 1388 2737 si
1408 2675 1642 2737 Abbati
1664 2674 1954 2751 suaseris,
1972 2675 2205 2755 poteris
2222 2675 2410 2750 enim,
2434 2674 2693 2751 Antoni,

295 2768 833 2833 adolescentulum
882 2773 1224 2835 immortali
1277 2774 1577 2835 beneficio
1623 2774 1744 2835 tibi
1798 2774 2094 2851 alligaris.
2208 2773 2425 2852 Neque
2477 2773 2696 2835 dubito

297 2870 453 2947 quin
483 2889 704 2931 omnes
732 2871 842 2948 qui
869 2871 967 2932 illi
996 2871 1152 2933 bene
1179 2872 1416 2948 volunt,
1448 2872 1613 2934 inter
1643 2892 1799 2950 quos
1825 2872 2107 2951 primum
2135 2871 2342 2933 locum
2370 2874 2447 2934 D.
2480 2871 2697 2933 Abbas
2719 2880 2787 2932 60

295 2966 555 3043 obtinet,
587 2968 752 3028 mihi
777 2969 907 3031 sint
933 2970 999 3031 in
1027 2976 1352 3049 posterum
1380 2972 1686 3033 maximas
1714 2969 1945 3050 gratias
1979 2969 2274 3046 habituri,
2306 2969 2416 3048 qui
2443 2969 2695 3047 quidem

296 3066 363 3127 in
391 3069 673 3145 tempore
698 3068 1169 3145 admonuerim
1212 3090 1400 3148 quare
1429 3090 1557 3131 non
1586 3068 1998 3148 conquiesces,
2029 3068 2223 3129 donec
2248 3068 2535 3129 effeceris.

376 3165 659 3226 Antonio
697 3166 859 3243 patri
895 3171 1156 3246 patrono
1191 3172 1317 3242 tuo,
1349 3169 1473 3229 iam
1517 3168 1712 3228 etiam
1749 3188 1859 3245 per
1896 3171 1958 3228 te
1994 3187 2150 3243 meo,
2184 3186 2286 3227 me
2323 3184 2511 3244 quam
2539 3184 2696 3226 com·

297 3264 846 3325 mendatissimum
892 3267 1089 3328 facere
1130 3266 1427 3339 studebis,
1472 3265 1893 3345 purgabisque
1941 3265 2107 3343 quod
2154 3264 2321 3326 nihil
2370 3284 2480 3342 per
2522 3263 2697 3339 ¹hunc

294 3362 693 3441 scripserim,
678 3384 693 3399 ·
750 3365 1015 3425 scribam
1057 3384 1093 3425 e
1132 3364 1407 3438 Parisiis,
1448 3364 1559 3427 vbi
1600 3383 1995 3425 reuersurum
2037 3363 2308 3424 audiero.
2395 3362 2567 3437 Vale,
2605 3359 2696 3421 mi
2720 3367 2785 3431 65

295 3460 545 3521 Antoni
573 3460 952 3537 charissime,
988 3482 1241 3540 nosque,
1275 3464 1439 3542 quod
1469 3462 1634 3537 facis,
1665 3482 1824 3524 ama.

378 3558 772 3619 Praefectum
812 3562 1002 3636 aulae,
1041 3561 1252 3622 virum
1288 3561 1839 3636 humanissimum,
1881 3564 2274 3651 caeterosque
2314 3557 2499 3620 nobis
2537 3558 2697 3620 bene

295 3656 638 3735 cupientes,
672 3657 832 3718 meis
858 3654 1068 3720 verbis
1095 3660 1411 3722 salutabis.

376 3754 686 3816 Aureliae.
722 3774 820 3817 111.
854 3756 1010 3820 Idus
1037 3758 1425 3820 Decembres.
1510 3760 1701 3818 Anno
1730 3777 1871 3818 mn.
1906 3753 2011 3839 [1.]

1311 3897 1688 3946 APPENDIX.

378 3982 477 4043 Ns
504 3982 767 4057 mireris,
798 3984 1063 4056 Antoni,
1095 3986 1264 4063 quod
1297 3985 1366 4046 in
1403 3984 1585 4046 initio
1616 3983 1808 4046 huius
1839 3983 2138 4061 epistolae
2173 3982 2549 4059 negauimus
2580 4002 2697 4044 nos
2726 3914 2787 3963 ⁷0

290 4083 371 4145 D.
415 4080 655 4143 Abbati
702 4081 984 4159 scribere,
1030 4104 1177 4144 cum
1224 4083 1673 4163 scripserimus.
1763 4083 1923 4144 Cum
1972 4081 2143 4142 enim
2185 4080 2241 4142 is
2287 4079 2542 4142 tabellio
2582 4099 2697 4141 nos
2752 4114 2766 4141 2

290 4179 638 4256 fefellisset,
691 4183 758 4242 et
807 4179 914 4243 hic
960 4201 1116 4261 puer
1164 4202 1202 4243 a
1247 4183 1438 4244 Batto
1485 4183 1728 4260 praeter
1774 4200 1949 4259 spem
2002 4179 2260 4254 adesset,
2306 4178 2697 4240 mutauimus

362 4297 443 4357 36.
480 4295 544 4344 D.
571 4310 663 4344 mn.
684 4298 752 4343 H.
1008 4310 1092 4358 37.
1124 4311 1188 4346 ea
1207 4310 1295 4346 om.
1322 4298 1388 4345 H.
1644 4309 1725 4357 49.
1762 4294 1828 4344 D.
1852 4308 1941 4343 om.
1968 4297 2034 4343 H.
2301 4304 2383 4352 53.
2420 4290 2485 4339 D.
2509 4305 2600 4338 om.
2625 4294 2694 4341 Η.

292 4363 379 4423 56.
423 4365 522 4411 1⁹:
541 4359 586 4408 ἃ.
621 4359 833 4409 Dismas
867 4361 976 4411 iam
1009 4362 1102 4411 hic
1133 4365 1195 4413 Ε.
1459 4361 1541 4423 58.
1587 4359 1917 4423 persuaseris
1949 4363 2017 4410 H.
2270 4358 2351 4406 60.
2398 4354 2465 4405 D.
2500 4370 2592 4407 om.
2625 4358 2693 4405 H.

290 4430 377 4476 61.
413 4426 710 4474 maximam
733 4440 795 4487 gr
768 4426 962 4475 ratiam
986 4429 1052 4477 Η.
1250 4429 1336 4489 63.
1370 4426 1612 4476 Antonio
1632 4428 1715 4475 H.
1750 4425 1816 4474 N.
1842 4428 1898 4474 Ε.
2101 4438 2177 4485 72.
2214 4421 2280 4472 D.
2306 4432 2394 4470 om.
2417 4423 2483 4469 H.

361 4546 442 4603 63.
478 4539 752 4604 Antonio]
775 4540 888 4588 The
912 4539 1115 4587 editors
1137 4540 1194 4588 of
1207 4538 1250 4587 Ε
1277 4538 1387 4587 and
1405 4538 1447 4587 F
1550 4537 1690 4585 from
1716 4537 1843 4585 Batt
1865 4536 1923 4584 of
1941 4535 2035 4584 the
2058 4533 2280 4583 Abbot's
2304 4533 2535 4581 return.

291 4623 437 4656 were
457 4604 867 4667 unnecessarily
887 4604 1130 4653 discreet.
1617 4617 1702 4663 73.
1736 4602 1825 4650 hic
1848 4599 2007 4665 puer]
2035 4601 2211 4661 Leuis,
2229 4598 2367 4647 with
2392 4611 2461 4646 an
2485 4610 2695 4644 answer

361 4671 772 4735 7o.Ar1>1:1‹mx]
805 4671 1046 4719 Written
1061 4670 1201 4719 after
1221 4668 1448 4730 hearing
1549 4670 1607 4716 to
1632 4668 1727 4730 ΕΡ.
1760 4681 1882 4729 135
1917 4666 2187 4715 Erasmus’
2213 4662 2436 4726 replyis
2457 4662 2557 4724 Ep.
2584 4676 2692 4724 139.
