3355 5380
632 367 744 422 180
1332 361 1710 422 LETTERS
1765 361 1872 421 OF
1926 360 2328 422 ERASMUS
2845 355 3033 440 [1497

626 524 959 582 contemne
985 519 1251 581 senilem
1280 518 1728 593 morositatem,
1763 538 1868 579 me
1893 538 2138 595 quoque
2165 517 2222 578 si
2249 516 2427 577 voles
2453 536 2530 577 ex
2566 515 2782 576 animo
2810 516 3034 588 deleto,

627 620 814 680 modo
842 618 1009 678 nihil
1035 619 1282 694 praeter
1309 616 1524 677 literas
1549 616 1801 693 cogites.
1874 614 2129 676 Nullius
2154 635 2356 692 neque
2384 614 2601 675 odium
2632 633 2836 692 neque
2861 634 3041 675 amor

631 720 885 778 tantum
915 716 1078 793 apud
1107 719 1173 775 te
1200 715 1408 775 valeat
1435 718 1508 775 vt
1545 734 1582 774 a
1618 715 1780 775 bene
1810 715 2010 791 ceptis
2047 713 2235 774 rebus
2269 713 2566 774 desistere
2592 711 2770 774 velis.
2856 712 3040 775 Senis

510 842 605 881 200
630 820 692 877 et
718 816 1004 893 linguam
1032 817 1096 873 et
1123 813 1412 874 animum
1439 813 1532 872 ita
1560 811 1768 873 oderis
1794 815 1868 873 vt
1895 813 2056 873 ferre
2084 812 2260 887 velis,
2282 810 2522 872 imitari
2549 809 2731 872 nolis.
2802 812 2891 873 Te
2917 810 3040 871 tibi

629 932 940 991 propone3
997 932 1156 989 quae
1194 913 1305 972 tuo
1347 930 1589 988 genere,
1635 929 1796 988 quae
1837 912 1947 971 tua
1989 910 2216 984 indole,
2265 913 2375 970 tua
2418 911 2629 968 mente
2673 908 2866 985 digna
2909 909 3041 969 sint

629 1014 862 1072 curato.
946 1010 1422 1086 Praeceptor-em
1456 1008 1652 1069 habes
1689 1012 1823 1068 tam
1860 1011 1925 1068 te
1964 1008 2228 1084 dignum
2257 1027 2449 1085 quam
2478 1026 2628 1067 sene
2665 1007 3040 1084 indignum;

630 1128 774 1169 eum
814 1108 1092 1169 obserua.
1179 1108 1340 1167 Cum
1371 1106 1644 1167 Roberto
1688 1126 1770 1166 ne
1811 1106 2151 1184 pugnaris3
2200 1105 2526 1167 hominem
2564 1104 2728 1164 mihi
2762 1105 3039 1166 amicum

630 1207 827 1285 cupio.
932 1207 1161 1267 Senem
1217 1206 1274 1265 si
1327 1224 1456 1265 non
1513 1204 1735 1279 oderis,
1795 1204 2138 1266 modestiae
2204 1208 2268 1265 et
2335 1204 2674 1281 patientiae
2729 1203 3044 1264 videberis

513 1332 605 1384 205
631 1303 1034 1378 meminisse;
1091 1304 1195 1364 sin
1242 1302 1551 1363 eiusmodi
1599 1305 1956 1364 monstrum
2004 1322 2285 1380 vnquam
2342 1322 2553 1363 amare
2605 1302 2858 1380 poteris,
2916 1321 3044 1363 om·

633 1403 815 1462 nium
851 1401 1220 1462 mortalium
1254 1399 1615 1461 leuissimus
1651 1400 1860 1461 fueris.
1935 1401 2100 1462 Nam
2129 1402 2187 1461 si
2215 1421 2291 1462 ex
2318 1401 2531 1462 animo
2568 1400 2777 1475 facies,
2805 1399 3043 1460 stultis·

632 1501 832 1562 simus
871 1499 1033 1573 eris;
1076 1498 1178 1558 sin
1219 1498 1599 1574 adulatione,
1643 1499 2049 1577 turpissimus
2089 1502 2460 1560 assentator.
2546 1500 2705 1561 Tam
2744 1498 3043 1560 insanum

633 1603 728 1660 est
755 1600 1002 1659 hostem
1024 1597 1356 1674 complecti
1384 1617 1576 1675 quam
1607 1598 1929 1676 ingratum
1958 1598 2235 1658 amicum
2273 1598 2604 1675 negligere.
2678 1598 2853 1659 Bene
2881 1597 3039 1657 vale.

722 1696 1001 1757 Parisiis.
1089 1714 1193 1755 An.
1228 1714 1665 1757 mccccxcvn.

1474 1893 1577 1954 59.
1666 1888 1764 1955 To
1812 1909 1856 1954 A
1904 1890 2201 1955 mem.

707 1977 951 2049 Farrago
977 1995 1030 2047 p.
1058 1979 1145 2033 81.
2618 1976 2814 2051 (Paris
2830 1977 2896 2051 ⁴2)

706 2067 765 2121 F.
792 2084 850 2137 p.
876 2082 1014 2133 244:
1054 2063 1162 2119 HN
1180 2082 1195 2120 :
1234 2064 1409 2121 Lond.
1435 2064 1505 2120 iv.
1534 2066 1636 2120 28:
1674 2064 1788 2120 LB.
1813 2066 1899 2132 48.
2550 2063 2721 2138 (July
2750 2080 2884 2138 1497
2902 2064 2968 2140 ⁴2>

703 2189 859 2254 [This
888 2186 1179 2236 resembles
1201 2186 1300 2248 Rp.
1326 2187 1392 2246 58
1413 2187 1474 2233 in
1504 2188 1651 2237 tone.
1725 2186 1781 2235 It
1811 2200 1938 2248 may
1962 2186 2098 2237 have
2127 2187 2266 2236 been
2297 2186 2587 2238 addressed
2618 2189 2675 2238 to
2698 2189 2906 2252 ficher,
2930 2190 3045 2239 and

639 2258 761 2303 sent
784 2257 842 2303 at
863 2254 963 2302 the
986 2267 1132 2301 same
1157 2250 1335 2316 time.]

1380 2385 1697 2434 ERASMVS
1743 2384 1968 2434 Ammo
2011 2385 2305 2435 OVIDAM.

721 2512 859 2572 PER
882 2513 1059 2569 tuam
1083 2505 1560 2583 humanitatem,
1593 2506 1669 2567 N.
1702 2506 2168 2578 iucundissime,
2189 2508 2439 2570 obmro
2461 2513 2533 2571 vt
2554 2509 2718 2570 mihi
2743 2511 3046 2588 ignoscas,

643 2609 806 2687 quod
859 2627 1060 2685 neque
1110 2604 1313 2666 multa
1368 2625 1570 2683 neque
1624 2605 1819 2683 digna
1867 2610 1931 2667 te
1977 2606 2095 2668 tibi
2151 2609 2526 2685 scripserim.
2613 2609 2809 2670 Crede
2863 2608 3045 2685 mihi,

640 2710 932 2770 voluntas
972 2703 1413 2766 ardentissima
1453 2707 1599 2778 erat,
1645 2705 1752 2766 sed
1793 2707 1863 2766 in
1906 2705 2082 2766 luctu
2126 2705 2330 2768 iocosa
2374 2707 2644 2769 scribere
2685 2705 3051 2785 perdifficile

638 2812 751 2869 eet.
840 2805 1141 2866 Nondum
1178 2823 1279 2863 me
1313 2802 1556 2882 collegi,
1591 2804 1875 2865 nondum
1909 2805 1987 2866 ad
2024 2826 2129 2866 me
2162 2806 2338 2880 redii,
2374 2825 2561 2866 conor
2597 2808 2810 2866 tamen
2847 2804 3050 2866 Musis

584 2919 612 2970 5
641 2904 1050 2965 adiutricibus
1077 2902 1314 2979 aliquid
1344 2904 1409 2962 te
1438 2902 1702 2979 dignum
1730 2903 1849 2963 tibi
1876 2903 2178 2964 dedicare.
2267 2903 2504 2964 Verum
2532 2924 2613 2964 ne
2649 2924 2751 2963 me
2790 2903 3050 2964 interim

639 3000 965 3062 tantillum
1009 2999 1244 3060 laboris
1294 3003 1403 3060 tua
1455 3020 1638 3061 causa
1681 3000 1991 3078 defugisse
2038 3006 2304 3080 putares,
2356 3002 2680 3080 imperaui,
2727 3005 2801 3064 vt
2851 3004 3047 3081 potui,

640 3100 854 3160 animo
891 3117 1047 3173 meo,
1078 3117 1150 3158 80
1193 3097 1630 3175 Dionysiolam
1670 3102 1954 3159 nostram
1996 3119 2139 3160 sum
2181 3100 2513 3175 imitatus3
2568 3120 2724 3178 quae
2766 3119 3053 3162 nonnun-

643 3215 849 3273 quam,
901 3197 975 3256 vt
1022 3195 1159 3269 scis,
1208 3215 1352 3254 cum
1396 3194 1740 3273 lachrymis
1782 3197 1950 3257 canit
1997 3219 2068 3259 ac
2116 3199 2319 3260 saltat.
2426 3199 2555 3261 Vbi
2598 3200 2669 3260 in
2716 3200 3049 3277 antiquum

643 3295 930 3353 animum
977 3293 1231 3367 rediero,
1276 3293 1438 3353 nihil
1483 3313 1521 3353 a
1562 3313 1667 3353 me
1713 3294 1947 3356 frustra
1988 3300 2179 3374 petes,
2229 3296 2394 3374 quod
2439 3297 2695 3375 quidem
2740 3300 3052 3376 praestare

558 3404 619 3440 10
644 3408 883 3468 queam.
972 3389 1061 3450 Te
1107 3410 1219 3468 pro
1271 3393 1483 3451 nostra
1525 3392 1987 3455 necessitudine
2029 3395 2263 3472 hortor,
2308 3399 2381 3456 vt
2423 3398 2556 3457 toto
2597 3396 2809 3457 animo
2844 3395 3052 3457 literis

644 3487 985 3561 incumbas,
1018 3486 1185 3548 nihil
1214 3487 1510 3549 dubitans
1546 3490 1701 3568 quin
1727 3489 1959 3552 bonam
1988 3497 2230 3570 partem
2264 3493 2354 3554 sis
2383 3496 2796 3555 assecuturus.
2883 3494 3054 3570 Quas

647 3587 702 3646 si
734 3584 994 3662 amabis,
1023 3605 1127 3645 me
1161 3586 1365 3648 odisse
1403 3607 1532 3649 non
1566 3590 1818 3667 poteris.
1906 3590 2148 3653 Hortor
2183 3591 2380 3668 igitur
2418 3594 2498 3668 te,
2538 3612 2666 3653 non
2702 3593 2909 3653 solum
2941 3595 3056 3653 tua

646 3704 843 3760 causa,
876 3684 1292 3745 verumetiam
1322 3705 1477 3747 mea.
1549 3687 1727 3748 Bene
1752 3690 1816 3748 te
1842 3687 2047 3749 valere
2075 3689 2271 3768 cupio.
2345 3690 2583 3751 Omnes
2611 3692 2751 3751 tuae
2777 3688 3055 3750 familiae

650 3788 812 3844 recte
837 3783 1043 3843 valere
1072 3802 1305 3861 precor.
1395 3780 1920 3868 [mccccaovm]

1312 3993 1418 4056 60.
1510 3992 1606 4057 Το
1649 3992 1839 4058 Jonn
1885 4009 1970 4058 or
2016 3993 2381 4062 BsussssLs.

718 4075 965 4148 Farrago
990 4095 1045 4150 p.
1075 4091 1156 4147 77.
2696 4081 2873 4138 Pario.

720 4163 779 4219 P.
807 4181 862 4234 p.
891 4178 1027 4231 241:
1069 4163 1211 4220 HN:
1249 4165 1424 4221 Lond.
1452 4165 1521 4220 iv.
1549 4181 1652 4221 22:
1691 4166 1802 4221 LB.
1834 4169 1914 4224 16.
2589 4169 2795 4243 Only)
2829 4183 2981 4241 1497.

717 4284 1010 4350 [Probably
1031 4288 1259 4336 written
1288 4290 1346 4337 to
1375 4302 1659 4338 announce
1691 4288 1788 4337 the
1819 4289 2015 4339 breach
2040 4291 2179 4339 with
2212 4291 2301 4340 his
2329 4291 2559 4354 English
2592 4292 2779 4356 pupils
2801 4291 2925 4355 (Ep.
2948 4292 3059 4353 58).

648 4351 763 4401 The
786 4350 1129 4414 significance
1160 4351 1220 4402 of
1245 4359 1498 4413 antiquum
1514 4389 1528 4403 .
1550 4389 1564 4402 .
1586 4357 1824 4417 animum,
1850 4355 1960 4403 and
1991 4356 2088 4404 the
2111 4356 2387 4406 reference
2419 4361 2477 4407 to
2507 4358 2604 4407 the
2625 4359 2789 4408 Vicar
2818 4357 3060 4421 identify

651 4416 766 4466 this
785 4417 934 4466 John
961 4417 1022 4467 of
1047 4418 1293 4468 Brussels
1320 4420 1459 4468 with
1491 4420 1590 4468 the
1618 4420 1807 4468 Canon
1839 4420 1899 4468 or
1922 4420 2019 4483 Ep.
2051 4435 2143 4482 155
2174 4421 2285 4470 and
2316 4424 2415 4471 not
2446 4423 2585 4472 with
2615 4424 2764 4474 John
2788 4423 3058 4473 Mauburn

652 4483 778 4546 (Ep.
815 4485 917 4547 52).
989 4484 1075 4532 He
1114 4498 1225 4533 was
1262 4485 1523 4548 probably
1563 4486 1628 4533 in
1664 4485 2016 4546 dependenoe
2054 4502 2125 4534 on
2165 4488 2263 4536 the
2305 4488 2511 4551 Bishop
2549 4489 2610 4538 of
2643 4489 2909 4552 cambray
2946 4489 3058 4538 and

650 4549 880 4612 perhaps
913 4548 1162 4612 officially
1194 4550 1486 4599 connected
1521 4549 1662 4598 with
1693 4551 1789 4599 the
1821 4552 1998 4602 Vicar.
2068 4552 2149 4603 Cf.
2187 4553 2323 4616 Epp.
2362 4554 2565 4621 153-5.]

686 4667 763 4716 58.
787 4679 895 4728 199.
932 4666 1091 4715 rebus
1112 4681 1204 4716 om.
1225 4668 1290 4714 H.
1427 4680 1542 4726 ⁹⁰⁴·
1579 4666 1823 4730 cupiolv'z
1856 4668 2010 4731 capio
2032 4670 2089 4717 Ε.
2224 4671 2304 4719 59.
2329 4684 2406 4730 14.
2441 4674 2938 4721 ι.οοοσ.κσν1118ᾱό.
2957 4674 3028 4722 Β.
