3355 5380
685 377 759 433 28
1385 373 1763 434 LETTERS
1819 372 1926 434 OF
1978 372 2376 435 ERASMUS
2883 368 3078 452 [1524

683 531 1022 607 impetierit
1050 534 1115 591 et
1138 532 1370 592 famam
1399 533 1464 591 et
1489 530 1690 591 vitam
1717 529 1922 590 amici.
2012 529 2178 589 Nam
2206 528 2465 589 omnino
2502 547 2602 588 res
2637 527 2772 606 ipsa
2798 527 3089 604 loquitur

685 627 1045 689 Huttenum
1090 649 1216 689 non
1258 629 1382 689 alio
1427 629 1691 689 consilio
1732 628 2053 705 scripsisse
2093 627 2184 686 sic
2223 627 2293 686 in
2336 647 2454 697 me,
2499 646 2687 704 quam
2729 628 2799 686 vt
2840 625 3087 685 calamo

682 726 997 803 ing-uiaret
1038 747 1227 805 quem
1262 727 1470 803 gladio
1508 747 1635 787 non
1673 729 1929 802 poterat.
2017 727 2102 786 Et
2138 728 2211 784 vt
2244 725 2369 785 sibi
2399 725 2728 785 videbatur
2755 724 2855 784 vir
2880 723 3083 799 fortis,

683 823 773 883 sic
806 825 1153 901 cogitabat:
1205 827 1219 855 ‘
1239 824 1569 885 Seniculus
1605 828 1716 897 est,
1748 824 2242 884 valetudinarius
2278 828 2390 895 est,
2425 823 2828 883 meticulosus
2861 826 2928 883 et
2966 823 3088 882 im-

632 945 660 993 5
684 922 924 983 becillis
951 927 1062 997 est,
1097 943 1245 984 mox
1278 923 1511 983 efflabit
1546 923 1839 997 animam,
1872 922 1982 982 vbi
2005 921 2229 999 legerit
2256 921 2404 981 haec
2430 924 2562 981 tam
2589 921 2860 982 atrocia-⁹
2943 921 3090 981 Hoc

685 1019 871 1080 illum
900 1020 1217 1099 cogitasse,
1249 1040 1432 1081 voces
1457 1020 1648 1080 etiam
1677 1040 1829 1097 quas
1857 1021 2128 1081 iactabat
2155 1020 2514 1097 arguebant.

768 1118 951 1179 Nunc
989 1120 1312 1197 appellabo
1361 1118 1806 1179 conscientiam
1855 1118 2115 1179 illorum
2160 1119 2271 1195 qui
2325 1117 2687 1178 Huttenum
2744 1117 3092 1177 domestice

686 1218 1008 1289 nouerant,
1051 1236 1409 1294 quanquam
1449 1219 1514 1276 et
1554 1216 1625 1275 hi
1665 1216 1893 1292 quibus
1933 1237 2079 1277 cum
2119 1216 2234 1276 illo
2276 1215 2454 1276 nulla
2494 1217 2629 1276 erat
2668 1215 3087 1287 familiaritas,

683 1318 923 1374 norunt
962 1335 1150 1392 quam
1189 1314 1378 1374 fuerit
1419 1315 1625 1375 omnis
1664 1314 1838 1375 illius
1875 1315 2009 1376 vita
2050 1314 2361 1390 militaris,
2402 1333 2482 1391 ne
2521 1314 2711 1374 verbo
2751 1318 2894 1374 vtar
2933 1334 3096 1374 acer-

600 1437 663 1474 10
686 1413 896 1474 biore:
945 1416 1006 1473 et
1036 1415 1245 1472 tamen
1269 1414 1336 1472 in
1365 1415 1498 1474 tota
1525 1412 1801 1490 Spongia
1828 1433 2137 1491 nusquam
2165 1412 2389 1472 obiicio
2415 1412 2656 1485 luxum,
2688 1431 2874 1487 quem
2903 1411 3094 1471 illum

686 1531 800 1571 nec
826 1511 1205 1571 miserabilis
1226 1510 1338 1570 ille
1357 1510 1616 1571 morbus
1637 1511 1930 1572 dedocere
1947 1510 2167 1587 potuit,
2187 1530 2500 1588 nusquam
2521 1510 2720 1573 aleam
2740 1513 2850 1569 aut
2868 1514 3091 1583 scorta,

686 1628 996 1685 nusquam
1032 1608 1391 1687 profusione
1429 1609 1747 1669 decoctam
1787 1609 2134 1685 pecuniam,
2175 1610 2514 1670 conflatum
2556 1628 2662 1668 aes
2696 1608 2972 1668 alienum
3017 1627 3097 1669 ac

685 1707 1020 1766 frustratos
1047 1706 1396 1767 creditores.
1457 1707 1595 1767 Iam
1625 1706 1736 1771 illa
1763 1707 2041 1768 facinora
2061 1727 2219 1785 quae
2241 1707 2610 1783 designauit,
2631 1709 2876 1767 extorta
2894 1728 2932 1767 a
2952 1707 3098 1767 Car·

687 1803 1073 1866 tusiensibus
1090 1804 1369 1881 pecunia,
1383 1805 1691 1868 truncatis
1707 1805 1945 1881 aliquot
1962 1805 2299 1879 monachis,
2312 1803 2618 1882 impetitis
2635 1804 2703 1863 in
2723 1806 2824 1865 via
2838 1805 3097 1882 publica

603 1924 661 1973 15
687 1902 892 1963 tribus
945 1902 1289 1976 abbatibus,
1346 1903 1426 1963 ob
1483 1903 1649 1980 quod
1704 1904 1942 1963 facinus
1995 1923 2194 1964 vnum
2247 1923 2282 1962 e
2330 1903 2590 1963 famulis
2633 1902 3096 1979 deprehensum

688 2000 1021 2061 decollauit
1074 2000 1296 2061 Comes
1348 2002 1774 2063 Palatinus—
1792 2002 1963 2075 haec,
2025 2002 2301 2077 inquam,
2361 2004 2548 2077 atque
2601 2001 2793 2061 huius
2845 2002 3098 2078 generis

685 2099 995 2176 permulta
1035 2098 1228 2158 etiam
1269 2100 1538 2176 populus
1577 2099 1808 2177 vbique
1856 2100 2072 2173 nouit3
2127 2119 2239 2175 ego
2282 2102 2497 2158 tamen
2543 2098 2706 2158 nihil
2751 2099 2977 2159 horum
3024 2099 3095 2157 in

688 2196 963 2273 Spongia
1002 2197 1238 2270 resi-icc,
1269 2217 1383 2257 nec
1424 2198 1493 2256 in
1535 2198 1783 2257 hostem
1825 2217 2038 2274 regero
2078 2217 2225 2260 vera
2264 2199 2535 2273 notaque
2575 2196 2853 2269 crimina,
2891 2217 3098 2274 quum

687 2295 796 2355 ille
838 2295 907 2355 in
950 2295 1228 2356 amicum
1270 2300 1459 2373 atque
1508 2296 1704 2357 etiam
1750 2296 1905 2355 bene
1958 2295 2257 2355 meritum
2312 2299 2558 2356 tantam
2611 2295 3098 2355 falsissimorum

606 2414 667 2448 20
689 2393 1028 2454 criminum
1057 2394 1327 2453 Lernam
1356 2394 1905 2473 impudentissime
1935 2394 2328 2471 congesserit.
2417 2395 2508 2454 At
2542 2393 2612 2452 in
2648 2396 2780 2453 tota
2821 2395 3098 2472 Spongia

690 2492 941 2553 nullum
998 2491 1347 2568 praedoniS‚
1394 2493 1664 2569 raptoris
1720 2495 1829 2552 aut
1869 2493 2130 2552 latronis
2181 2496 2291 2552 aut
2332 2492 2668 2552 decoctoris
2711 2493 3092 2553 conuicium.

690 2589 854 2649 Nam
897 2590 1060 2666 quod
1104 2589 1237 2648 illic
1279 2590 1347 2651 in
1387 2610 1612 2667 genere
1660 2591 1906 2664 dicitur,
1953 2591 2031 2652 ad
2077 2592 2313 2651 nullius
2353 2590 2802 2650 contumeliam
2855 2591 2961 2650 sed
3015 2591 3098 2651 ad

690 2688 978 2750 omnium
996 2688 1338 2750 vtilitatem
1365 2689 1655 2769 pertinet.
1716 2689 1799 2750 Et
1827 2693 1979 2751 sunt
2005 2690 2230 2767 quibus
2256 2689 2472 2753 videor
2495 2690 2675 2749 atrox
2701 2689 2770 2749 in
2798 2689 3094 2767 Spongia.

693 2788 860 2863 Quas
887 2808 1087 2865 nugas
1115 2788 1223 2847 ille
1248 2789 1688 2864 expostulator,
1724 2808 1911 2864 quam
1939 2788 2253 2849 atrocibus
2280 2787 2489 2848 verbis
2515 2792 2876 2864 exaggerat!
2960 2790 3101 2866 Ego

608 2906 666 2954 ²5
693 2887 762 2946 in
807 2889 941 2946 tam
984 2885 1201 2946 multis
1242 2890 1306 2947 et
1345 2886 1539 2964 vulgo
1582 2888 1753 2947 notis
1792 2907 1874 2947 an
1917 2907 2048 2946 non
2090 2886 2431 2963 potuissem
2472 2905 2603 2946 esse
2645 2887 2930 2960 disertus,
2967 2888 3102 2948 nisi

693 3005 906 3045 meum
934 2985 1259 3062 ingenium
1287 2987 1692 3048 vehementer
1717 2987 2077 3046 abhorreret
2104 3004 2141 3044 a
2166 2985 2650 3047 maledicentia?
2721 2987 2814 3047 De
2840 2988 3102 3064 vulgata

693 3085 770 3143 ad
812 3085 989 3144 Card.
1032 3084 1474 3161 Moguntinum
1516 3082 1780 3160 epistola
1815 3084 1903 3144 sic
1945 3083 2155 3157 refer0,
2187 3086 2260 3145 vt
2300 3084 2435 3161 ipse
2469 3086 2642 3145 solus
2682 3084 2873 3145 fuerit
2911 3086 3103 3146 intel·

691 3183 985 3243 lecturus.
1072 3183 1364 3242 Alterum
1400 3182 1642 3242 facinus
1680 3181 1799 3240 hoc
1830 3182 2020 3244 etiam
2058 3183 2448 3259 perfidiosius
2487 3203 2603 3243 nec
2638 3185 2897 3261 attingo,
2932 3185 3102 3262 quod

693 3280 1009 3354 vtrunque
1038 3279 1457 3339 condonatam
1492 3279 1801 3339 amicitiae
1840 3283 2130 3354 nostrae3
2175 3283 2240 3340 et
2281 3280 2391 3342 ille
2428 3281 2685 3358 putabat
2722 3301 2991 3360 aequum
3027 3286 3103 3343 vt

610 3395 672 3442 30
697 3376 776 3435 ob
819 3378 1180 3436 excusatum
1227 3376 1609 3454 colloquium
1658 3376 1748 3436 sic
1804 3376 2280 3437 debaccharetur
2332 3378 2399 3438 in
2452 3380 2743 3454 amicum,
2787 3380 2973 3456 idque
3032 3380 3104 3440 in

695 3473 962 3550 gratiam
1017 3473 1205 3533 vnius
1259 3476 1367 3534 aut
1423 3473 1692 3545 alterius,
1740 3474 2112 3551 quibuscum
2164 3479 2559 3538 contraxerat
2608 3498 2838 3540 nouam
2894 3477 3107 3538 amici·

697 3573 853 3631 tiam
892 3571 1013 3648 ipsi
1052 3590 1176 3631 non
1209 3591 1439 3648 magno
1463 3572 1744 3635 futuram
1772 3573 1933 3634 vsui.
2024 3573 2092 3633 Si
2121 3575 2283 3634 falsa
2318 3575 2583 3636 crimina
2617 3576 2795 3638 falsis
2827 3575 3105 3637 retalias·

698 3690 850 3743 sem,
883 3690 993 3746 par
1030 3670 1165 3747 pari
1203 3671 1474 3730 relatum
1512 3675 1661 3746 erat,
1696 3671 1819 3734 nisi
1855 3672 2019 3748 quod
2057 3673 2447 3749 plausibilior
2481 3677 2577 3733 est
2606 3675 2739 3735 eius
2766 3694 2951 3735 causa
2989 3675 3105 3751 qui

699 3768 1019 3828 lacessitus
1044 3768 1253 3845 prodit
1281 3769 1351 3828 in
1379 3789 1674 3845 pugnam.
1764 3770 1947 3830 Nunc
1973 3771 2231 3832 acerbus
2257 3772 2490 3846 videor,
2525 3773 2634 3850 qui
2663 3773 2751 3833 sic
2779 3773 3105 3834 lacessitus

614 3882 673 3930 35
701 3869 796 3926 tot
835 3867 1261 3945 sycophantiis
1302 3887 1383 3927 ne
1422 3869 1586 3929 veris
1624 3869 1875 3945 quidem
1912 3888 1981 3928 ac
2021 3869 2255 3946 populo
2281 3870 2448 3936 notis
2482 3870 2852 3931 criminibus
2878 3871 3107 3931 abutor

702 3963 780 4024 ad
837 3966 963 4026 mei
1017 3966 1457 4028 defensionem.
1562 3966 1702 4027 Iam
1760 3967 1828 4027 in
1881 3967 2192 4027 inuidiam
2254 3969 2382 4028 mei
2437 3969 2776 4046 vulgarunt
2844 3968 3106 4030 Martini

702 4063 966 4124 Lutheri
1028 4064 1374 4142 epistolam,
1432 4065 1732 4141 priuatim
1799 4066 1878 4125 ad
1947 4067 2218 4127 amicum
2286 4067 2601 4144 scriptam,
2661 4069 2739 4129 de
2804 4068 3097 4147 Spongia.

772 4294 853 4340 27.
895 4279 1300 4342 Moguntinum'l
1326 4281 1495 4331 Lond.
1522 4284 1614 4332 xii.
1642 4297 1719 4340 10,
1749 4283 1851 4333 LB.
1952 4284 2019 4333 de
2038 4284 2261 4334 Erasmo
2278 4286 2541 4346 priuatim
2559 4287 2978 4350 scripta,deinde
2995 4287 3104 4336 alia

706 4361 822 4408 477,
846 4347 907 4394 in
931 4346 1112 4396 which
1144 4347 1401 4398 Erasmus
1431 4349 1623 4409 speaks
1644 4350 1772 4398 well
1801 4349 1860 4398 of
1953 4351 2021 4400 ad
2049 4352 2391 4400 Fabricium!
2443 4352 2554 4401 The
2576 4352 2776 4401 former
2800 4355 2843 4400 is
2865 4353 3101 4402 referred

708 4411 1135 4539 ngtssefautheri]
1151 4478 1491 4541 Apparently
1506 4494 1538 4527 a
1552 4479 1850 4531 confusion.
1952 4415 2310 4544 gssffiism‘ffae
2329 4420 2388 4531 «tao
2405 4418 2455 4531 212⁴
2459 4419 2513 4536 Ii:
2531 4433 2602 4531 ἐξ
2609 4418 2865 4533 affligar}
2869 4434 2937 4534 ‘g
2959 4434 3102 4532 {grati

706 4543 821 4592 The
846 4544 1006 4591 letter
1026 4544 1190 4591 about
1209 4544 1302 4592 the
1321 4549 1530 4604 sponqia
1549 4546 1594 4594 is
1614 4546 1717 4596 LE.
1739 4560 1850 4608 533,
1954 4551 2147 4596 Lumen·
2186 4551 2240 4595 cle
2281 4552 2479 4596 Erusmo
2511 4552 2831 4599 Romoaamo.
2895 4552 3103 4609 Epistola

709 4608 872 4657 dated
926 4623 948 4656 1
1000 4609 1111 4658 Oct.
1162 4622 1305 4672 1523,
1352 4611 1414 4658 in
1464 4611 1647 4660 which
1701 4612 1856 4659 these
1957 4617 2023 4659 ad
2066 4616 2288 4674 amioum,
2330 4613 2438 4661 and
2479 4614 2594 4664 also
2638 4629 2803 4676 many
2839 4616 3005 4664 times
3042 4615 3102 4664 in

708 4675 885 4725 words
906 4689 1078 4738 occur,
1105 4679 1118 4702 ‘
1134 4674 1281 4725 edita
1303 4679 1386 4727 est
1408 4679 1466 4726 et
1488 4691 1608 4727 mea
1631 4677 1857 4742 epistola
1957 4678 2208 4728 German.
2275 4679 2388 4730 The
2418 4679 2585 4731 latter
2606 4679 2733 4731 does
2756 4683 2852 4732 not
2872 4695 3101 4732 concern
