<?xml version="1.0" encoding="UTF-8"?>
<!DOCTYPE html PUBLIC "-//W3C//DTD XHTML 1.0 Transitional//EN"
    "http://www.w3.org/TR/xhtml1/DTD/xhtml1-transitional.dtd">
<html xmlns="http://www.w3.org/1999/xhtml" xml:lang="en" lang="en">
 <head>
  <title>
</title>
<meta http-equiv="Content-Type" content="text/html;charset=utf-8" />
  <meta name='ocr-system' content='tesseract 3.04.00' />
  <meta name='ocr-capabilities' content='ocr_page ocr_carea ocr_par ocr_line ocrx_word'/>
</head>
<body>
  <div class='ocr_page' id='page_1' title='image "./opusepistolarum00flowgoog_0420.png"; bbox 0 0 3355 5380; ppageno 0'>
   <div class='ocr_carea' id='block_1_1' title="bbox 645 355 3039 442">
    <p class='ocr_par' dir='ltr' id='par_1_1' title="bbox 645 355 3039 442">
     <span class='ocr_line' id='line_1_1' title="bbox 645 355 3039 442; baseline -0.001 -20"><span class='ocrx_word' id='word_1_1' title='bbox 645 365 764 422; x_wconf 78' lang='lat'><strong>386</strong></span> <span class='ocrx_word' id='word_1_2' title='bbox 1345 360 1723 423; x_wconf 75' lang='lat' dir='ltr'><strong>LETTERS</strong></span> <span class='ocrx_word' id='word_1_3' title='bbox 1777 359 1883 424; x_wconf 73' lang='lat' dir='ltr'><strong>OF</strong></span> <span class='ocrx_word' id='word_1_4' title='bbox 1935 360 2335 424; x_wconf 73' lang='lat' dir='ltr'>ERASMUS</span> <span class='ocrx_word' id='word_1_5' title='bbox 2846 355 3039 442; x_wconf 81' lang='lat'><strong>[1503</strong></span> 
     </span>
    </p>
   </div>
   <div class='ocr_carea' id='block_1_2' title="bbox 642 515 3045 695">
    <p class='ocr_par' dir='ltr' id='par_1_2' title="bbox 642 515 3045 695">
     <span class='ocr_line' id='line_1_2' title="bbox 726 515 3043 597; baseline -0 -18"><span class='ocrx_word' id='word_1_6' title='bbox 726 517 964 595; x_wconf 81' lang='lat' dir='ltr'><strong>Quanti</strong></span> <span class='ocrx_word' id='word_1_7' title='bbox 982 517 1262 580; x_wconf 89' lang='lat' dir='ltr'><strong>autemis</strong></span> <span class='ocrx_word' id='word_1_8' title='bbox 1278 516 1412 596; x_wconf 89' lang='lat' dir='ltr'><strong>ipse</strong></span> <span class='ocrx_word' id='word_1_9' title='bbox 1425 521 1710 579; x_wconf 86' lang='lat' dir='ltr'><strong>nostrum</strong></span> <span class='ocrx_word' id='word_1_10' title='bbox 1727 517 1958 594; x_wconf 79' lang='lat' dir='ltr'><strong>feeerit,</strong></span> <span class='ocrx_word' id='word_1_11' title='bbox 1977 517 2128 579; x_wconf 83' lang='lat' dir='ltr'><strong>hinc</strong></span> <span class='ocrx_word' id='word_1_12' title='bbox 2144 517 2416 597; x_wconf 78' lang='lat' dir='ltr'><strong>profecto</strong></span> <span class='ocrx_word' id='word_1_13' title='bbox 2432 515 2671 579; x_wconf 90' lang='lat' dir='ltr'><strong>clarum</strong></span> <span class='ocrx_word' id='word_1_14' title='bbox 2693 538 2711 592; x_wconf 90' lang='lat'>;</span> <span class='ocrx_word' id='word_1_15' title='bbox 2731 516 3043 596; x_wconf 88' lang='lat' dir='ltr'><strong>siquidem</strong></span> 
     </span>
     <span class='ocr_line' id='line_1_3' title="bbox 642 615 3045 695; baseline -0.001 -17"><span class='ocrx_word' id='word_1_16' title='bbox 642 619 930 678; x_wconf 86' lang='lat' dir='ltr'><strong>nostrum</strong></span> <span class='ocrx_word' id='word_1_17' title='bbox 957 616 1081 677; x_wconf 89' lang='lat' dir='ltr'><strong>sibi</strong></span> <span class='ocrx_word' id='word_1_18' title='bbox 1106 616 1416 694; x_wconf 75' lang='lat' dir='ltr'><strong>persuasit</strong></span> <span class='ocrx_word' id='word_1_19' title='bbox 1441 636 1554 695; x_wconf 86' lang='lat' dir='ltr'><strong>pro</strong></span> <span class='ocrx_word' id='word_1_20' title='bbox 1581 616 1717 678; x_wconf 91' lang='lat' dir='ltr'><strong>eius</strong></span> <span class='ocrx_word' id='word_1_21' title='bbox 1754 635 2005 678; x_wconf 89' lang='lat' dir='ltr'><strong>summo</strong></span> <span class='ocrx_word' id='word_1_22' title='bbox 2038 616 2389 679; x_wconf 89' lang='lat' dir='ltr'><strong>studiorum</strong></span> <span class='ocrx_word' id='word_1_23' title='bbox 2415 635 2624 676; x_wconf 90' lang='lat' dir='ltr'><strong>amore</strong></span> <span class='ocrx_word' id='word_1_24' title='bbox 2650 635 2886 693; x_wconf 91' lang='lat' dir='ltr'><strong>proque</strong></span> <span class='ocrx_word' id='word_1_25' title='bbox 2909 615 3045 676; x_wconf 88' lang='lat' dir='ltr'><strong>eius</strong></span> 
     </span>
    </p>
   </div>
   <div class='ocr_carea' id='block_1_3' title="bbox 557 713 3066 4233">
    <p class='ocr_par' dir='ltr' id='par_1_3' title="bbox 641 713 3048 793">
     <span class='ocr_line' id='line_1_4' title="bbox 641 713 3048 793; baseline -0.002 -16"><span class='ocrx_word' id='word_1_26' title='bbox 641 716 912 778; x_wconf 87' lang='lat' dir='ltr'><strong>candore</strong></span> <span class='ocrx_word' id='word_1_27' title='bbox 951 717 1150 777; x_wconf 90' lang='lat' dir='ltr'><strong>animi</strong></span> <span class='ocrx_word' id='word_1_28' title='bbox 1189 715 1467 793; x_wconf 88' lang='lat' dir='ltr'><strong>(qualem</strong></span> <span class='ocrx_word' id='word_1_29' title='bbox 1504 713 1627 777; x_wconf 90' lang='lat' dir='ltr'><strong>sibi</strong></span> <span class='ocrx_word' id='word_1_30' title='bbox 1667 714 2026 792; x_wconf 70' lang='lat' dir='ltr'><strong>exoptabat)</strong></span> <span class='ocrx_word' id='word_1_31' title='bbox 2067 713 2424 776; x_wconf 89' lang='lat' dir='ltr'><strong>studiorum</strong></span> <span class='ocrx_word' id='word_1_32' title='bbox 2451 714 2643 774; x_wconf 79' lang='lat' dir='ltr'><strong>fuisse</strong></span> <span class='ocrx_word' id='word_1_33' title='bbox 2669 713 3048 774; x_wconf 88' lang='lat' dir='ltr'><strong>acerrimum</strong></span> 
     </span>
    </p>

    <p class='ocr_par' dir='ltr' id='par_1_4' title="bbox 557 807 3051 1282">
     <span class='ocr_line' id='line_1_5' title="bbox 557 807 3048 889; baseline -0 -21"><span class='ocrx_word' id='word_1_34' title='bbox 557 831 621 883; x_wconf 76' lang='lat'><strong>30</strong></span> <span class='ocrx_word' id='word_1_35' title='bbox 645 813 711 872; x_wconf 90' lang='lat' dir='ltr'><strong>et</strong></span> <span class='ocrx_word' id='word_1_36' title='bbox 787 813 1138 872; x_wconf 84' lang='lat' dir='ltr'><strong>exactorem</strong></span> <span class='ocrx_word' id='word_1_37' title='bbox 1207 813 1271 871; x_wconf 92' lang='lat' dir='ltr'><strong>et</strong></span> <span class='ocrx_word' id='word_1_38' title='bbox 1354 808 1690 871; x_wconf 90' lang='lat' dir='ltr'><strong>stimulum</strong></span> <span class='ocrx_word' id='word_1_39' title='bbox 1758 811 1822 870; x_wconf 88' lang='lat' dir='ltr'><strong>et</strong></span> <span class='ocrx_word' id='word_1_40' title='bbox 1895 808 2151 885; x_wconf 89' lang='lat' dir='ltr'><strong>socium,</strong></span> <span class='ocrx_word' id='word_1_41' title='bbox 2226 827 2495 889; x_wconf 89' lang='lat' dir='ltr'><strong>quocum</strong></span> <span class='ocrx_word' id='word_1_42' title='bbox 2558 807 3048 869; x_wconf 64' lang='lat' dir='ltr'><strong>communicaret</strong></span> 
     </span>
     <span class='ocr_line' id='line_1_6' title="bbox 643 905 3049 988; baseline -0.002 -18"><span class='ocrx_word' id='word_1_43' title='bbox 643 909 1073 988; x_wconf 63' lang='lat' dir='ltr'><strong>gratioeimum</strong></span> <span class='ocrx_word' id='word_1_44' title='bbox 1141 909 1265 970; x_wconf 79' lang='lat' dir='ltr'><strong>fuit</strong></span> <span class='ocrx_word' id='word_1_45' title='bbox 1354 907 1648 986; x_wconf 89' lang='lat' dir='ltr'><strong>quicquid</strong></span> <span class='ocrx_word' id='word_1_46' title='bbox 1713 906 2038 986; x_wconf 89' lang='lat' dir='ltr'><strong>cogitando</strong></span> <span class='ocrx_word' id='word_1_47' title='bbox 2107 908 2449 982; x_wconf 86' lang='lat' dir='ltr'><strong>inuenerat,</strong></span> <span class='ocrx_word' id='word_1_48' title='bbox 2531 905 2824 985; x_wconf 90' lang='lat' dir='ltr'><strong>quicquid</strong></span> <span class='ocrx_word' id='word_1_49' title='bbox 2894 905 3049 967; x_wconf 84' lang='lat' dir='ltr'><strong>scri-</strong></span> 
     </span>
     <span class='ocr_line' id='line_1_7' title="bbox 645 1002 3051 1086; baseline -0.002 -17"><span class='ocrx_word' id='word_1_50' title='bbox 645 1007 852 1069; x_wconf 90' lang='lat' dir='ltr'><strong>bendo</strong></span> <span class='ocrx_word' id='word_1_51' title='bbox 893 1008 1190 1083; x_wconf 81' lang='lat' dir='ltr'><strong>effecerat,</strong></span> <span class='ocrx_word' id='word_1_52' title='bbox 1235 1004 1528 1086; x_wconf 90' lang='lat' dir='ltr'><strong>quicquid</strong></span> <span class='ocrx_word' id='word_1_53' title='bbox 1564 1004 1827 1085; x_wconf 90' lang='lat' dir='ltr'><strong>legendo</strong></span> <span class='ocrx_word' id='word_1_54' title='bbox 1862 1004 2180 1080; x_wconf 71' lang='lat' dir='ltr'><strong>didicerat,</strong></span> <span class='ocrx_word' id='word_1_55' title='bbox 2225 1005 2517 1085; x_wconf 91' lang='lat' dir='ltr'><strong>quicquid</strong></span> <span class='ocrx_word' id='word_1_56' title='bbox 2564 1005 2669 1066; x_wconf 79' lang='lat' dir='ltr'><strong>vel</strong></span> <span class='ocrx_word' id='word_1_57' title='bbox 2714 1004 2901 1068; x_wconf 88' lang='lat' dir='ltr'><strong>laude</strong></span> <span class='ocrx_word' id='word_1_58' title='bbox 2939 1002 3051 1065; x_wconf 75' lang='lat' dir='ltr'><strong>vel</strong></span> 
     </span>
     <span class='ocr_line' id='line_1_8' title="bbox 644 1103 3049 1185; baseline -0.002 -18"><span class='ocrx_word' id='word_1_59' title='bbox 644 1106 868 1167; x_wconf 91' lang='lat' dir='ltr'><strong>acriori</strong></span> <span class='ocrx_word' id='word_1_60' title='bbox 923 1106 1188 1185; x_wconf 91' lang='lat' dir='ltr'><strong>dignum</strong></span> <span class='ocrx_word' id='word_1_61' title='bbox 1246 1105 1476 1166; x_wconf 88' lang='lat' dir='ltr'><strong>iudicio</strong></span> <span class='ocrx_word' id='word_1_62' title='bbox 1534 1106 1989 1179; x_wconf 88' lang='lat' dir='ltr'><strong>annotauerat;</strong></span> <span class='ocrx_word' id='word_1_63' title='bbox 2050 1124 2171 1184; x_wconf 90' lang='lat' dir='ltr'><strong>que</strong></span> <span class='ocrx_word' id='word_1_64' title='bbox 2229 1104 2298 1164; x_wconf 92' lang='lat' dir='ltr'><strong>in</strong></span> <span class='ocrx_word' id='word_1_65' title='bbox 2345 1105 2483 1166; x_wconf 90' lang='lat' dir='ltr'><strong>eius</strong></span> <span class='ocrx_word' id='word_1_66' title='bbox 2536 1123 2713 1165; x_wconf 88' lang='lat' dir='ltr'><strong>aures</strong></span> <span class='ocrx_word' id='word_1_67' title='bbox 2771 1103 2922 1183; x_wconf 89' lang='lat' dir='ltr'><strong>ipse,</strong></span> <span class='ocrx_word' id='word_1_68' title='bbox 2972 1105 3049 1163; x_wconf 80' lang='lat' dir='ltr'><strong>vt</strong></span> 
     </span>
     <span class='ocr_line' id='line_1_9' title="bbox 644 1200 3050 1282; baseline -0.001 -17"><span class='ocrx_word' id='word_1_69' title='bbox 644 1204 865 1266; x_wconf 89' lang='lat' dir='ltr'><strong>itidem</strong></span> <span class='ocrx_word' id='word_1_70' title='bbox 920 1206 992 1266; x_wconf 91' lang='lat' dir='ltr'><strong>in</strong></span> <span class='ocrx_word' id='word_1_71' title='bbox 1050 1224 1196 1266; x_wconf 90' lang='lat' dir='ltr'><strong>suas</strong></span> <span class='ocrx_word' id='word_1_72' title='bbox 1237 1203 1359 1278; x_wconf 91' lang='lat' dir='ltr'><strong>ille,</strong></span> <span class='ocrx_word' id='word_1_73' title='bbox 1407 1201 1711 1281; x_wconf 78' lang='lat' dir='ltr'><strong>deposuit.</strong></span> <span class='ocrx_word' id='word_1_74' title='bbox 1799 1202 2058 1282; x_wconf 80' lang='lat' dir='ltr'><strong>Semper</strong></span> <span class='ocrx_word' id='word_1_75' title='bbox 2110 1200 2213 1264; x_wconf 86' lang='lat' dir='ltr'><strong>vel</strong></span> <span class='ocrx_word' id='word_1_76' title='bbox 2258 1202 2580 1281; x_wconf 70' lang='lat' dir='ltr'><strong>ingerebat</strong></span> <span class='ocrx_word' id='word_1_77' title='bbox 2646 1201 2880 1281; x_wconf 90' lang='lat' dir='ltr'><strong>aliquid</strong></span> <span class='ocrx_word' id='word_1_78' title='bbox 2943 1200 3050 1262; x_wconf 81' lang='lat' dir='ltr'><strong>vel</strong></span> 
     </span>
    </p>

    <p class='ocr_par' dir='ltr' id='par_1_5' title="bbox 558 1299 3054 1776">
     <span class='ocr_line' id='line_1_10' title="bbox 558 1299 3054 1380; baseline -0.001 -16"><span class='ocrx_word' id='word_1_79' title='bbox 558 1322 619 1374; x_wconf 76' lang='lat'><strong>35</strong></span> <span class='ocrx_word' id='word_1_80' title='bbox 645 1304 1020 1367; x_wconf 89' lang='lat' dir='ltr'><strong>contabatur</strong></span> <span class='ocrx_word' id='word_1_81' title='bbox 1056 1302 1159 1365; x_wconf 75' lang='lat' dir='ltr'><strong>vel</strong></span> <span class='ocrx_word' id='word_1_82' title='bbox 1199 1301 1531 1365; x_wconf 72' lang='lat' dir='ltr'><strong>dubitabat</strong></span> <span class='ocrx_word' id='word_1_83' title='bbox 1569 1300 1672 1363; x_wconf 82' lang='lat' dir='ltr'><strong>vel</strong></span> <span class='ocrx_word' id='word_1_84' title='bbox 1716 1300 2118 1380; x_wconf 73' lang='lat' dir='ltr'><strong>disceptabat,</strong></span> <span class='ocrx_word' id='word_1_85' title='bbox 2166 1320 2336 1362; x_wconf 89' lang='lat' dir='ltr'><strong>nunc</strong></span> <span class='ocrx_word' id='word_1_86' title='bbox 2392 1300 2843 1380; x_wconf 89' lang='lat' dir='ltr'><strong>negligentiam</strong></span> <span class='ocrx_word' id='word_1_87' title='bbox 2898 1299 3054 1361; x_wconf 90' lang='lat' dir='ltr'><strong>libe-</strong></span> 
     </span>
     <span class='ocr_line' id='line_1_11' title="bbox 644 1397 3051 1481; baseline -0.001 -19"><span class='ocrx_word' id='word_1_88' title='bbox 644 1401 795 1464; x_wconf 88' lang='lat' dir='ltr'><strong>riori</strong></span> <span class='ocrx_word' id='word_1_89' title='bbox 835 1401 1315 1481; x_wconf 86' lang='lat' dir='ltr'><strong>reprehensione</strong></span> <span class='ocrx_word' id='word_1_90' title='bbox 1342 1399 1695 1479; x_wconf 87' lang='lat' dir='ltr'><strong>castigabat,</strong></span> <span class='ocrx_word' id='word_1_91' title='bbox 1728 1420 1898 1463; x_wconf 89' lang='lat' dir='ltr'><strong>nunc</strong></span> <span class='ocrx_word' id='word_1_92' title='bbox 1940 1403 2236 1462; x_wconf 89' lang='lat' dir='ltr'><strong>conatum</strong></span> <span class='ocrx_word' id='word_1_93' title='bbox 2271 1398 2629 1478; x_wconf 84' lang='lat' dir='ltr'><strong>benigniori</strong></span> <span class='ocrx_word' id='word_1_94' title='bbox 2664 1397 3051 1477; x_wconf 87' lang='lat' dir='ltr'><strong>prouehebat</strong></span> 
     </span>
     <span class='ocr_line' id='line_1_12' title="bbox 646 1497 3049 1578; baseline -0.002 -17"><span class='ocrx_word' id='word_1_95' title='bbox 646 1498 847 1575; x_wconf 89' lang='lat' dir='ltr'><strong>laude,</strong></span> <span class='ocrx_word' id='word_1_96' title='bbox 888 1519 1113 1562; x_wconf 81' lang='lat' dir='ltr'><strong>verum</strong></span> <span class='ocrx_word' id='word_1_97' title='bbox 1153 1503 1220 1561; x_wconf 90' lang='lat' dir='ltr'><strong>et</strong></span> <span class='ocrx_word' id='word_1_98' title='bbox 1272 1499 1477 1562; x_wconf 90' lang='lat' dir='ltr'><strong>dicere</strong></span> <span class='ocrx_word' id='word_1_99' title='bbox 1520 1503 1586 1561; x_wconf 91' lang='lat' dir='ltr'><strong>et</strong></span> <span class='ocrx_word' id='word_1_100' title='bbox 1632 1498 1849 1561; x_wconf 89' lang='lat' dir='ltr'><strong>audire</strong></span> <span class='ocrx_word' id='word_1_101' title='bbox 1902 1499 2013 1578; x_wconf 89' lang='lat' dir='ltr'><strong>qui</strong></span> <span class='ocrx_word' id='word_1_102' title='bbox 2055 1501 2122 1560; x_wconf 90' lang='lat' dir='ltr'><strong>et</strong></span> <span class='ocrx_word' id='word_1_103' title='bbox 2162 1497 2349 1560; x_wconf 89' lang='lat' dir='ltr'><strong>sciuit</strong></span> <span class='ocrx_word' id='word_1_104' title='bbox 2400 1501 2466 1559; x_wconf 92' lang='lat' dir='ltr'><strong>et</strong></span> <span class='ocrx_word' id='word_1_105' title='bbox 2512 1498 2735 1560; x_wconf 85' lang='lat' dir='ltr'><strong>voluit.</strong></span> <span class='ocrx_word' id='word_1_106' title='bbox 2820 1498 3049 1576; x_wconf 84' lang='lat' dir='ltr'><strong>Itaque</strong></span> 
     </span>
     <span class='ocr_line' id='line_1_13' title="bbox 648 1595 3052 1677; baseline -0.001 -18"><span class='ocrx_word' id='word_1_107' title='bbox 648 1616 920 1675; x_wconf 88' lang='lat' dir='ltr'><strong>quocum</strong></span> <span class='ocrx_word' id='word_1_108' title='bbox 945 1599 1176 1659; x_wconf 85' lang='lat' dir='ltr'><strong>etatem</strong></span> <span class='ocrx_word' id='word_1_109' title='bbox 1192 1618 1320 1660; x_wconf 79' lang='lat' dir='ltr'><strong>vna</strong></span> <span class='ocrx_word' id='word_1_110' title='bbox 1346 1597 1566 1677; x_wconf 89' lang='lat' dir='ltr'><strong>degere</strong></span> <span class='ocrx_word' id='word_1_111' title='bbox 1597 1596 1717 1659; x_wconf 88' lang='lat' dir='ltr'><strong>hoc</strong></span> <span class='ocrx_word' id='word_1_112' title='bbox 1744 1600 1958 1659; x_wconf 88' lang='lat' dir='ltr'><strong>nostro</strong></span> <span class='ocrx_word' id='word_1_113' title='bbox 1998 1596 2292 1660; x_wconf 87' lang='lat' dir='ltr'><strong>maluerit</strong></span> <span class='ocrx_word' id='word_1_114' title='bbox 2320 1596 2539 1659; x_wconf 85' lang='lat' dir='ltr'><strong>habuit</strong></span> <span class='ocrx_word' id='word_1_115' title='bbox 2566 1597 2929 1672; x_wconf 85' lang='lat' dir='ltr'><strong>neminem;</strong></span> <span class='ocrx_word' id='word_1_116' title='bbox 2980 1595 3052 1657; x_wconf 90' lang='lat' dir='ltr'><strong>id</strong></span> 
     </span>
     <span class='ocr_line' id='line_1_14' title="bbox 650 1694 2398 1776; baseline -0.001 -19"><span class='ocrx_word' id='word_1_117' title='bbox 650 1696 815 1775; x_wconf 91' lang='lat' dir='ltr'><strong>quod</strong></span> <span class='ocrx_word' id='word_1_118' title='bbox 837 1717 949 1776; x_wconf 92' lang='lat' dir='ltr'><strong>per</strong></span> <span class='ocrx_word' id='word_1_119' title='bbox 974 1716 1074 1758; x_wconf 88' lang='lat' dir='ltr'><strong>res</strong></span> <span class='ocrx_word' id='word_1_120' title='bbox 1099 1698 1430 1774; x_wconf 83' lang='lat' dir='ltr'><strong>vtriusque</strong></span> <span class='ocrx_word' id='word_1_121' title='bbox 1463 1717 1594 1759; x_wconf 92' lang='lat' dir='ltr'><strong>non</strong></span> <span class='ocrx_word' id='word_1_122' title='bbox 1621 1696 1870 1758; x_wconf 72' lang='lat' dir='ltr'><strong>licuisse</strong></span> <span class='ocrx_word' id='word_1_123' title='bbox 1897 1694 2049 1758; x_wconf 92' lang='lat' dir='ltr'><strong>tulit</strong></span> <span class='ocrx_word' id='word_1_124' title='bbox 2075 1695 2398 1773; x_wconf 75' lang='lat' dir='ltr'><strong>egerrime.</strong></span> 
     </span>
    </p>

    <p class='ocr_par' dir='ltr' id='par_1_6' title="bbox 558 1793 3058 2267">
     <span class='ocr_line' id='line_1_15' title="bbox 558 1793 3054 1874; baseline -0.001 -18"><span class='ocrx_word' id='word_1_125' title='bbox 558 1816 624 1866; x_wconf 82' lang='lat'><strong>40</strong></span> <span class='ocrx_word' id='word_1_126' title='bbox 730 1794 865 1871; x_wconf 83' lang='lat' dir='ltr'><strong>Qus</strong></span> <span class='ocrx_word' id='word_1_127' title='bbox 892 1797 1180 1857; x_wconf 87' lang='lat' dir='ltr'><strong>nostrum</strong></span> <span class='ocrx_word' id='word_1_128' title='bbox 1208 1795 1651 1857; x_wconf 85' lang='lat' dir='ltr'><strong>commendant</strong></span> <span class='ocrx_word' id='word_1_129' title='bbox 1677 1795 1823 1874; x_wconf 88' lang='lat' dir='ltr'><strong>quis</strong></span> <span class='ocrx_word' id='word_1_130' title='bbox 1860 1793 2090 1855; x_wconf 85' lang='lat' dir='ltr'><strong>dixerit</strong></span> <span class='ocrx_word' id='word_1_131' title='bbox 2116 1793 2298 1856; x_wconf 81' lang='lat' dir='ltr'><strong>facile</strong></span> <span class='ocrx_word' id='word_1_132' title='bbox 2313 1797 2348 1855; x_wconf 78' lang='lat'><strong>⁸?</strong></span> <span class='ocrx_word' id='word_1_133' title='bbox 2386 1795 2495 1873; x_wconf 92' lang='lat' dir='ltr'><strong>qui</strong></span> <span class='ocrx_word' id='word_1_134' title='bbox 2534 1797 2600 1856; x_wconf 84' lang='lat' dir='ltr'><strong>et</strong></span> <span class='ocrx_word' id='word_1_135' title='bbox 2643 1793 2956 1874; x_wconf 87' lang='lat' dir='ltr'><strong>dignitate</strong></span> <span class='ocrx_word' id='word_1_136' title='bbox 2982 1796 3054 1855; x_wconf 87' lang='lat' dir='ltr'><strong>et</strong></span> 
     </span>
     <span class='ocr_line' id='line_1_16' title="bbox 648 1891 3053 1972; baseline 0 -18"><span class='ocrx_word' id='word_1_137' title='bbox 648 1893 1014 1955; x_wconf 88' lang='lat' dir='ltr'><strong>auctoritate</strong></span> <span class='ocrx_word' id='word_1_138' title='bbox 1060 1913 1171 1972; x_wconf 91' lang='lat' dir='ltr'><strong>pre</strong></span> <span class='ocrx_word' id='word_1_139' title='bbox 1206 1894 1429 1955; x_wconf 88' lang='lat' dir='ltr'><strong>ceteris</strong></span> <span class='ocrx_word' id='word_1_140' title='bbox 1472 1893 1692 1956; x_wconf 83' lang='lat' dir='ltr'><strong>valens</strong></span> <span class='ocrx_word' id='word_1_141' title='bbox 1730 1893 1984 1954; x_wconf 86' lang='lat' dir='ltr'><strong>infimos</strong></span> <span class='ocrx_word' id='word_1_142' title='bbox 2032 1911 2310 1972; x_wconf 88' lang='lat' dir='ltr'><strong>quosque</strong></span> <span class='ocrx_word' id='word_1_143' title='bbox 2344 1892 2645 1956; x_wconf 73' lang='lat' dir='ltr'><strong>facilitate</strong></span> <span class='ocrx_word' id='word_1_144' title='bbox 2692 1891 3053 1954; x_wconf 86' lang='lat' dir='ltr'><strong>incredibili</strong></span> 
     </span>
     <span class='ocr_line' id='line_1_17' title="bbox 643 1990 3058 2071; baseline -0.002 -13"><span class='ocrx_word' id='word_1_145' title='bbox 643 1991 955 2071; x_wconf 73' lang='lat' dir='ltr'><strong>aequauit.</strong></span> <span class='ocrx_word' id='word_1_146' title='bbox 1068 1990 1610 2069; x_wconf 73' lang='lat' dir='ltr'><strong>vigilantissimus</strong></span> <span class='ocrx_word' id='word_1_147' title='bbox 1665 1990 2058 2070; x_wconf 90' lang='lat' dir='ltr'><strong>negociosam</strong></span> <span class='ocrx_word' id='word_1_148' title='bbox 2108 1990 2313 2053; x_wconf 80' lang='lat' dir='ltr'><strong>vitam</strong></span> <span class='ocrx_word' id='word_1_149' title='bbox 2372 1994 2435 2053; x_wconf 92' lang='lat' dir='ltr'><strong>et</strong></span> <span class='ocrx_word' id='word_1_150' title='bbox 2488 1991 2732 2071; x_wconf 86' lang='lat' dir='ltr'><strong>quietae</strong></span> <span class='ocrx_word' id='word_1_151' title='bbox 2772 1994 2839 2053; x_wconf 84' lang='lat' dir='ltr'><strong>et</strong></span> <span class='ocrx_word' id='word_1_152' title='bbox 2882 1995 3058 2054; x_wconf 87' lang='lat' dir='ltr'><strong>tran·</strong></span> 
     </span>
     <span class='ocr_line' id='line_1_18' title="bbox 650 2088 3051 2169; baseline 0 -18"><span class='ocrx_word' id='word_1_153' title='bbox 650 2088 881 2168; x_wconf 88' lang='lat' dir='ltr'><strong>quillae</strong></span> <span class='ocrx_word' id='word_1_154' title='bbox 920 2089 1182 2167; x_wconf 84' lang='lat' dir='ltr'><strong>pretulit</strong></span> <span class='ocrx_word' id='word_1_155' title='bbox 1221 2109 1510 2169; x_wconf 77' lang='lat' dir='ltr'><strong>semper3</strong></span> <span class='ocrx_word' id='word_1_156' title='bbox 1571 2090 1811 2151; x_wconf 88' lang='lat' dir='ltr'><strong>mirum</strong></span> <span class='ocrx_word' id='word_1_157' title='bbox 1851 2090 1923 2151; x_wconf 89' lang='lat' dir='ltr'><strong>in</strong></span> <span class='ocrx_word' id='word_1_158' title='bbox 1963 2089 2224 2150; x_wconf 88' lang='lat' dir='ltr'><strong>modum</strong></span> <span class='ocrx_word' id='word_1_159' title='bbox 2270 2090 2581 2152; x_wconf 86' lang='lat' dir='ltr'><strong>sollicitus</strong></span> <span class='ocrx_word' id='word_1_160' title='bbox 2627 2108 2753 2168; x_wconf 86' lang='lat' dir='ltr'><strong>qua</strong></span> <span class='ocrx_word' id='word_1_161' title='bbox 2797 2090 3051 2152; x_wconf 88' lang='lat' dir='ltr'><strong>ratione</strong></span> 
     </span>
     <span class='ocr_line' id='line_1_19' title="bbox 646 2185 3057 2267; baseline 0.001 -20"><span class='ocrx_word' id='word_1_162' title='bbox 646 2185 969 2249; x_wconf 89' lang='lat' dir='ltr'><strong>iuuentuti</strong></span> <span class='ocrx_word' id='word_1_163' title='bbox 988 2188 1301 2249; x_wconf 84' lang='lat' dir='ltr'><strong>studiosae</strong></span> <span class='ocrx_word' id='word_1_164' title='bbox 1321 2186 1776 2249; x_wconf 88' lang='lat' dir='ltr'><strong>consulendum</strong></span> <span class='ocrx_word' id='word_1_165' title='bbox 1803 2187 2072 2267; x_wconf 87' lang='lat' dir='ltr'><strong>optime;</strong></span> <span class='ocrx_word' id='word_1_166' title='bbox 2106 2187 2208 2249; x_wconf 91' lang='lat' dir='ltr'><strong>cui</strong></span> <span class='ocrx_word' id='word_1_167' title='bbox 2240 2187 2401 2250; x_wconf 87' lang='lat' dir='ltr'><strong>bene</strong></span> <span class='ocrx_word' id='word_1_168' title='bbox 2425 2187 2851 2250; x_wconf 86' lang='lat' dir='ltr'><strong>instituendae</strong></span> <span class='ocrx_word' id='word_1_169' title='bbox 2875 2190 2952 2250; x_wconf 80' lang='lat' dir='ltr'><strong>vt</strong></span> <span class='ocrx_word' id='word_1_170' title='bbox 2982 2207 3057 2249; x_wconf 90' lang='lat' dir='ltr'><strong>se</strong></span> 
     </span>
    </p>

    <p class='ocr_par' dir='ltr' id='par_1_7' title="bbox 559 2284 3061 2761">
     <span class='ocr_line' id='line_1_20' title="bbox 559 2284 3060 2365; baseline 0 -18"><span class='ocrx_word' id='word_1_171' title='bbox 559 2305 623 2356; x_wconf 78' lang='lat'><strong>45</strong></span> <span class='ocrx_word' id='word_1_172' title='bbox 649 2288 874 2347; x_wconf 89' lang='lat' dir='ltr'><strong>natum</strong></span> <span class='ocrx_word' id='word_1_173' title='bbox 928 2286 1176 2347; x_wconf 86' lang='lat' dir='ltr'><strong>duxerit</strong></span> <span class='ocrx_word' id='word_1_174' title='bbox 1245 2285 1378 2349; x_wconf 88' lang='lat' dir='ltr'><strong>vita</strong></span> <span class='ocrx_word' id='word_1_175' title='bbox 1443 2290 1582 2348; x_wconf 91' lang='lat' dir='ltr'><strong>acta</strong></span> <span class='ocrx_word' id='word_1_176' title='bbox 1630 2285 1827 2347; x_wconf 88' lang='lat' dir='ltr'><strong>docet.</strong></span> <span class='ocrx_word' id='word_1_177' title='bbox 1939 2284 2153 2347; x_wconf 84' lang='lat' dir='ltr'><strong>Solida</strong></span> <span class='ocrx_word' id='word_1_178' title='bbox 2207 2304 2447 2365; x_wconf 86' lang='lat' dir='ltr'><strong>queque</strong></span> <span class='ocrx_word' id='word_1_179' title='bbox 2509 2306 2760 2348; x_wconf 89' lang='lat' dir='ltr'><strong>summo</strong></span> <span class='ocrx_word' id='word_1_180' title='bbox 2823 2285 3060 2348; x_wconf 88' lang='lat' dir='ltr'><strong>sudore</strong></span> 
     </span>
     <span class='ocr_line' id='line_1_21' title="bbox 647 2383 3061 2463; baseline 0 -17"><span class='ocrx_word' id='word_1_181' title='bbox 647 2383 989 2463; x_wconf 85' lang='lat' dir='ltr'><strong>amplexus,</strong></span> <span class='ocrx_word' id='word_1_182' title='bbox 1033 2387 1414 2462; x_wconf 87' lang='lat' dir='ltr'><strong>quantopere</strong></span> <span class='ocrx_word' id='word_1_183' title='bbox 1440 2383 1808 2445; x_wconf 87' lang='lat' dir='ltr'><strong>luctandum</strong></span> <span class='ocrx_word' id='word_1_184' title='bbox 1850 2403 1979 2445; x_wconf 92' lang='lat' dir='ltr'><strong>non</strong></span> <span class='ocrx_word' id='word_1_185' title='bbox 2005 2385 2295 2462; x_wconf 86' lang='lat' dir='ltr'><strong>preuidit.</strong></span> <span class='ocrx_word' id='word_1_186' title='bbox 2383 2385 2481 2446; x_wconf 90' lang='lat' dir='ltr'><strong>De</strong></span> <span class='ocrx_word' id='word_1_187' title='bbox 2518 2385 2636 2446; x_wconf 85' lang='lat' dir='ltr'><strong>hac</strong></span> <span class='ocrx_word' id='word_1_188' title='bbox 2672 2385 2847 2446; x_wconf 89' lang='lat' dir='ltr'><strong>enim</strong></span> <span class='ocrx_word' id='word_1_189' title='bbox 2891 2383 3061 2446; x_wconf 88' lang='lat' dir='ltr'><strong>bene</strong></span> 
     </span>
     <span class='ocr_line' id='line_1_22' title="bbox 647 2481 3060 2560; baseline -0 -15"><span class='ocrx_word' id='word_1_190' title='bbox 647 2487 1008 2560; x_wconf 79' lang='lat' dir='ltr'><strong>mereretur,</strong></span> <span class='ocrx_word' id='word_1_191' title='bbox 1027 2483 1191 2545; x_wconf 90' lang='lat' dir='ltr'><strong>hanc</strong></span> <span class='ocrx_word' id='word_1_192' title='bbox 1206 2483 1329 2543; x_wconf 90' lang='lat' dir='ltr'><strong>sibi</strong></span> <span class='ocrx_word' id='word_1_193' title='bbox 1347 2482 1723 2558; x_wconf 85' lang='lat' dir='ltr'><strong>conciliaret,</strong></span> <span class='ocrx_word' id='word_1_194' title='bbox 1744 2481 2023 2545; x_wconf 90' lang='lat' dir='ltr'><strong>laborem</strong></span> <span class='ocrx_word' id='word_1_195' title='bbox 2043 2502 2295 2545; x_wconf 90' lang='lat' dir='ltr'><strong>omnem</strong></span> <span class='ocrx_word' id='word_1_196' title='bbox 2325 2483 2510 2545; x_wconf 85' lang='lat' dir='ltr'><strong>duxit</strong></span> <span class='ocrx_word' id='word_1_197' title='bbox 2528 2483 2796 2546; x_wconf 90' lang='lat' dir='ltr'><strong>minimi.</strong></span> <span class='ocrx_word' id='word_1_198' title='bbox 2854 2482 3060 2544; x_wconf 86' lang='lat' dir='ltr'><strong>Hunc</strong></span> 
     </span>
     <span class='ocr_line' id='line_1_23' title="bbox 649 2579 3052 2663; baseline 0 -19"><span class='ocrx_word' id='word_1_199' title='bbox 649 2581 922 2663; x_wconf 91' lang='lat' dir='ltr'><strong>quesiuit</strong></span> <span class='ocrx_word' id='word_1_200' title='bbox 963 2581 1250 2660; x_wconf 84' lang='lat' dir='ltr'><strong>prodesse</strong></span> <span class='ocrx_word' id='word_1_201' title='bbox 1287 2579 1666 2656; x_wconf 88' lang='lat' dir='ltr'><strong>desiderans,</strong></span> <span class='ocrx_word' id='word_1_202' title='bbox 1713 2601 1844 2643; x_wconf 91' lang='lat' dir='ltr'><strong>non</strong></span> <span class='ocrx_word' id='word_1_203' title='bbox 1882 2600 2061 2643; x_wconf 88' lang='lat' dir='ltr'><strong>caeco</strong></span> <span class='ocrx_word' id='word_1_204' title='bbox 2102 2580 2308 2645; x_wconf 82' lang='lat' dir='ltr'><strong>Midae</strong></span> <span class='ocrx_word' id='word_1_205' title='bbox 2348 2581 2563 2644; x_wconf 87' lang='lat' dir='ltr'><strong>stolidi</strong></span> <span class='ocrx_word' id='word_1_206' title='bbox 2602 2583 2818 2660; x_wconf 83' lang='lat' dir='ltr'><strong>captus</strong></span> <span class='ocrx_word' id='word_1_207' title='bbox 2867 2600 3052 2644; x_wconf 89' lang='lat' dir='ltr'><strong>auro.</strong></span> 
     </span>
     <span class='ocr_line' id='line_1_24' title="bbox 653 2679 3059 2761; baseline 0 -18"><span class='ocrx_word' id='word_1_208' title='bbox 653 2680 819 2760; x_wconf 82' lang='lat' dir='ltr'><strong>Quos</strong></span> <span class='ocrx_word' id='word_1_209' title='bbox 846 2700 1149 2760; x_wconf 86' lang='lat' dir='ltr'><strong>pauperes</strong></span> <span class='ocrx_word' id='word_1_210' title='bbox 1188 2700 1323 2742; x_wconf 89' lang='lat' dir='ltr'><strong>esse</strong></span> <span class='ocrx_word' id='word_1_211' title='bbox 1368 2680 1764 2759; x_wconf 88' lang='lat' dir='ltr'><strong>perspicuum</strong></span> <span class='ocrx_word' id='word_1_212' title='bbox 1798 2683 1951 2756; x_wconf 90' lang='lat' dir='ltr'><strong>erat,</strong></span> <span class='ocrx_word' id='word_1_213' title='bbox 1982 2679 2150 2743; x_wconf 85' lang='lat' dir='ltr'><strong>haud</strong></span> <span class='ocrx_word' id='word_1_214' title='bbox 2192 2680 2272 2743; x_wconf 89' lang='lat' dir='ltr'><strong>ab</strong></span> <span class='ocrx_word' id='word_1_215' title='bbox 2312 2681 2455 2743; x_wconf 86' lang='lat' dir='ltr'><strong>aliis</strong></span> <span class='ocrx_word' id='word_1_216' title='bbox 2492 2680 2769 2761; x_wconf 86' lang='lat' dir='ltr'><strong>idipsum</strong></span> <span class='ocrx_word' id='word_1_217' title='bbox 2807 2683 3059 2761; x_wconf 84' lang='lat' dir='ltr'><strong>preten-</strong></span> 
     </span>
    </p>

    <p class='ocr_par' dir='ltr' id='par_1_8' title="bbox 563 2778 3065 3253">
     <span class='ocr_line' id='line_1_25' title="bbox 563 2778 3064 2860; baseline 0.003 -24"><span class='ocrx_word' id='word_1_218' title='bbox 563 2797 628 2850; x_wconf 80' lang='lat' dir='ltr'><strong>5o</strong></span> <span class='ocrx_word' id='word_1_219' title='bbox 651 2780 947 2842; x_wconf 85' lang='lat' dir='ltr'><strong>dentibus</strong></span> <span class='ocrx_word' id='word_1_220' title='bbox 986 2780 1267 2842; x_wconf 90' lang='lat' dir='ltr'><strong>mercede</strong></span> <span class='ocrx_word' id='word_1_221' title='bbox 1321 2778 1677 2841; x_wconf 85' lang='lat' dir='ltr'><strong>defraudari</strong></span> <span class='ocrx_word' id='word_1_222' title='bbox 1730 2799 1885 2858; x_wconf 90' lang='lat' dir='ltr'><strong>eque</strong></span> <span class='ocrx_word' id='word_1_223' title='bbox 1943 2799 2181 2858; x_wconf 86' lang='lat' dir='ltr'><strong>passus,</strong></span> <span class='ocrx_word' id='word_1_224' title='bbox 2255 2779 2462 2842; x_wconf 91' lang='lat' dir='ltr'><strong>celum</strong></span> <span class='ocrx_word' id='word_1_225' title='bbox 2518 2779 2643 2842; x_wconf 91' lang='lat' dir='ltr'><strong>sibi</strong></span> <span class='ocrx_word' id='word_1_226' title='bbox 2694 2799 3064 2860; x_wconf 85' lang='lat' dir='ltr'><strong>proponens</strong></span> 
     </span>
     <span class='ocr_line' id='line_1_26' title="bbox 650 2876 3059 2959; baseline 0 -19"><span class='ocrx_word' id='word_1_227' title='bbox 650 2877 909 2940; x_wconf 88' lang='lat' dir='ltr'><strong>admisit</strong></span> <span class='ocrx_word' id='word_1_228' title='bbox 955 2877 1296 2951; x_wconf 79' lang='lat' dir='ltr'><strong>facillime;</strong></span> <span class='ocrx_word' id='word_1_229' title='bbox 1338 2897 1493 2956; x_wconf 90' lang='lat' dir='ltr'><strong>quos</strong></span> <span class='ocrx_word' id='word_1_230' title='bbox 1521 2877 1705 2938; x_wconf 89' lang='lat' dir='ltr'><strong>bonis</strong></span> <span class='ocrx_word' id='word_1_231' title='bbox 1732 2876 1992 2952; x_wconf 90' lang='lat' dir='ltr'><strong>artibus,</strong></span> <span class='ocrx_word' id='word_1_232' title='bbox 2023 2897 2215 2956; x_wconf 90' lang='lat' dir='ltr'><strong>aeque</strong></span> <span class='ocrx_word' id='word_1_233' title='bbox 2262 2882 2447 2959; x_wconf 87' lang='lat' dir='ltr'><strong>atque</strong></span> <span class='ocrx_word' id='word_1_234' title='bbox 2487 2878 2718 2940; x_wconf 80' lang='lat' dir='ltr'><strong>diuites</strong></span> <span class='ocrx_word' id='word_1_235' title='bbox 2757 2898 3059 2958; x_wconf 84' lang='lat' dir='ltr'><strong>quosque,</strong></span> 
     </span>
     <span class='ocr_line' id='line_1_27' title="bbox 652 2975 3055 3055; baseline 0 -16"><span class='ocrx_word' id='word_1_236' title='bbox 652 2976 930 3039; x_wconf 83' lang='lat' dir='ltr'><strong>instituit</strong></span> <span class='ocrx_word' id='word_1_237' title='bbox 957 2975 1457 3055; x_wconf 83' lang='lat' dir='ltr'><strong>diligentissime.</strong></span> <span class='ocrx_word' id='word_1_238' title='bbox 1541 2975 1728 3037; x_wconf 89' lang='lat' dir='ltr'><strong>Vnde</strong></span> <span class='ocrx_word' id='word_1_239' title='bbox 1765 2975 1847 3038; x_wconf 89' lang='lat' dir='ltr'><strong>ad</strong></span> <span class='ocrx_word' id='word_1_240' title='bbox 1878 2975 2078 3037; x_wconf 84' lang='lat' dir='ltr'><strong>vitam</strong></span> <span class='ocrx_word' id='word_1_241' title='bbox 2107 2976 2263 3037; x_wconf 91' lang='lat' dir='ltr'><strong>bene</strong></span> <span class='ocrx_word' id='word_1_242' title='bbox 2288 2975 2684 3055; x_wconf 89' lang='lat' dir='ltr'><strong>modesteque</strong></span> <span class='ocrx_word' id='word_1_243' title='bbox 2698 2978 3055 3055; x_wconf 79' lang='lat' dir='ltr'><strong>transigen-</strong></span> 
     </span>
     <span class='ocr_line' id='line_1_28' title="bbox 652 3072 3062 3156; baseline 0 -20"><span class='ocrx_word' id='word_1_244' title='bbox 652 3074 802 3136; x_wconf 91' lang='lat' dir='ltr'><strong>dam</strong></span> <span class='ocrx_word' id='word_1_245' title='bbox 857 3072 1008 3152; x_wconf 91' lang='lat' dir='ltr'><strong>quid</strong></span> <span class='ocrx_word' id='word_1_246' title='bbox 1062 3073 1121 3134; x_wconf 89' lang='lat' dir='ltr'><strong>ei</strong></span> <span class='ocrx_word' id='word_1_247' title='bbox 1160 3073 1231 3134; x_wconf 94' lang='lat' dir='ltr'><strong>in</strong></span> <span class='ocrx_word' id='word_1_248' title='bbox 1282 3072 1451 3135; x_wconf 84' lang='lat' dir='ltr'><strong>viuis</strong></span> <span class='ocrx_word' id='word_1_249' title='bbox 1496 3072 1699 3137; x_wconf 81' lang='lat' dir='ltr'><strong>defuit</strong></span> <span class='ocrx_word' id='word_1_250' title='bbox 1718 3076 1752 3136; x_wconf 79' lang='lat'><strong>‘1’</strong></span> <span class='ocrx_word' id='word_1_251' title='bbox 1851 3074 1985 3135; x_wconf 90' lang='lat' dir='ltr'><strong>Deo</strong></span> <span class='ocrx_word' id='word_1_252' title='bbox 2024 3074 2399 3136; x_wconf 89' lang='lat' dir='ltr'><strong>incumbens</strong></span> <span class='ocrx_word' id='word_1_253' title='bbox 2439 3093 2567 3137; x_wconf 91' lang='lat' dir='ltr'><strong>non</strong></span> <span class='ocrx_word' id='word_1_254' title='bbox 2610 3077 2708 3136; x_wconf 85' lang='lat' dir='ltr'><strong>est</strong></span> <span class='ocrx_word' id='word_1_255' title='bbox 2747 3094 2858 3156; x_wconf 91' lang='lat' dir='ltr'><strong>spe</strong></span> <span class='ocrx_word' id='word_1_256' title='bbox 2899 3076 3062 3138; x_wconf 75' lang='lat' dir='ltr'><strong>frus·</strong></span> 
     </span>
     <span class='ocr_line' id='line_1_29' title="bbox 647 3170 3065 3253; baseline 0 -17"><span class='ocrx_word' id='word_1_257' title='bbox 647 3175 868 3250; x_wconf 90' lang='lat' dir='ltr'><strong>tratus,</strong></span> <span class='ocrx_word' id='word_1_258' title='bbox 899 3172 1000 3235; x_wconf 90' lang='lat' dir='ltr'><strong>cui</strong></span> <span class='ocrx_word' id='word_1_259' title='bbox 1039 3173 1097 3232; x_wconf 89' lang='lat' dir='ltr'><strong>is</strong></span> <span class='ocrx_word' id='word_1_260' title='bbox 1123 3171 1255 3250; x_wconf 71' lang='lat' dir='ltr'><strong>ipoe</strong></span> <span class='ocrx_word' id='word_1_261' title='bbox 1296 3170 1615 3251; x_wconf 84' lang='lat' dir='ltr'><strong>respondit</strong></span> <span class='ocrx_word' id='word_1_262' title='bbox 1662 3171 1912 3234; x_wconf 85' lang='lat' dir='ltr'><strong>abunde</strong></span> <span class='ocrx_word' id='word_1_263' title='bbox 1937 3171 2174 3234; x_wconf 82' lang='lat' dir='ltr'><strong>virtute</strong></span> <span class='ocrx_word' id='word_1_264' title='bbox 2213 3172 2513 3253; x_wconf 87' lang='lat' dir='ltr'><strong>preditus,</strong></span> <span class='ocrx_word' id='word_1_265' title='bbox 2557 3173 2796 3235; x_wconf 81' lang='lat' dir='ltr'><strong>virtute</strong></span> <span class='ocrx_word' id='word_1_266' title='bbox 2837 3193 3065 3237; x_wconf 84' lang='lat' dir='ltr'><strong>consu·</strong></span> 
     </span>
    </p>

    <p class='ocr_par' dir='ltr' id='par_1_9' title="bbox 563 3269 3065 3743">
     <span class='ocr_line' id='line_1_30' title="bbox 563 3269 3059 3351; baseline 0.002 -19"><span class='ocrx_word' id='word_1_267' title='bbox 563 3290 626 3343; x_wconf 83' lang='grc'><strong>55</strong></span> <span class='ocrx_word' id='word_1_268' title='bbox 652 3274 879 3332; x_wconf 87' lang='lat' dir='ltr'><strong>matus.</strong></span> <span class='ocrx_word' id='word_1_269' title='bbox 985 3277 1020 3332; x_wconf 84' lang='lat'>†</span> <span class='ocrx_word' id='word_1_270' title='bbox 1038 3269 1231 3332; x_wconf 85' lang='lat' dir='ltr'><strong>Cuius</strong></span> <span class='ocrx_word' id='word_1_271' title='bbox 1258 3270 1438 3330; x_wconf 88' lang='lat' dir='ltr'><strong>illam</strong></span> <span class='ocrx_word' id='word_1_272' title='bbox 1458 3275 1495 3333; x_wconf 76' lang='grc' dir='ltr'><strong>Ἰ-</strong></span> <span class='ocrx_word' id='word_1_273' title='bbox 1522 3269 1806 3332; x_wconf 89' lang='lat' dir='ltr'><strong>admouit</strong></span> <span class='ocrx_word' id='word_1_274' title='bbox 1847 3270 2330 3347; x_wconf 86' lang='lat' dir='ltr'><strong>accuratissime,</strong></span> <span class='ocrx_word' id='word_1_275' title='bbox 2381 3273 2460 3335; x_wconf 85' lang='lat' dir='ltr'><strong>ad</strong></span> <span class='ocrx_word' id='word_1_276' title='bbox 2500 3291 2691 3351; x_wconf 89' lang='lat' dir='ltr'><strong>quam</strong></span> <span class='ocrx_word' id='word_1_277' title='bbox 2721 3273 3059 3336; x_wconf 83' lang='lat' dir='ltr'><strong>colendam</strong></span> 
     </span>
     <span class='ocr_line' id='line_1_31' title="bbox 652 3367 3060 3447; baseline 0.002 -17"><span class='ocrx_word' id='word_1_278' title='bbox 652 3367 948 3430; x_wconf 85' lang='lat' dir='ltr'><strong>inuitauit</strong></span> <span class='ocrx_word' id='word_1_279' title='bbox 969 3369 1271 3429; x_wconf 89' lang='lat' dir='ltr'><strong>maiorem</strong></span> <span class='ocrx_word' id='word_1_280' title='bbox 1290 3368 1359 3429; x_wconf 90' lang='lat' dir='ltr'><strong>in</strong></span> <span class='ocrx_word' id='word_1_281' title='bbox 1389 3368 1671 3445; x_wconf 89' lang='lat' dir='ltr'><strong>modum,</strong></span> <span class='ocrx_word' id='word_1_282' title='bbox 1702 3368 1862 3431; x_wconf 87' lang='lat' dir='ltr'><strong>hanc</strong></span> <span class='ocrx_word' id='word_1_283' title='bbox 1888 3369 2233 3447; x_wconf 88' lang='lat' dir='ltr'><strong>predicans,</strong></span> <span class='ocrx_word' id='word_1_284' title='bbox 2259 3370 2423 3432; x_wconf 89' lang='lat' dir='ltr'><strong>hanc</strong></span> <span class='ocrx_word' id='word_1_285' title='bbox 2448 3370 2773 3447; x_wconf 86' lang='lat' dir='ltr'><strong>extollens,</strong></span> <span class='ocrx_word' id='word_1_286' title='bbox 2804 3390 2847 3434; x_wconf 82' lang='lat' dir='ltr'><strong>a</strong></span> <span class='ocrx_word' id='word_1_287' title='bbox 2871 3370 3060 3434; x_wconf 85' lang='lat' dir='ltr'><strong>viciis</strong></span> 
     </span>
     <span class='ocr_line' id='line_1_32' title="bbox 653 3460 3059 3546; baseline 0.002 -24"><span class='ocrx_word' id='word_1_288' title='bbox 653 3460 1036 3538; x_wconf 88' lang='lat' dir='ltr'><strong>dehortatus,</strong></span> <span class='ocrx_word' id='word_1_289' title='bbox 1080 3463 1243 3523; x_wconf 83' lang='lat' dir='ltr'><strong>vicia</strong></span> <span class='ocrx_word' id='word_1_290' title='bbox 1283 3462 1616 3533; x_wconf 79' lang='lat' dir='ltr'><strong>detestans.</strong></span> <span class='ocrx_word' id='word_1_291' title='bbox 1705 3462 1948 3539; x_wconf 81' lang='lat' dir='ltr'><strong>Quibus</strong></span> <span class='ocrx_word' id='word_1_292' title='bbox 1990 3483 2181 3542; x_wconf 88' lang='lat' dir='ltr'><strong>quam</strong></span> <span class='ocrx_word' id='word_1_293' title='bbox 2220 3464 2524 3526; x_wconf 85' lang='lat' dir='ltr'><strong>infestum</strong></span> <span class='ocrx_word' id='word_1_294' title='bbox 2569 3484 2639 3526; x_wconf 88' lang='lat' dir='ltr'><strong>se</strong></span> <span class='ocrx_word' id='word_1_295' title='bbox 2690 3466 3059 3546; x_wconf 82' lang='lat' dir='ltr'><strong>prostiterit,</strong></span> 
     </span>
     <span class='ocr_line' id='line_1_33' title="bbox 650 3558 3065 3642; baseline 0.002 -21"><span class='ocrx_word' id='word_1_296' title='bbox 650 3558 944 3638; x_wconf 84' lang='lat' dir='ltr'><strong>pleraque</strong></span> <span class='ocrx_word' id='word_1_297' title='bbox 968 3560 1106 3621; x_wconf 90' lang='lat' dir='ltr'><strong>eius</strong></span> <span class='ocrx_word' id='word_1_298' title='bbox 1141 3561 1419 3623; x_wconf 88' lang='lat' dir='ltr'><strong>carmina</strong></span> <span class='ocrx_word' id='word_1_299' title='bbox 1454 3560 1847 3640; x_wconf 88' lang='lat' dir='ltr'><strong>grauissima,</strong></span> <span class='ocrx_word' id='word_1_300' title='bbox 1877 3582 1996 3641; x_wconf 89' lang='lat' dir='ltr'><strong>que</strong></span> <span class='ocrx_word' id='word_1_301' title='bbox 2035 3562 2370 3642; x_wconf 89' lang='lat' dir='ltr'><strong>quotannis</strong></span> <span class='ocrx_word' id='word_1_302' title='bbox 2402 3566 2479 3625; x_wconf 76' lang='lat' dir='ltr'><strong>vt</strong></span> <span class='ocrx_word' id='word_1_303' title='bbox 2502 3562 2701 3625; x_wconf 90' lang='lat' dir='ltr'><strong>moris</strong></span> <span class='ocrx_word' id='word_1_304' title='bbox 2730 3567 2829 3627; x_wconf 82' lang='lat' dir='ltr'><strong>est</strong></span> <span class='ocrx_word' id='word_1_305' title='bbox 2863 3563 3065 3641; x_wconf 85' lang='lat' dir='ltr'><strong>dedit,</strong></span> 
     </span>
     <span class='ocr_line' id='line_1_34' title="bbox 652 3658 3058 3743; baseline 0.002 -24"><span class='ocrx_word' id='word_1_306' title='bbox 652 3658 789 3719; x_wconf 89' lang='lat' dir='ltr'><strong>luce</strong></span> <span class='ocrx_word' id='word_1_307' title='bbox 829 3658 1058 3720; x_wconf 89' lang='lat' dir='ltr'><strong>clarius</strong></span> <span class='ocrx_word' id='word_1_308' title='bbox 1098 3659 1484 3736; x_wconf 77' lang='lat' dir='ltr'><strong>ostendunt3</strong></span> <span class='ocrx_word' id='word_1_309' title='bbox 1541 3680 1661 3739; x_wconf 90' lang='lat' dir='ltr'><strong>que</strong></span> <span class='ocrx_word' id='word_1_310' title='bbox 1700 3658 1961 3721; x_wconf 89' lang='lat' dir='ltr'><strong>consilio</strong></span> <span class='ocrx_word' id='word_1_311' title='bbox 2004 3658 2150 3723; x_wconf 88' lang='lat' dir='ltr'><strong>aliis</strong></span> <span class='ocrx_word' id='word_1_312' title='bbox 2183 3660 2520 3723; x_wconf 88' lang='lat' dir='ltr'><strong>sudoribus</strong></span> <span class='ocrx_word' id='word_1_313' title='bbox 2556 3661 2696 3724; x_wconf 88' lang='lat' dir='ltr'><strong>eius</strong></span> <span class='ocrx_word' id='word_1_314' title='bbox 2749 3663 2938 3743; x_wconf 90' lang='lat' dir='ltr'><strong>longe</strong></span> <span class='ocrx_word' id='word_1_315' title='bbox 2987 3665 3058 3724; x_wconf 87' lang='lat' dir='ltr'><strong>et</strong></span> 
     </span>
    </p>

    <p class='ocr_par' dir='ltr' id='par_1_10' title="bbox 563 3753 3066 4233">
     <span class='ocr_line' id='line_1_35' title="bbox 563 3753 3058 3840; baseline 0.003 -25"><span class='ocrx_word' id='word_1_316' title='bbox 563 3764 630 3815; x_wconf 86' lang='lat'><strong>60</strong></span> <span class='ocrx_word' id='word_1_317' title='bbox 654 3753 1021 3817; x_wconf 89' lang='lat' dir='ltr'><strong>melioribus</strong></span> <span class='ocrx_word' id='word_1_318' title='bbox 1062 3757 1484 3836; x_wconf 87' lang='lat' dir='ltr'><strong>premittenda</strong></span> <span class='ocrx_word' id='word_1_319' title='bbox 1531 3758 1763 3820; x_wconf 89' lang='lat' dir='ltr'><strong>censui.</strong></span> <span class='ocrx_word' id='word_1_320' title='bbox 1849 3759 2271 3839; x_wconf 77' lang='lat' dir='ltr'><strong>cognoscetur</strong></span> <span class='ocrx_word' id='word_1_321' title='bbox 2303 3758 2479 3821; x_wconf 91' lang='lat' dir='ltr'><strong>enim</strong></span> <span class='ocrx_word' id='word_1_322' title='bbox 2505 3759 2658 3821; x_wconf 84' lang='lat' dir='ltr'><strong>hinc</strong></span> <span class='ocrx_word' id='word_1_323' title='bbox 2695 3780 2820 3840; x_wconf 92' lang='lat' dir='ltr'><strong>quo</strong></span> <span class='ocrx_word' id='word_1_324' title='bbox 2843 3759 3058 3838; x_wconf 79' lang='lat' dir='ltr'><strong>vultu,</strong></span> 
     </span>
     <span class='ocr_line' id='line_1_36' title="bbox 652 3853 3066 3937; baseline 0.003 -23"><span class='ocrx_word' id='word_1_325' title='bbox 652 3873 775 3932; x_wconf 89' lang='lat' dir='ltr'><strong>quo</strong></span> <span class='ocrx_word' id='word_1_326' title='bbox 802 3853 1016 3916; x_wconf 86' lang='lat' dir='ltr'><strong>animo</strong></span> <span class='ocrx_word' id='word_1_327' title='bbox 1041 3855 1482 3933; x_wconf 86' lang='lat' dir='ltr'><strong>suscipientur.</strong></span> <span class='ocrx_word' id='word_1_328' title='bbox 1562 3856 1700 3933; x_wconf 83' lang='lat' dir='ltr'><strong>Que</strong></span> <span class='ocrx_word' id='word_1_329' title='bbox 1728 3857 1837 3918; x_wconf 82' lang='lat' dir='ltr'><strong>vbi</strong></span> <span class='ocrx_word' id='word_1_330' title='bbox 1863 3856 2169 3936; x_wconf 87' lang='lat' dir='ltr'><strong>placuisse</strong></span> <span class='ocrx_word' id='word_1_331' title='bbox 2195 3856 2425 3932; x_wconf 82' lang='lat' dir='ltr'><strong>videro,</strong></span> <span class='ocrx_word' id='word_1_332' title='bbox 2457 3877 2580 3937; x_wconf 87' lang='lat' dir='ltr'><strong>que</strong></span> <span class='ocrx_word' id='word_1_333' title='bbox 2605 3858 2770 3921; x_wconf 89' lang='lat' dir='ltr'><strong>nulli</strong></span> <span class='ocrx_word' id='word_1_334' title='bbox 2811 3878 2965 3934; x_wconf 88' lang='lat' dir='ltr'><strong>non,</strong></span> <span class='ocrx_word' id='word_1_335' title='bbox 2995 3864 3066 3923; x_wconf 90' lang='lat' dir='ltr'><strong>et</strong></span> 
     </span>
     <span class='ocr_line' id='line_1_37' title="bbox 652 3951 3066 4034; baseline 0.004 -23"><span class='ocrx_word' id='word_1_336' title='bbox 652 3951 761 4030; x_wconf 89' lang='lat' dir='ltr'><strong>qui</strong></span> <span class='ocrx_word' id='word_1_337' title='bbox 802 3951 1032 4015; x_wconf 88' lang='lat' dir='ltr'><strong>litteris</strong></span> <span class='ocrx_word' id='word_1_338' title='bbox 1051 3954 1308 4015; x_wconf 82' lang='lat' dir='ltr'><strong>affectus</strong></span> <span class='ocrx_word' id='word_1_339' title='bbox 1335 3958 1398 4015; x_wconf 88' lang='lat' dir='ltr'><strong>et</strong></span> <span class='ocrx_word' id='word_1_340' title='bbox 1439 3954 1546 4034; x_wconf 87' lang='lat' dir='ltr'><strong>qui</strong></span> <span class='ocrx_word' id='word_1_341' title='bbox 1582 3955 1817 4032; x_wconf 88' lang='lat' dir='ltr'><strong>doctus,</strong></span> <span class='ocrx_word' id='word_1_342' title='bbox 1843 3956 1923 4017; x_wconf 91' lang='lat' dir='ltr'><strong>ob</strong></span> <span class='ocrx_word' id='word_1_343' title='bbox 1958 3958 2097 4017; x_wconf 91' lang='lat' dir='ltr'><strong>tum</strong></span> <span class='ocrx_word' id='word_1_344' title='bbox 2125 3955 2509 4034; x_wconf 85' lang='lat' dir='ltr'><strong>singularem</strong></span> <span class='ocrx_word' id='word_1_345' title='bbox 2536 3954 2889 4019; x_wconf 87' lang='lat' dir='ltr'><strong>doctrinam</strong></span> <span class='ocrx_word' id='word_1_346' title='bbox 2914 3960 3066 4020; x_wconf 89' lang='lat' dir='ltr'><strong>tum</strong></span> 
     </span>
     <span class='ocr_line' id='line_1_38' title="bbox 652 4051 3065 4134; baseline 0.002 -21"><span class='ocrx_word' id='word_1_347' title='bbox 652 4051 1114 4114; x_wconf 89' lang='lat' dir='ltr'><strong>admonitiones</strong></span> <span class='ocrx_word' id='word_1_348' title='bbox 1140 4052 1454 4115; x_wconf 87' lang='lat' dir='ltr'><strong>modestas</strong></span> <span class='ocrx_word' id='word_1_349' title='bbox 1481 4054 1693 4116; x_wconf 82' lang='lat' dir='ltr'><strong>futura</strong></span> <span class='ocrx_word' id='word_1_350' title='bbox 1719 4056 1870 4116; x_wconf 89' lang='lat' dir='ltr'><strong>sunt</strong></span> <span class='ocrx_word' id='word_1_351' title='bbox 1894 4054 2266 4133; x_wconf 86' lang='lat' dir='ltr'><strong>gratissima,</strong></span> <span class='ocrx_word' id='word_1_352' title='bbox 2299 4053 2548 4116; x_wconf 81' lang='lat' dir='ltr'><strong>facilius</strong></span> <span class='ocrx_word' id='word_1_353' title='bbox 2573 4053 2727 4131; x_wconf 88' lang='lat' dir='ltr'><strong>(non</strong></span> <span class='ocrx_word' id='word_1_354' title='bbox 2753 4058 2826 4117; x_wconf 78' lang='lat' dir='ltr'><strong>vt</strong></span> <span class='ocrx_word' id='word_1_355' title='bbox 2842 4056 3065 4134; x_wconf 89' lang='lat' dir='ltr'><strong>modo)</strong></span> 
     </span>
     <span class='ocr_line' id='line_1_39' title="bbox 655 4149 3064 4233; baseline 0.002 -22"><span class='ocrx_word' id='word_1_356' title='bbox 655 4149 1092 4230; x_wconf 89' lang='lat' dir='ltr'><strong>calchographi</strong></span> <span class='ocrx_word' id='word_1_357' title='bbox 1159 4150 1638 4230; x_wconf 87' lang='lat' dir='ltr'><strong>importunitate</strong></span> <span class='ocrx_word' id='word_1_358' title='bbox 1705 4152 1992 4233; x_wconf 88' lang='lat' dir='ltr'><strong>improba</strong></span> <span class='ocrx_word' id='word_1_359' title='bbox 2045 4152 2253 4214; x_wconf 84' lang='lat' dir='ltr'><strong>victus</strong></span> <span class='ocrx_word' id='word_1_360' title='bbox 2316 4151 2573 4215; x_wconf 84' lang='lat' dir='ltr'><strong>libraris</strong></span> <span class='ocrx_word' id='word_1_361' title='bbox 2627 4151 2874 4215; x_wconf 84' lang='lat' dir='ltr'><strong>officine</strong></span> <span class='ocrx_word' id='word_1_362' title='bbox 2929 4153 3064 4216; x_wconf 81' lang='lat' dir='ltr'><strong>alia</strong></span> 
     </span>
    </p>
   </div>
   <div class='ocr_carea' id='block_1_4' title="bbox 565 4248 1818 4329">
    <p class='ocr_par' dir='ltr' id='par_1_11' title="bbox 565 4248 1818 4329">
     <span class='ocr_line' id='line_1_40' title="bbox 565 4248 1818 4329; baseline 0.002 -19"><span class='ocrx_word' id='word_1_363' title='bbox 565 4249 629 4319; x_wconf 81' lang='lat'><strong>65</strong></span> <span class='ocrx_word' id='word_1_364' title='bbox 655 4248 1079 4326; x_wconf 90' lang='lat' dir='ltr'><strong>imprimenda</strong></span> <span class='ocrx_word' id='word_1_365' title='bbox 1104 4249 1280 4312; x_wconf 90' lang='lat' dir='ltr'><strong>dabo.</strong></span> <span class='ocrx_word' id='word_1_366' title='bbox 1364 4250 1504 4312; x_wconf 87' lang='lat' dir='ltr'><strong>Hec</strong></span> <span class='ocrx_word' id='word_1_367' title='bbox 1531 4249 1818 4329; x_wconf 84' lang='lat' dir='ltr'><strong>quidem:</strong></span> 
     </span>
    </p>
   </div>
   <div class='ocr_carea' id='block_1_5' title="bbox 645 4347 3073 4546">
    <p class='ocr_par' dir='ltr' id='par_1_12' title="bbox 645 4347 3073 4546">
     <span class='ocr_line' id='line_1_41' title="bbox 721 4347 2969 4419; baseline 0 -14"><span class='ocrx_word' id='word_1_368' title='bbox 721 4368 804 4417; x_wconf 76' lang='lat'><strong>52.</strong></span> <span class='ocrx_word' id='word_1_369' title='bbox 839 4354 1060 4406; x_wconf 79' lang='lat' dir='ltr'><strong>Vnde..</strong></span> <span class='ocrx_word' id='word_1_370' title='bbox 1083 4368 1214 4415; x_wconf 93' lang='grc'><strong>.53.</strong></span> <span class='ocrx_word' id='word_1_371' title='bbox 1252 4369 1348 4416; x_wconf 75' lang='lat' dir='ltr'><strong>qul</strong></span> <span class='ocrx_word' id='word_1_372' title='bbox 1330 4355 1421 4406; x_wconf 85' lang='lat' dir='ltr'><strong>id.</strong></span> <span class='ocrx_word' id='word_1_373' title='bbox 1480 4354 1584 4406; x_wconf 89' lang='lat' dir='ltr'><strong>.de</strong></span> <span class='ocrx_word' id='word_1_374' title='bbox 1585 4354 1738 4405; x_wconf 72' lang='lat' dir='ltr'><strong>fuit?</strong></span> <span class='ocrx_word' id='word_1_375' title='bbox 1768 4360 1918 4415; x_wconf 54' lang='lat' dir='ltr'><strong>wipo</strong></span> <span class='ocrx_word' id='word_1_376' title='bbox 1894 4359 1970 4405; x_wconf 72' lang='lat' dir='ltr'><strong>ozi</strong></span> <span class='ocrx_word' id='word_1_377' title='bbox 2002 4355 2124 4406; x_wconf 73' lang='lat' dir='ltr'><strong>VB.</strong></span> <span class='ocrx_word' id='word_1_378' title='bbox 2142 4347 2350 4419; x_wconf 78' lang='grc'><strong>..4.(1</strong></span> <span class='ocrx_word' id='word_1_379' title='bbox 2367 4354 2621 4407; x_wconf 75' lang='lat' dir='ltr'><strong>.defuit:</strong></span> <span class='ocrx_word' id='word_1_380' title='bbox 2704 4370 2969 4407; x_wconf 85' lang='grc' dir='ltr'>.ιιιιιιιιι.</span> 
     </span>
     <span class='ocr_line' id='line_1_42' title="bbox 657 4373 3073 4485; baseline 0.002 -16"><span class='ocrx_word' id='word_1_381' title='bbox 657 4419 853 4483; x_wconf 89' lang='lat' dir='ltr'><strong>quod.</strong></span> <span class='ocrx_word' id='word_1_382' title='bbox 941 4421 1141 4471; x_wconf 80' lang='lat' dir='ltr'><strong>.derui</strong></span> <span class='ocrx_word' id='word_1_383' title='bbox 1129 4426 1186 4480; x_wconf 70' lang='grc' dir='ltr'><strong>ιι,</strong></span> <span class='ocrx_word' id='word_1_384' title='bbox 1212 4424 1413 4470; x_wconf 58' lang='lat' dir='ltr'><strong>Richter.</strong></span> <span class='ocrx_word' id='word_1_385' title='bbox 1663 4434 1749 4484; x_wconf 82' lang='grc'><strong>55.</strong></span> <span class='ocrx_word' id='word_1_386' title='bbox 1788 4414 1925 4472; x_wconf 80' lang='lat' dir='ltr'><strong>Cui9</strong></span> <span class='ocrx_word' id='word_1_387' title='bbox 1950 4420 2157 4471; x_wconf 79' lang='lat' dir='ltr'><strong>illama</strong></span> <span class='ocrx_word' id='word_1_388' title='bbox 2178 4438 2191 4470; x_wconf 77' lang='grc' dir='ltr'><strong>ι</strong></span> <span class='ocrx_word' id='word_1_389' title='bbox 2233 4422 2429 4485; x_wconf 79' lang='lat' dir='ltr'><strong>cuique</strong></span> <span class='ocrx_word' id='word_1_390' title='bbox 2451 4421 2605 4472; x_wconf 79' lang='lat' dir='ltr'><strong>illam</strong></span> <span class='ocrx_word' id='word_1_391' title='bbox 2627 4373 2815 4482; x_wconf 56' lang='lat' dir='ltr'><strong>:vineit</strong></span> <span class='ocrx_word' id='word_1_392' title='bbox 2831 4425 3030 4474; x_wconf 68' lang='lat' dir='ltr'><strong>Rieun</strong></span> <span class='ocrx_word' id='word_1_393' title='bbox 3052 4442 3073 4474; x_wconf 69' lang='grc' dir='ltr'><em>ε</em></span> 
     </span>
     <span class='ocr_line' id='line_1_43' title="bbox 645 4485 1499 4546; baseline 0.001 -11"><span class='ocrx_word' id='word_1_394' title='bbox 645 4488 858 4546; x_wconf 72' lang='lat' dir='ltr'><strong>forsitan</strong></span> <span class='ocrx_word' id='word_1_395' title='bbox 879 4487 1075 4537; x_wconf 87' lang='lat' dir='ltr'><strong>Curam</strong></span> <span class='ocrx_word' id='word_1_396' title='bbox 1099 4485 1183 4534; x_wconf 83' lang='lat' dir='ltr'><strong>illi</strong></span> <span class='ocrx_word' id='word_1_397' title='bbox 1186 4485 1220 4526; x_wconf 81' lang='lat'><em>9</em></span> <span class='ocrx_word' id='word_1_398' title='bbox 1241 4489 1347 4545; x_wconf 61' lang='lat' dir='ltr'><strong>leffe</strong></span> <span class='ocrx_word' id='word_1_399' title='bbox 1349 4489 1499 4537; x_wconf 77' lang='lat' dir='ltr'><strong>«dum.</strong></span> 
     </span>
    </p>
   </div>
   <div class='ocr_carea' id='block_1_6' title="bbox 658 4593 3070 4726">
    <p class='ocr_par' dir='ltr' id='par_1_13' title="bbox 658 4593 3070 4726">
     <span class='ocr_line' id='line_1_44' title="bbox 722 4593 3069 4661; baseline 0.002 -18"><span class='ocrx_word' id='word_1_400' title='bbox 722 4595 995 4659; x_wconf 78' lang='lat' dir='ltr'><strong>65.11eo]</strong></span> <span class='ocrx_word' id='word_1_401' title='bbox 1050 4594 1163 4644; x_wconf 85' lang='lat' dir='ltr'><strong>The</strong></span> <span class='ocrx_word' id='word_1_402' title='bbox 1219 4593 1397 4642; x_wconf 80' lang='lat' dir='ltr'><strong>works</strong></span> <span class='ocrx_word' id='word_1_403' title='bbox 1451 4594 1806 4644; x_wconf 87' lang='lat' dir='ltr'><strong>enumerated</strong></span> <span class='ocrx_word' id='word_1_404' title='bbox 1906 4595 2157 4656; x_wconf 81' lang='lat' dir='ltr'><strong>volume;</strong></span> <span class='ocrx_word' id='word_1_405' title='bbox 2200 4595 2301 4644; x_wconf 90' lang='lat' dir='ltr'><strong>but</strong></span> <span class='ocrx_word' id='word_1_406' title='bbox 2328 4609 2411 4644; x_wconf 75' lang='lat' dir='ltr'><strong>we</strong></span> <span class='ocrx_word' id='word_1_407' title='bbox 2413 4610 2473 4644; x_wconf 86' lang='lat' dir='ltr'><strong>re</strong></span> <span class='ocrx_word' id='word_1_408' title='bbox 2500 4594 2723 4659; x_wconf 85' lang='lat' dir='ltr'><strong>printed</strong></span> <span class='ocrx_word' id='word_1_409' title='bbox 2747 4598 3069 4661; x_wconf 72' lang='lat' dir='ltr'><strong>separately</strong></span> 
     </span>
     <span class='ocr_line' id='line_1_45' title="bbox 658 4659 3070 4726; baseline 0.002 -17"><span class='ocrx_word' id='word_1_410' title='bbox 658 4659 787 4709; x_wconf 77' lang='lat' dir='ltr'><strong>here</strong></span> <span class='ocrx_word' id='word_1_411' title='bbox 819 4675 965 4710; x_wconf 74' lang='lat' dir='ltr'><strong>arei</strong></span> <span class='ocrx_word' id='word_1_412' title='bbox 944 4659 1202 4710; x_wconf 84' lang='lat' dir='ltr'><strong>included</strong></span> <span class='ocrx_word' id='word_1_413' title='bbox 1231 4659 1294 4708; x_wconf 84' lang='lat' dir='ltr'><strong>in</strong></span> <span class='ocrx_word' id='word_1_414' title='bbox 1324 4660 1421 4708; x_wconf 84' lang='lat' dir='ltr'><strong>the</strong></span> <span class='ocrx_word' id='word_1_415' title='bbox 1450 4659 1575 4709; x_wconf 85' lang='lat' dir='ltr'><strong>title</strong></span> <span class='ocrx_word' id='word_1_416' title='bbox 1605 4660 1665 4710; x_wconf 72' lang='lat' dir='ltr'><strong>of</strong></span> <span class='ocrx_word' id='word_1_417' title='bbox 1692 4659 1809 4710; x_wconf 82' lang='lat' dir='ltr'><strong>this</strong></span> <span class='ocrx_word' id='word_1_418' title='bbox 1907 4661 1981 4726; x_wconf 73' lang='lat' dir='ltr'><strong>by</strong></span> <span class='ocrx_word' id='word_1_419' title='bbox 2024 4660 2088 4712; x_wconf 82' lang='lat' dir='ltr'><strong>R.</strong></span> <span class='ocrx_word' id='word_1_420' title='bbox 2133 4659 2347 4710; x_wconf 72' lang='lat' dir='ltr'><strong>Pan-aet</strong></span> <span class='ocrx_word' id='word_1_421' title='bbox 2399 4675 2474 4711; x_wconf 84' lang='lat' dir='ltr'><strong>on</strong></span> <span class='ocrx_word' id='word_1_422' title='bbox 2525 4674 2588 4723; x_wconf 78' lang='lat'><strong>8¹</strong></span> <span class='ocrx_word' id='word_1_423' title='bbox 2636 4660 2948 4726; x_wconf 75' lang='lat' dir='ltr'><strong>Dec-1503</strong></span> <span class='ocrx_word' id='word_1_424' title='bbox 2999 4678 3070 4715; x_wconf 74' lang='lat' dir='ltr'><strong>aa</strong></span> 
     </span>
    </p>
   </div>
  </div>
 </body>
</html>
