3355 5380
276 382 460 467 1512]
1112 387 1223 450 ΤΟ
1279 387 1512 449 JOHN
1568 387 1841 449 OOLE'P
2556 396 2669 453 511

271 543 530 618 omneis,
563 542 778 605 omnia
816 543 983 606 vitae
1022 545 1233 606 studia
1272 564 1519 622 semper
1558 545 1683 605 huc
1724 545 2077 622 destinaris,
2110 567 2239 609 non
2282 552 2350 609 vt
2393 549 2522 610 tuis
2560 550 2681 627 pri-

274 642 474 704 uatim
503 642 848 704 commodis
895 644 1266 718 consuleres,
1309 643 1420 705 sed
1462 643 1557 704 vti
1598 644 1836 721 patriae
1884 645 2251 724 ciuibusque
2289 646 2419 707 tuis
2462 668 2681 725 quam-

270 741 622 819 plurimum
673 740 1015 816 prodesses-
1116 741 1332 821 Neque
1386 741 1604 804 minus
1653 743 1931 805 admiror
1985 743 2304 818 iudicium,
2363 744 2472 821 qui
2528 746 2682 808 duas
2707 765 2735 815 5

270 839 596 917 praecipue
642 858 743 899 res
790 839 1098 917 delegeris
1146 839 1376 917 quibus
1425 840 1490 900 id
1540 840 2040 902 cumulatissime
2106 842 2398 920 consequi
2447 862 2676 919 posses.

270 935 546 998 Videbas
591 936 764 997 enim
815 937 1282 1015 amplissimum
1329 937 1656 999 charitatis
1702 938 1980 999 fructum
2036 939 2106 1000 in
2151 958 2225 1000 eo
2279 940 2476 1001 situm
2524 960 2675 1016 esse,

271 1037 330 1096 si
370 1037 511 1114 quis
544 1035 814 1096 assiduis
849 1036 1254 1098 concionibus
1280 1056 1572 1113 sacraque
1609 1036 1896 1098 doctrina
1931 1036 2254 1098 Christum
2282 1036 2681 1116 popularium

271 1154 528 1198 suorum
563 1132 796 1195 animis
831 1134 1084 1197 inserat.
1171 1134 1306 1210 Quo
1343 1137 1414 1195 tu
1452 1133 1706 1212 quidem
1733 1135 1802 1195 in
1840 1136 2097 1213 negocio
2134 1135 2264 1196 iam
2292 1155 2494 1197 annos
2519 1155 2682 1199 com-

270 1232 483 1311 plures
524 1232 809 1308 versaris,
854 1251 986 1293 non
1030 1232 1235 1293 dicam
1279 1235 1513 1310 quanta
1557 1252 1704 1293 cum
1752 1232 1950 1307 laude,
1999 1253 2191 1310 quam
2234 1236 2305 1294 tu
2350 1233 2506 1295 adeo
2553 1254 2683 1296 non
2713 1254 2775 1292 ιο

271 1331 515 1408 spectas
545 1332 618 1389 vt
653 1349 768 1391 nec
805 1330 1122 1406 admittas,
1156 1332 1267 1393 sed
1294 1351 1522 1409 magno
1559 1334 1727 1392 certe
1764 1351 1908 1391 cum
1938 1332 2163 1393 fructu.
2251 1331 2388 1408 Quo
2427 1334 2685 1394 nomine

272 1429 512 1489 Paulus
552 1428 663 1489 ille
711 1432 875 1504 tuus,
922 1431 1157 1508 alioqui
1196 1429 1721 1504 modestissimus,
1766 1428 2034 1490 subinde
2082 1429 2391 1507 gloriatur
2437 1449 2508 1490 ac
2550 1451 2684 1492 sese

271 1531 490 1588 sancta
536 1528 808 1605 quadam
856 1528 1193 1590 insolentia
1240 1529 1442 1589 iactat.
1548 1526 1793 1589 Deinde
1841 1528 2008 1605 quod
2057 1527 2421 1605 proximum
2467 1529 2684 1591 existi-

273 1625 504 1700 mabas,
527 1625 752 1686 ludum
774 1624 1153 1689 litterarium
1173 1628 1357 1705 longe
1378 1625 1873 1704 pulcherrimum
1893 1646 1967 1687 ac
1987 1626 2684 1704 magnificentissimum

273 1722 632 1798 instituisti,
692 1724 801 1784 vbi
869 1724 989 1786 sub
1056 1725 1453 1787 electissimis
1520 1743 1591 1786 ac
1660 1723 2120 1802 probatissimis
2185 1725 2686 1803 praeceptoribus
2716 1748 2774 1800 ¹5

275 1822 636 1883 Britannica
661 1822 861 1899 pubes
886 1823 1148 1885 rudibus
1173 1823 1396 1884 statim
1431 1823 1621 1884 annis
1646 1823 1844 1883 simul
1883 1826 1948 1882 et
1976 1822 2299 1884 Christum
2324 1828 2390 1884 et
2417 1825 2685 1902 optimas

276 1918 607 1980 imbiberet
656 1920 940 1996 litteras;
1001 1922 1307 1983 nimirum
1361 1921 1640 1999 grauiter
1685 1920 2050 1998 intelligens
2094 1922 2163 1980 et
2208 1921 2277 1980 in
2324 1921 2442 1982 hac
2487 1924 2685 1983 aetate

275 2018 452 2077 velut
498 2017 731 2078 haerba
775 2039 954 2096 spem
1001 2019 1378 2098 reipublicae
1425 2020 1701 2097 positam
1745 2037 1899 2093 esse,
1948 2021 2013 2079 et
2069 2020 2296 2096 quanti
2343 2021 2566 2081 referat
2615 2021 2685 2081 in

276 2135 529 2178 omnem
570 2117 769 2178 vitam
812 2117 1100 2196 protinus
1140 2118 1220 2180 ab
1261 2117 1659 2179 incunabulis
1700 2118 1960 2195 optimis
2002 2118 2237 2179 imbui'

361 2214 500 2275 Iam
548 2235 696 2276 vero
750 2217 894 2293 quis
947 2236 1076 2278 non
1132 2217 1381 2279 adamet
1435 2217 1629 2277 etiam
1683 2236 2052 2294 generosam
2100 2219 2288 2278 istam
2344 2217 2544 2277 animi
2591 2218 2687 2277 tui
2716 2242 2776 2276 20

274 2312 706 2374 celsitudinem
753 2333 824 2374 ac
870 2318 1153 2376 sanctam
1195 2315 1288 2391 (vt
1335 2315 1425 2375 ita
1472 2314 1768 2390 dixerim)
1808 2314 2180 2393 superbiam,
2220 2315 2330 2391 qui
2369 2318 2686 2392 vtrunque

277 2413 391 2474 hoc
431 2412 502 2473 in
543 2413 815 2490 patriam
857 2413 1131 2474 officium
1172 2413 1264 2474 ita
1302 2413 1653 2490 gratuitum
1697 2432 1770 2474 ac
1817 2432 2152 2490 syncerum
2201 2433 2338 2474 esse
2386 2411 2682 2486 volueris,

270 2516 342 2572 vt
400 2532 513 2574 nec
566 2531 644 2572 ex
699 2513 798 2572 tot
849 2531 1162 2574 annorum
1221 2512 1732 2573 laboriosissimis
1787 2511 2191 2572 concionibus
2249 2511 2351 2573 vel
2406 2510 2686 2571 teruncio

273 2610 477 2670 factus
517 2609 607 2670 sis
649 2610 856 2685 ditior,
902 2630 1166 2688 cumque
1210 2615 1319 2671 tua
1358 2609 1692 2672 seminaris
1739 2610 2068 2687 spiritalia,
2122 2610 2359 2671 nullius
2406 2628 2685 2686 vnquam

275 2709 546 2771 carnalia
594 2710 948 2785 messueris,
997 2713 1061 2771 et
1105 2711 1352 2771 scholae
1401 2713 1711 2786 sumptus,
1760 2714 1896 2770 tam
1942 2709 2231 2770 videlicet
2275 2709 2566 2786 ingentes
2613 2711 2684 2769 vt
2716 2729 2773 2779 25

276 2811 589 2885 satrapam
647 2828 892 2887 quoque
947 2809 1258 2869 deterrere
1313 2809 1577 2885 possint,
1623 2807 1796 2868 solus
1852 2808 2095 2869 omneis
2151 2807 2311 2867 ferre
2362 2805 2638 2867 volueris
2655 2808 2687 2865 ⁸?

277 2903 362 2964 Et
405 2923 550 2964 cum
580 2902 809 2980 vulgus
840 2903 1176 2963 hominum
1213 2904 1392 2963 nulla
1428 2904 1498 2962 in
1537 2921 1603 2962 re
1645 2901 1945 2963 libentius
1981 2903 2221 2963 socium
2257 2900 2454 2962 soleat
2492 2919 2687 2961 accer-

276 3022 428 3072 sere,
471 3004 542 3061 tu
577 3000 1048 3078 patrimonium,
1089 3005 1162 3062 tu
1204 3021 1464 3063 censum
1507 3002 1895 3075 vniuersum,
1944 3001 2021 3060 ad
2075 3000 2226 3061 haec
2281 2999 2685 3061 domesticam

276 3100 470 3161 etiam
510 3098 980 3176 supellectilem,
1026 3100 1402 3178 profundere
1444 3099 1725 3161 maluisti
1767 3119 1958 3177 quam
2000 3098 2203 3159 vllum
2245 3098 2574 3158 mortalem
2618 3097 2684 3156 in

277 3198 463 3259 istius
486 3196 718 3275 gloriae
753 3202 996 3275 partem
1033 3198 1385 3259 admittere.
1474 3198 1733 3274 Quaeso,
1769 3197 1919 3276 quid
1949 3197 2116 3258 istud
2153 3201 2251 3258 est
2286 3195 2457 3257 aliud
2496 3214 2683 3271 quam
2713 3222 2774 3270 30

277 3298 344 3357 in
387 3297 716 3357 vniuersos
755 3300 1010 3359 tuorum
1050 3297 1297 3373 liberos,
1330 3297 1400 3357 in
1441 3297 1771 3357 vniuersos
1813 3297 1979 3357 ciues
2024 3295 2311 3356 animum
2351 3293 2683 3372 plusquam

277 3399 609 3473 paternum
658 3416 870 3474 gerere
887 3399 920 3458 *Ρ
1000 3397 1299 3474 'reipsum
1353 3396 1602 3472 spolias,
1654 3397 1728 3455 vt
1778 3395 1921 3455 illos
1968 3394 2349 3472 locupletes;
2411 3391 2683 3469 teipsum

280 3494 497 3567 nudas,
541 3497 613 3553 vt
655 3494 801 3556 illos
843 3516 1065 3569 ornes;
1127 3496 1400 3572 teipsum
1443 3492 1765 3554 laboribus
1806 3494 2077 3567 conficis,
2126 3512 2250 3570 quo
2294 3495 2401 3552 tua
2441 3490 2685 3551 soboles

279 3595 495 3668 vegeta
532 3593 616 3652 sit
653 3594 720 3654 in
759 3594 1024 3656 Christo.
1114 3594 1402 3653 Breuiter
1437 3594 1642 3653 totum
1683 3595 1746 3652 te
1784 3592 2117 3669 impendis,
2152 3594 2222 3651 vt
2252 3590 2396 3651 illos
2433 3589 2683 3651 Christo

281 3690 644 3751 lucrifacias.
2712 3712 2774 3763 35

363 3787 650 3849 Nimium
687 3789 958 3865 profecto
993 3791 1080 3850 sit
1115 3789 1370 3850 inuidus
1411 3778 1521 3867 qui
1561 3790 1715 3850 talia
1755 3789 2008 3850 conanti
2051 3809 2180 3848 non
2221 3786 2685 3865 impensissime

278 3887 529 3959 faueat;
584 3885 821 3963 impius
861 3888 971 3964 qui
1013 3887 1305 3948 reclamet
1346 3888 1410 3947 et
1452 3887 1808 3965 obstrepat;
1859 3887 2061 3948 hostis
2095 3887 2368 3964 Angliae
2409 3886 2516 3964 qui
2556 3905 2685 3946 non

280 4007 396 4065 pro
436 4005 551 4047 sua
593 3985 763 4047 virili
805 3985 1157 4047 adiumenti
1200 3985 1442 4063 aliquid
1485 3986 1767 4046 conferre
1810 3987 2076 4048 studeat.
2188 3987 2324 4063 Ego
2364 4005 2514 4046 sane
2554 4004 2686 4045 non

280 4087 539 4164 ignarus
596 4089 662 4147 et
717 4088 1022 4164 quantum
1071 4084 1345 4163 Angliae
1400 4083 1659 4145 debeam
1708 4084 1955 4162 publice
2018 4090 2083 4146 et
2138 4088 2517 4161 quantopere
2570 4082 2688 4143 tibi

281 4185 582 4262 priuatim
608 4184 733 4245 sim
761 4184 1083 4259 obnoxius,
1117 4183 1302 4244 officii
1329 4183 1454 4243 mei
1481 4202 1624 4243 sum
1661 4183 2004 4244 arbitratus
2030 4184 2409 4244 litterarium
2437 4182 2687 4259 aliquod
2714 4206 2778 4251 40

282 4283 730 4344 munusculum
781 4285 850 4344 in
898 4287 1344 4344 ornamentum
1391 4280 1638 4342 scholae
1691 4284 1839 4343 tuae
1886 4282 2179 4342 conferre.
2266 4281 2486 4356 Itaque
2535 4281 2691 4340 duos

285 4380 400 4441 hos
437 4401 637 4442 nouos
673 4382 767 4442 De
805 4383 997 4459 Copia
1032 4380 1518 4442 commentarios
1556 4399 1758 4441 nouae
1793 4381 2044 4442 scholae
2082 4398 2444 4457 nuncupare
2479 4378 2688 4438 visum

284 4482 395 4552 est,
445 4498 600 4556 opus
640 4480 931 4542 videlicet
973 4500 1116 4541 cum
1158 4483 1376 4557 aptum
1419 4479 1726 4556 pueritiae
1766 4482 1908 4540 tum
1950 4499 2078 4540 non
2121 4476 2579 4554 infrugiferum.
2624 4475 2691 4535 ni

282 4577 489 4649 fallor,
541 4577 850 4638 futurum.
935 4577 1056 4638 Sed
1108 4578 1417 4655 quantum
1468 4577 1697 4638 habeat
1744 4576 2119 4637 eruditionis
2162 4576 2551 4653 quantumue
2610 4573 2695 4633 sit

303 4685 901 4694 *⁴*—
1120 4714 1199 4749 ιο.
1238 4699 1391 4763 tuus]
1417 4699 1496 4749 Cf.
1521 4699 1618 4762 Ep.
1648 4700 1759 4749 181.
1792 4711 1866 4759 15.
