3355 5380
318 398 507 485 1499]
1163 405 1273 466 ΤΟ
1327 404 1371 465 J
1373 404 1558 465 OHN
1613 404 1882 466 COLET
2604 409 2721 465 257

308 560 491 623 venit
531 563 607 622 vt
646 560 763 622 hec
802 561 881 622 ad
927 560 1154 623 Iudeos
1195 565 1480 640 torquere
1510 560 1829 646 velimus?
1876 561 2150 623 maxime
2186 582 2332 623 cum
2364 561 2597 623 iniuria
2628 565 2727 624 tot
2752 578 2817 630 90

309 658 609 739 grauium
654 662 986 721 auctorum
1028 660 1138 738 qui
1186 679 1225 720 a
1272 660 1645 722 Hieronimo
1693 660 2081 722 dissenciunt
2125 661 2203 738 (si
2250 661 2585 722 dissentire
2630 663 2730 721 est

311 758 642 819 diuersum
660 759 936 836 sentire),
961 758 1075 819 illo
1101 779 1305 838 neque
1331 759 1792 835 ineruditiores,
1818 759 1875 821 si
1895 759 2097 821 doctis
2115 758 2404 820 habenda
2429 762 2526 820 est
2547 759 2722 833 fides,

314 876 518 934 neque
565 855 801 933 pietate
852 857 1198 933 inferiores,
1251 858 1308 917 si
1356 857 1583 936 pietati
1629 858 1877 919 credere
1921 857 2257 919 malumus.
2369 857 2510 918 Hoc
2571 861 2721 933 erat,

315 953 547 1030 Colete,
579 955 745 1031 quod
783 953 952 1015 baud
982 955 1109 1017 scio
1144 975 1227 1015 an
1265 955 1640 1032 scripserim,
1669 958 1837 1016 certe
1872 954 2262 1016 senciebam:
2302 954 2372 1014 in
2400 958 2532 1015 tam
2561 958 2729 1016 certa

316 1053 689 1127 coniectura,
734 1052 805 1113 in
852 1055 1029 1115 tanta
1074 1054 1419 1116 celebrium
1464 1057 1795 1115 auctorum
1840 1054 2028 1116 turba
2071 1073 2202 1115 non
2250 1053 2444 1113 fuisse
2492 1055 2729 1113 temere
2752 1072 2815 1122 95

318 1168 465 1210 cum
507 1150 879 1213 Hieronimo
923 1173 962 1213 a
1003 1156 1249 1230 recepto
1293 1157 1480 1232 atque
1524 1153 1872 1214 inueterato
1928 1152 2485 1231 interpretamento
2541 1151 2731 1226 desci-

320 1248 636 1325 scendum,
677 1269 806 1311 non
846 1250 1051 1311 dicam
1092 1251 1232 1311 sine
1275 1250 1677 1330 argumentis,
1712 1251 1822 1312 sed
1865 1250 2128 1311 omnino
2168 1250 2305 1310 sine
2343 1250 2732 1357 argumentis

318 1347 701 1409 certissimis.
784 1348 1048 1427 Alioqui
1073 1349 1383 1412 somniare
1410 1353 1506 1411 est
1531 1349 1722 1424 istud,
1756 1370 1885 1410 non
1915 1349 2330 1426 interpretari.

400 1444 530 1506 Hic
556 1465 670 1523 ego
694 1466 949 1507 rursum
975 1447 1249 1525 efflagito
1266 1450 1340 1508 vt
1358 1446 1460 1510 vel
1486 1452 1746 1509 tenuem
1766 1448 1933 1510 mihi
1960 1448 2384 1509 coniecturam
2414 1446 2725 1522 ostendas,

316 1562 511 1620 quare
539 1544 692 1606 haec
717 1545 988 1607 debeant
1006 1546 1085 1607 ad
1110 1546 1339 1608 Iudeos
1362 1547 1596 1608 referri.
1656 1546 1868 1607 Velim
1886 1546 2092 1607 lucem
2112 1545 2293 1606 illam
2314 1543 2730 1606 almissimam
2759 1559 2853 1597 100

318 1661 510 1720 quam
537 1643 712 1704 solus
735 1644 931 1719 vides,
964 1644 1146 1706 nobis
1172 1645 1402 1707 clarius
1424 1644 1681 1723 aperias.
1755 1644 1898 1705 Non
1924 1643 2119 1719 audis,
2151 1642 2382 1721 inquis,
2414 1642 2733 1704 nominari

315 1739 617 1800 calicem?
699 1740 865 1817 Quid
894 1741 1016 1803 dici
1044 1745 1249 1820 potest
1273 1744 1552 1821 apertius
1568 1744 1601 1803 ⁶?
1685 1743 1933 1819 Ergone
1961 1744 2095 1803 tota
2120 1740 2238 1802 hec
2265 1740 2424 1801 lux'
2404 1760 2474 1800 m
2501 1761 2576 1801 eo
2601 1761 2729 1802 vno

314 1840 418 1899 est
482 1838 674 1900 calice
728 1840 973 1902 inclusa
987 1843 1020 1902 ⁶?
1122 1842 1342 1915 Erant,
1398 1841 1629 1919 inquis,
1691 1839 1876 1903 Iudei
1928 1840 2184 1901 calicem
2245 1839 2474 1902 mortis
2524 1839 2732 1900 Cristo

317 1936 728 2015 propinaturi.
819 1939 987 2001 Eum
1014 1960 1098 2001 ne
1135 1939 1207 2000 in
1232 1959 1413 2001 suam
1440 1939 1780 2018 perniciem
1806 1938 2182 2000 ministrent
2200 1940 2336 1999 orat
2362 1937 2467 1999 his
2494 1937 2730 1999 verbis=

322 2034 548 2096 ‘Pater
588 2037 703 2112 mi,
730 2040 1008 2099 transeat
1046 2059 1085 2100 a
1123 2058 1227 2100 me
1266 2038 1426 2099 calix
1466 2038 1627 2100 iste)
1707 2040 1800 2100 At
1836 2037 1990 2116 quid
2021 2037 2211 2098 habet
2247 2036 2412 2098 calix
2452 2035 2566 2097 ille
2606 2054 2731 2114 quo
2759 2053 2849 2105 105

318 2134 523 2211 magis
548 2136 630 2196 ad
670 2135 904 2197 Iudeos
937 2136 1368 2215 propinatores
1403 2137 1709 2198 referatur
1745 2156 1933 2214 quam
1973 2137 2055 2197 ad
2081 2135 2411 2197 Christum
2448 2135 2558 2215 qui
2594 2137 2731 2196 erat

317 2232 575 2294 calicem
623 2233 935 2295 bibiturus
949 2237 982 2296 ⁴?
1063 2235 1226 2310 Quid
1273 2236 1330 2296 si
1377 2235 1565 2297 doceo
1610 2234 1877 2297 verbum
1921 2233 2083 2296 illud
2126 2233 2196 2295 in
2243 2254 2365 2313 quo
2408 2237 2483 2295 tu
2530 2235 2732 2295 totam

317 2328 527 2393 lucem
582 2332 784 2410 ponis,
838 2332 1242 2394 vehementer
1295 2335 1511 2395 contra
1560 2335 1627 2395 te
1687 2332 1889 2394 facere
1904 2336 1938 2395 ἰ’
2038 2334 2272 2411 Repete
2332 2331 2483 2411 quid
2538 2333 2731 2394 Petro

317 2428 585 2492 dixerit:
649 2434 667 2463 ⁴
682 2430 956 2493 Calicem
994 2451 1182 2510 quem
1220 2432 1397 2493 dedit
1436 2431 1603 2493 mihi
1647 2434 1841 2509 pater,
1879 2452 2009 2493 non
2051 2431 2268 2492 bibam
2308 2431 2496 2492 illum
2512 2432 2547 2491 Ῥ
2563 2430 2579 2457 ’
2662 2429 2731 2491 Si

318 2529 512 2590 Pater
550 2529 663 2589 dat
707 2529 961 2591 calicem
1001 2530 1364 2603 bibendum,
1409 2532 1468 2591 si
1506 2530 1798 2615 Christus
1844 2530 2192 2592 bibendum
2232 2529 2475 2606 accipit,
2521 2548 2734 2590 nonne
2762 2543 2781 2579 1
2797 2544 2816 2579 ¹
2823 2544 2856 2579 0

316 2627 498 2688 vides
550 2627 801 2688 excludi
848 2628 1079 2689 Iudeos
1093 2630 1126 2689 ⁶?
1226 2629 1456 2692 Confer
1507 2627 1686 2704 illud,
1743 2630 1760 2661 ⁴
1782 2628 2053 2690 Calicem
2098 2647 2289 2708 quem
2345 2627 2519 2689 dedit
2572 2626 2733 2688 mihi

317 2727 528 2802 Pater,
559 2746 690 2787 non
717 2727 929 2788 bibam
954 2727 1210 2789 illum?
1252 2732 1318 2790 et
1350 2729 1683 2790 ‘Transeat
1707 2748 1746 2789 a
1773 2748 1878 2790 me
1903 2727 2067 2788 calix
2091 2727 2241 2801 iste;
2281 2726 2419 2798 iste,
2450 2726 2730 2803 inquam,

318 2841 486 2900 tuus,
542 2844 582 2885 o
635 2826 826 2887 Pater
842 2825 858 2850 ’
912 2826 1105 2902 (nosti
1157 2826 1332 2888 enim
1386 2826 1523 2887 eius
1574 2825 1967 2904 pronominis
2019 2821 2448 2903 eleganciam).
2566 2823 2731 2884 Nam

316 2923 668 2985 clarissime
726 2923 1027 3003 loquitur,
1083 2931 1100 2957 ‘
1120 2925 1215 2986 Mi
1269 2926 1478 2999 Pater,
1538 2924 1769 2986 dedisti
1821 2923 1985 2984 mihi
2035 2922 2417 2985 ebibendum
2469 2921 2732 2983 calicem

319 3022 792 3083 amarissimum
808 3022 1063 3100 quidem
1081 3024 1295 3098 illum3
1323 3023 1556 3101 refugit
1576 3022 1682 3084 hic
1702 3024 1893 3084 homo
1913 3042 2105 3101 quem
2123 3020 2452 3099 assumpsi.
2491 3019 2735 3080 Verum·
2763 3037 2783 3073 1
2797 3037 2854 3088 ¹5

317 3121 621 3197 quoniam
648 3123 720 3181 tu
745 3140 849 3182 me
875 3122 974 3182 vis
999 3141 1147 3183 eum
1174 3122 1402 3197 bibere,
1436 3142 1565 3183 non
1594 3140 1810 3183 recuso
1838 3143 1855 3197 3
1895 3123 2042 3182 volo
2061 3119 2360 3198 quicquid
2389 3122 2462 3180 tu
2489 3117 2631 3180 viel

403 3220 747 3281 Possemus
786 3222 851 3279 et
892 3240 1006 3280 nos
1046 3219 1161 3281 hec
1201 3221 1510 3281 rhetorico
1549 3239 1727 3281 more
1765 3217 2141 3296 locupletare
2180 3216 2459 3293 dicendo,
2498 3215 2629 3277 nisi
2668 3218 2732 3276 et

318 3317 615 3379 breuitati
636 3318 927 3379 daremus
954 3338 1221 3397 operam,
1241 3321 1307 3379 et
1326 3318 1574 3380 homini
1599 3318 2011 3379 scriberemus
2037 3316 2327 3377 omnium
2347 3314 2728 3376 doctissimo.

316 3413 565 3478 Verum
612 3420 687 3478 vt
731 3416 948 3477 omnia
998 3416 1119 3477 tibi
1172 3416 1417 3494 largiar,
1464 3420 1870 3495 torqueamus
1923 3435 2063 3477 eam
2109 3414 2401 3476 voculam
2447 3415 2601 3475 calix
2652 3413 2734 3473 ad

319 3514 555 3575 Indeos
588 3514 1041 3592 propinaturos.
1106 3515 1401 3591 ¹Quinam
1440 3514 1788 3593 poterimus
1822 3534 1970 3576 eum
2007 3533 2194 3592 quem
2231 3516 2303 3574 tu
2340 3512 2439 3573 vis
2473 3531 2735 3574 sensum
2763 3531 2857 3566 120

315 3632 651 3691 emergere,
712 3615 729 3644 ⁸
745 3614 1047 3676 Transeat
1089 3634 1128 3675 a
1169 3634 1272 3674 me
1317 3613 1478 3675 calix
1520 3613 1680 3688 iste‚’
1722 3613 1789 3674 id
1828 3615 1926 3673 est
1975 3612 2225 3674 ‘Nolim
2266 3611 2482 3673 Iudeis
2526 3630 2736 3673 meam

315 3712 597 3772 mortem
625 3730 761 3772 esee
788 3712 1175 3773 mortiferam
1190 3715 1223 3773 ⁴2
1305 3712 1434 3773 Hic
1468 3711 1649 3788 calix,
1680 3710 1796 3772 hec
1822 3710 2026 3789 pamio
2054 3729 2244 3788 quam
2272 3710 2456 3772 Iudei
2479 3712 2726 3787 parant,

315 3811 598 3870 transeat
623 3829 660 3870 a
684 3809 828 3871 me.’
911 3809 992 3870 Se
1018 3809 1628 3886 nominat;1udeos
1660 3828 1775 3870 nec
1807 3808 2124 3888 significat
2152 3808 2429 3885 quidem.
2518 3806 2736 3868 ‘Iudei

281 3908 477 4004 [sunt
516 3906 783 3968 occisuri
823 3927 943 3968 me.
1029 3909 1165 3986 Ego
1206 3909 1462 3986 quidem
1502 3907 1664 3968 mori
1704 3926 1835 3968 non
1870 3927 2103 3968 recuso.
2192 3907 2334 3967 Hoc
2363 3910 2577 3967 tamen
2601 3924 2734 3981 oro,

281 3973 414 4066 mi
443 4004 651 4080 Pater,
679 4025 763 4066 ne
789 4006 892 4067 cui
918 4025 1089 4067 mors
1114 4026 1257 4068 mea
1283 4006 1369 4068 sit
1393 4007 1616 4067 mortis
1642 4004 1921 4067 occasio!
2003 4004 2083 4065 Id
2109 4004 2380 4067 voluisse
2408 4003 2733 4065 Christum
2764 4024 2855 4074 125

315 4103 669 4166 contendis.
771 4105 863 4165 At
911 4105 1052 4182 quis
1098 4103 1227 4165 nisi
1281 4103 1540 4165 diuinus
1583 4103 1774 4164 istam
1823 4103 2208 4164 sentenciam
2254 4122 2333 4164 ex
2384 4103 2478 4163 eis
2522 4100 2736 4163 verbis

316 4202 596 4279 accipiet,
632 4202 965 4264 ‘Transeat
992 4223 1031 4264 a
1057 4223 1160 4263 me
1186 4203 1349 4263 calix
1373 4203 1532 4263 iste’
1549 4204 1582 4263 ⁶?
1664 4201 1830 4277 Quid
1861 4201 2036 4262 aliud
2070 4204 2300 4263 sonant
2327 4219 2516 4279 quam
2546 4195 2736 4281 [nisi]

273 4324 295 4356 s
323 4301 343 4332 ⁴
360 4301 666 4362 Transeat
711 4320 751 4362 a
791 4321 897 4362 me
944 4302 1151 4379 passio
1172 4303 1188 4328 ’
1211 4303 1244 4362 ⁶?
1326 4301 1549 4363 Odisse
1596 4301 1759 4362 soles
1804 4300 2358 4378 interpretacionee
2404 4297 2730 4361 violentas.-

317 4398 415 4458 At
453 4396 577 4458 ista
615 4400 730 4459 tua
769 4396 1290 4476 interpretacione
1317 4398 1467 4475 quid
1505 4398 1628 4462 dici
1662 4400 1873 4477 potest
1904 4397 2254 4459 violencius
2290 4396 2682 4474 coactiusque
2699 4399 2733 4458 ⁴?

316 4495 563 4557 Verum
590 4495 670 4557 ad
697 4515 839 4557 eam
865 4518 977 4558 vos
1011 4501 1314 4575 tanquam
1347 4498 1417 4557 in
1456 4497 1786 4575 scopulum
1819 4496 2127 4573 compulit
2158 4494 2224 4556 id
2258 4494 2422 4572 quod
2453 4512 2532 4554 ex
2567 4493 2733 4556 meis
2761 4516 2854 4567 130

948 4635 1075 4677 ιω.
1115 4642 1388 4692 emergere
1410 4631 1656 4687 Bywater:
1691 4633 1941 4690 emugere
1961 4630 2066 4677 ΜΒ.

318 4698 469 4791 -99,
509 4729 874 4779 coniecturam
900 4762 917 4780 .
944 4766 956 4778 .
983 4727 1025 4792 .]
1050 4727 1180 4777 ibid.
1211 4730 1336 4789 1267
1356 4739 1404 4777 s.
1605 4739 1715 4789 ¹30·
1754 4724 2060 4789 scopulum]
2087 4724 2220 4775 ibid.
2248 4726 2435 4784 ωερε.
