3355 5380
632 383 746 442 130
1333 379 1710 440 LETTERS
1763 379 1871 440 or
1926 376 2325 440 ERAsMUs
2843 373 3032 458 [1493

538 563 599 614 35
628 539 858 600 melius
885 558 986 599 me
1017 538 1212 613 nouit,
1245 536 1354 615 qui
1381 537 1452 597 in
1479 536 1633 615 ipsis
1669 537 1864 596 etiam
1896 556 2068 597 nunc
2095 536 2287 597 iactor
2313 534 2614 614 procellis.
2702 535 2896 613 Saepe
2922 535 3040 612 (ita

627 657 729 697 me
756 635 953 715 ames)
983 635 1102 695 tibi
1128 634 1409 712 gratulor
1432 635 1813 713 beatumque
1838 633 2062 709 iudico,
2095 635 2206 711 qui
2234 632 2605 694 enataueris.

707 735 803 795 De
830 732 1015 794 rebus
1043 732 1203 793 meis
1231 732 1382 811 quid
1403 732 1670 793 scribam
1700 732 1866 793 nihil
1885 731 2101 794 habeo,
2191 731 2366 792 Bene
2391 732 2584 806 valeo,
2618 732 2782 811 quod
2820 732 3034 794 iucun-

627 833 780 893 dum
810 832 930 893 tibi
956 833 1089 894 fore
1117 834 1284 892 certo
1311 830 1453 892 scio.
1515 830 1725 890 Statui
1744 833 1954 891 autem
1975 829 2138 890 nihil
2158 829 2321 890 mihi
2342 829 2652 907 agendum
2672 829 3028 909 praefracte,

626 931 736 992 sed
789 930 1166 991 imitandam
1229 928 1640 990 calliditatem
1689 930 1755 989 et
1813 928 2190 1007 patientiam
2247 927 2511 1006 Vlyssis.
2594 929 2686 988 Eo
2740 929 3031 989 fortunae

536 1053 603 1104 40
626 1032 894 1090 ventum
923 1032 1036 1104 est,
1062 1031 1136 1091 vt
1160 1030 1250 1089 ita
1275 1028 1442 1089 facto
1471 1047 1628 1105 opus
1663 1027 1764 1101 sit,
1789 1028 1848 1088 si
1866 1027 2160 1088 volumus
2186 1026 2413 1087 habere
2442 1026 2749 1088 rationem
2776 1025 2996 1087 salutis
3017 1049 3037 1101 ς

626 1148 849 1189 verum
885 1128 1043 1188 heus
1086 1146 1236 1188 caue
1278 1130 1341 1187 te
1381 1146 1523 1187 mea
1562 1145 1746 1187 causa
1786 1125 2060 1187 afflictos.
2151 1125 2462 1203 Equidem
2494 1126 2783 1186 animum
2819 1123 3037 1186 confir·

627 1227 822 1303 maui,
877 1226 969 1287 ita
1040 1224 1319 1299 occallui,
1376 1228 1448 1285 vt
1515 1224 1806 1286 fortunae
1875 1225 2041 1286 vires
2109 1223 2291 1286 facile
2361 1221 2821 1297 contemserim,
2879 1226 3041 1301 puto

626 1326 980 1403 sapientem
1006 1324 1245 1385 nullius
1270 1342 1466 1400 egere.

873 1423 1073 1483 Musis
1112 1421 1351 1481 amicus
1389 1421 1717 1481 tristitiam
1758 1423 1823 1480 et
1862 1423 2070 1480 metus

538 1540 602 1591 45
872 1521 1146 1581 'Pi-adam
1185 1518 1497 1598 proteruis
1536 1518 1628 1595 (vt
1667 1517 1808 1580 vult
1850 1515 2133 1598 Flaccus)
2176 1520 2247 1580 in
2275 1538 2447 1579 mare
2487 1518 2804 1579 Creticum

956 1618 1215 1678 Portare
1254 1617 1482 1693 ventis,

629 1736 988 1796 quanquam
1026 1715 1143 1776 sub
1174 1714 1511 1793 tyrannide
1553 1734 1805 1792 premor
1846 1718 1911 1775 et
1954 1714 2217 1793 longum
2254 1715 2650 1793 premendus.
2736 1715 3037 1777 Sustento

631 1836 733 1876 me
765 1814 1070 1892 exemplis
1105 1833 1481 1891 magnorum
1516 1812 1817 1886 virorum,
1849 1814 1994 1873 ante
2034 1811 2246 1874 oculos
2273 1813 2470 1875 habeo
2506 1813 2773 1874 Socratis
2809 1812 3036 1891 optimi

628 1913 753 1973 viri
799 1911 1135 1988 indignum
1183 1931 1508 1984 carcerem,
1555 1909 1774 1987 magni
1824 1910 2000 1971 illius
2046 1911 2337 1972 Platonis
2379 1911 2600 1972 duram
2642 1912 3031 1973 seruitutem.

541 2031 606 2084 50
630 2010 825 2071 Totus
864 2010 1061 2087 igitur
1099 2008 1252 2071 viuo
1289 2008 1537 2083 litteris,
1579 2010 1767 2086 atque
1806 2028 1880 2069 eo
1926 2012 2125 2087 pacto,
2169 2010 2372 2088 gratia
2410 2008 2857 2088 philosophiae,
2901 2029 3034 2071 non

628 2109 838 2169 solum
876 2128 1026 2169 vaco
1067 2107 1372 2181 molestia,
1417 2106 1529 2167 sed
1577 2106 1773 2166 etiam
1814 2106 2015 2167 ridere
2055 2127 2337 2185 possum.
2418 2108 2516 2168 'l'u
2555 2128 2703 2169 vero
2743 2108 2885 2169 istic
2913 2129 3042 2187 quo

628 2209 851 2286 pacto?
893 2206 1094 2267 Satin’
1120 2209 1326 2268 recte?
1367 2209 1476 2268 An
1495 2205 1711 2267 omnia
1731 2224 1808 2266 ex
1827 2208 2159 2281 sententia,
2182 2226 2267 2268 an
2286 2210 2358 2268 vt
2376 2207 2493 2282 vis,
2520 2207 2612 2268 ita
2630 2206 2819 2268 licet?
2857 2206 3035 2268 Vale.

1254 2352 1359 2414 34.
1453 2348 1654 2414 Fssou
1703 2348 2041 2414 WILLIAM
2088 2349 2423 2416 HERMAN.

702 2481 815 2537 LB.
837 2481 985 2553 App.
1010 2484 1134 2551 448·
2631 2434 2905 2508 (steyn)

2577 2522 2755 2596 <1493
2782 2524 2878 2578 fin·
2896 2523 2966 2597 ⁴?>

699 2636 885 2702 [After
905 2637 1002 2699 Ep.
1025 2649 1089 2697 33
1122 2637 1345 2685 because
1379 2636 1508 2685 Batt
1540 2636 1588 2685 is
1620 2635 1955 2698 mentioned,
1981 2634 2093 2684 and
2126 2635 2309 2685 before
2340 2635 2436 2700 Ep.
2463 2649 2529 2699 35
2561 2637 2747 2686 which
2781 2637 2948 2687 refers
2981 2640 3042 2687 to

633 2704 809 2753 Batt's
830 2704 1193 2766 appreciation
1216 2702 1275 2751 of
1291 2704 1386 2753 the
1406 2716 1595 2765 poema
1615 2706 1738 2752 sent
1761 2703 1898 2752 with
1921 2701 2077 2766 this.]

828 2810 1257 2858 GVILIELMVS
1301 2809 1669 2859 GOVDANVS
1713 2810 1987 2857 ERAsMo
2037 2809 2300 2857 POETAE
2346 2810 2433 2857 ΔΟ
2479 2810 2841 2859 THEOLOGO

1331 2912 1794 2968 VNDEOVNQVE
1839 2912 2247 2962 DooTISSIMo
2292 2913 2343 2961 Β.

716 3012 956 3071 Accam
997 3012 1137 3071 tuas
1173 3008 1429 3086 litteras,
1464 3008 1694 3088 quibus
1732 3009 1799 3069 id
1841 3009 2007 3088 quod
2044 3009 2317 3071 sciebam
2358 3011 2638 3088 cognom,
2672 3010 2837 3089 quod
2880 3010 3044 3070 vole-

633 3107 781 3168 bam
808 3127 1189 3186 cognoscere,
1223 3107 1391 3169 haud
1418 3107 1611 3186 potui.
1700 3107 2011 3185 Rogaram
2038 3109 2104 3167 et
2128 3107 2478 3185 pendebam
2507 3109 2709 3170 animi
2732 3128 2816 3169 an
2843 3109 3038 3170 istaec

633 3206 924 3285 migratio
960 3205 1209 3283 vtrique
1250 3209 1537 3266 nostrum
1563 3204 1743 3266 vtilis
1780 3206 1958 3267 foret.
2045 3205 2168 3266 Ille
2209 3206 2438 3285 dignus
2478 3210 2576 3268 est
2615 3208 2774 3283 odio,
2807 3206 2865 3268 si
2904 3206 3040 3285 qui-

633 3305 777 3364 dem
805 3304 893 3364 ita
918 3306 1015 3363 est
1040 3306 1137 3363 vti
1162 3303 1419 3378 scribis;
1460 3304 1698 3381 gaudeo
1723 3323 1827 3364 me
1855 3325 1985 3365 non
2012 3305 2208 3366 fuisse
2234 3306 2420 3384 plane
2446 3326 2784 3380 assensum,
2811 3324 3039 3366 verum

576 3412 603 3463 5
632 3400 710 3460 ad
753 3403 938 3461 tuum
978 3401 1314 3462 consilium
1355 3421 1486 3461 rem
1530 3401 1828 3477 reiecisse,
1875 3422 2235 3481 quanquam
2275 3404 2468 3465 etiam
2507 3407 2646 3466 tum
2687 3422 2833 3464 cum
2871 3402 3040 3481 apud

632 3517 751 3558 nos
776 3497 897 3559 iste
914 3497 1227 3559 Protheus
1253 3502 1432 3573 esset,
1465 3500 1667 3577 ipsius
1695 3500 1826 3561 doli
1852 3501 2017 3562 mihi
2042 3501 2453 3564 subolebant:
2486 3505 2840 3562 monstrum
2861 3500 3032 3575 noui,

632 3591 743 3652 sed
784 3592 935 3672 quid
977 3612 1124 3669 agas
1142 3594 1174 3653 ⁴?
1254 3591 1497 3653 Scitum
1539 3597 1649 3670 est,
1682 3595 1806 3670 Qui
1846 3615 1992 3656 cum
2032 3596 2199 3657 malo
2240 3595 2540 3657 daemone
2579 3595 2852 3674 nauigat,
2892 3615 3040 3656 cum

633 3710 706 3751 eo
734 3690 1002 3752 traiiciat
1029 3693 1287 3768 oportet.

716 3789 812 3849 De
859 3809 928 3849 re
970 3807 1162 3867 quam
1216 3788 1420 3867 priore
1471 3790 1734 3867 epistola
1780 3791 2020 3870 scripsi,
2069 3792 2321 3853 audiam
2376 3792 2730 3867 consilium,
2784 3795 3046 3855 suadeas

545 3903 609 3940 10
634 3906 716 3946 an
772 3886 1146 3948 dissuadeas.
1234 3887 1511 3966 Ideoque
1564 3888 2151 3950 festinantiusculus
2204 3911 2348 3951 sum
2395 3891 2534 3952 fieri
2580 3892 2820 3966 certior,
2875 3889 3039 3970 quod

632 4004 845 4046 verear
893 4004 973 4046 ne
1022 3986 1174 4063 quid
1230 3985 1374 4047 istic
1428 3986 1846 4048 constituatur
1889 3988 2054 4065 quod
2103 4008 2233 4049 non
2279 3989 2366 4050 sit
2419 3990 2489 4050 in
2537 4010 2673 4051 rem
2716 3990 3048 4068 vti-iusque

633 4087 939 4159 nostrum,
970 4087 1159 4162 atque
1183 4087 1255 4146 vt
1296 4087 1370 4145 tu
1406 4087 1610 4146 certus
1646 4083 1723 4146 de
1760 4105 1900 4147 mea
1926 4087 2257 4149 voluntate
2291 4089 2454 4167 quod
2491 4108 2566 4149 ex
2609 4109 2677 4150 re
2711 4109 2849 4151 esse
2874 4089 3042 4151 vide·

634 4182 806 4243 bitur
833 4183 1137 4244 conficias.

718 4280 1207 4341 Laurentianum
1251 4281 1681 4359 Thucydidem
1724 4283 1991 4362 perlego,
2043 4284 2153 4362 qui
2201 4282 2698 4347 obscuriusculus
2741 4289 2851 4362 est,
2900 4290 3046 4346 tum

701 4429 783 4477 38.
809 4428 891 4488 38.
926 4426 1245 4493 praefracte]
1282 4428 1524 4490 Perhaps
1556 4443 1627 4477 an
1649 4429 1790 4478 allu·
1889 4430 2003 4479 'l'he
2038 4432 2276 4494 opening
2311 4432 2452 4482 lines
2486 4431 2546 4482 of
2572 4432 2669 4481 the
2707 4435 2817 4482 two
2851 4431 3048 4481 letters

634 4493 756 4542 sion
813 4495 871 4541 to
931 4493 1202 4542 Erasmus’
1261 4495 1458 4543 action.
1549 4494 1626 4544 Cf.
1690 4495 1787 4558 Ep.
1891 4511 2021 4559 may
2051 4497 2118 4545 be
2151 4498 2454 4560 compared.

635 4561 715 4621 83.
743 4559 825 4619 38.
1961 4577 2035 4623 14.
2073 4561 2479 4627 Thucydidem]
2497 4562 2699 4612 Valla's
2715 4562 3044 4612 translation

702 4640 782 4684 44.
825 4622 1021 4687 Musis]
1047 4622 1179 4673 Hor.
1209 4628 1254 4673 c.
1284 4639 1327 4675 1.
1352 4626 1431 4674 26.
1467 4638 1573 4686 1-3.
1891 4641 2003 4676 was
2036 4628 2195 4676 made
2230 4629 2290 4675 in
2319 4642 2458 4691 ¹452·
2528 4629 2643 4678 'l'he
2676 4630 2793 4678 first
2830 4629 3049 4677 edition

702 4693 845 4752 34.9.
882 4691 1060 4752 priore
1073 4689 1329 4754 epistola]
1342 4690 1582 4753 Perhaps
1596 4691 1691 4754 Ep.
1704 4706 1782 4755 33.
1891 4707 2002 4742 was
2024 4693 2317 4756 published
2340 4699 2398 4743 at
2421 4695 2624 4744 Venice
2648 4710 2689 4744 c.
2720 4696 2860 4757 1485.
