3355 5380
263 357 448 441 1499]
1096 360 1217 423 ⁴1¹0
1255 360 1483 423 JOHN
1526 361 1797 424 cosm*
2539 364 2654 419 247

255 535 413 595 qum-
444 515 580 578 sola
610 521 761 579 sunt
794 518 919 581 ista
955 538 1068 579 nec
1096 518 1246 580 vllis
1272 517 1734 596 antiquioribus
1764 516 2374 596 elegantioribusque
2407 516 2658 577 condita

255 614 507 690 litteris,
526 616 836 678 eiusmodi
861 617 1022 677 mihi
1049 616 1350 679 videntur
1367 619 1438 677 vt
1462 616 1730 678 sciolum
1758 620 1824 677 et
1850 615 2309 677 contentiosum
2337 615 2660 676 hominem
2690 645 2713 679 2
2720 644 2748 694 5

257 713 510 774 reddere
534 714 795 792 possint,
828 715 1178 793 sapientem
1205 735 1288 776 an
1314 716 1559 793 possint
1584 714 1860 775 viderint
1897 713 2025 775 alii.
2110 713 2451 791 Ingenium
2488 714 2661 774 enim

254 812 466 873 ieiuna
500 815 565 872 et
599 832 818 890 aspera
853 814 1124 891 quadam
1161 813 1511 875 subtilitate
1543 813 1941 888 exhauriunt,
1972 832 2173 890 neque
2205 812 2338 874 vllo
2370 815 2662 890 vegetant

255 931 454 986 succo,
510 931 712 989 neque
757 912 1046 973 animant
1093 913 1343 991 spiritu.
1440 913 1541 987 Et,
1588 912 1756 990 quod
1805 912 2094 973 omnium
2141 916 2237 972 est
2287 911 2656 981 maximum,

257 1009 638 1086 theologiam
660 1008 838 1070 illam
859 1010 1149 1072 omnium
1167 1010 1641 1089 disciplinarum
1658 1010 1943 1088 reginam
1959 1011 2048 1071 sic
2063 1013 2352 1071 veterum
2368 1009 2662 1070 facundia

260 1090 1133 1187 locupletatam-*ornatamque
1160 1129 1274 1171 sua
1300 1109 1578 1171 balbutie
1602 1111 1668 1170 et
1695 1110 1992 1171 orationis
2015 1109 2452 1187 spurcissimae
2473 1110 2665 1170 sordi·
2692 1137 2754 1185 30

262 1206 377 1267 bus
403 1206 860 1281 deuenustant;
900 1207 991 1268 sic
1011 1207 1359 1285 priscorum
1381 1208 1650 1288 ingeniis
1675 1208 2033 1285 expeditam
2061 1208 2261 1286 spinis
2289 1208 2663 1285 quibusdam

263 1305 626 1383 impediunt,
707 1306 1108 1368 inuoluentes
1175 1307 1389 1369 omnia
1459 1308 1610 1368 dum
1682 1307 1895 1368 omnia
1963 1310 2275 1368 conantur
2335 1306 2659 1381 resoluere,

260 1404 787 1482 quemadmodum
827 1405 950 1483 ipsi
987 1407 1349 1483 loquuntur.
1438 1406 1659 1484 Itaque
1701 1406 1915 1467 videas
1961 1425 2100 1466 eam
2149 1425 2306 1483 quae
2346 1406 2662 1483 quondam

258 1503 704 1582 augustissima
747 1505 940 1566 fuerit
980 1505 1452 1583 maiestatisque
1496 1505 1701 1583 plena,
1755 1524 1921 1565 nunc
1970 1523 2169 1582 poene
2214 1506 2457 1565 mutam
2507 1524 2658 1573 esse,

259 1600 528 1680 inopem,
572 1621 939 1680 pannosam.
1029 1603 1345 1665 Illicimur
1385 1604 1625 1665 interea
1665 1604 1833 1664 dulci
1875 1602 2147 1682 quodam
2190 1605 2256 1663 et
2303 1603 2664 1664 illecebroso
2691 1625 2752 1677 35

260 1699 479 1762 morbo
503 1720 831 1778 nunquam
858 1702 1118 1763 satiatae
1151 1703 1591 1765 contentionis.
1677 1702 1838 1764 Rixa
1865 1723 1902 1762 e
1920 1701 2059 1763 rixa
2086 1700 2378 1775 nascitur,
2409 1706 2475 1763 et
2503 1701 2665 1762 miro

256 1799 589 1878 supercilio
616 1800 695 1860 de
721 1799 873 1860 lana
892 1801 1146 1878 caprina
1174 1800 1607 1879 digladiamur.

333 1898 506 1959 Tum
546 1918 629 1959 ne
672 1897 836 1959 nihil
875 1898 1158 1959 inuentis
1186 1904 1469 1961 veterum
1514 1899 1941 1978 theologorum
1983 1898 2279 1960 adiecisse
2317 1899 2662 1970 videamur,

256 1998 409 2059 satis
435 1998 737 2058 audacter
761 1999 826 2058 et
850 1999 1053 2059 certas
1078 1999 1381 2076 quasdam
1412 1999 1685 2059 rationes
1711 1997 2205 2076 prescripsimus,
2238 1997 2467 2075 quibus
2495 1999 2665 2059 Deus

260 2096 565 2175 mysteria
604 2115 718 2156 sua
755 2096 1103 2174 peregerit3
1143 2117 1298 2175 qum
1340 2098 1664 2157 interdum
1707 2089 2044 2175 perfectius
2086 2097 2170 2157 sit
2217 2095 2460 2157 credere
2507 2096 2661 2167 fieri,
2691 2121 2757 2172 40

256 2195 571 2255 caeterum
609 2193 841 2271 quibus
866 2195 1071 2256 modis
1098 2196 1160 2257 id
1199 2197 1322 2271 flat,
1356 2195 1847 2274 omnipotentiae
1876 2195 1991 2255 Dei
2020 2195 2398 2272 permittere.
2485 2194 2666 2256 Adde

254 2293 417 2370 quod
480 2292 843 2354 ostentandi
890 2293 1131 2372 ingenii
1177 2296 1390 2356 studio
1438 2312 1892 2371 nonnunquam
1949 2293 2256 2354 eiusmodi
2310 2294 2667 2370 questiones

252 2392 590 2468 agitamus,
638 2411 796 2469 quas
847 2412 1028 2454 aures
1081 2393 1218 2471 piae
1273 2394 1381 2454 vix
1428 2394 1648 2469 ferant,
1700 2413 1852 2471 qum
1908 2392 2231 2471 querimus
2285 2412 2442 2453 num
2498 2393 2665 2454 Deus

253 2488 537 2566 potuerit
591 2489 911 2550 diabolum
966 2494 1076 2551 aut
1129 2491 1377 2552 asinum
1434 2510 1767 2552 assumere.
1903 2490 2192 2550 Fortasse
2244 2487 2660 2562 tolerandum,

251 2587 451 2666 siquis
513 2588 635 2649 ista
687 2591 992 2665 tanquam
1055 2589 1315 2650 acuendi
1377 2589 1616 2668 ingenii
1670 2589 1874 2667 gratia
1930 2587 2173 2649 modice
2225 2606 2338 2663 per
2391 2588 2662 2647 aetatem
2691 2613 2753 2663 45

250 2685 581 2765 attigerit3
648 2687 756 2748 sed
814 2686 879 2747 in
936 2685 1071 2761 his,
1105 2690 1407 2766 tanquam
1463 2687 1543 2749 ad
1596 2686 1885 2766 scopulos
1933 2686 2293 2764 SyrenaeoS,
2346 2704 2475 2745 non
2530 2705 2667 2746 con·

246 2785 646 2848 senescimus
698 2787 887 2847 modo
938 2807 1159 2848 verum
1215 2787 1409 2848 etiam
1467 2785 1884 2861 immorimur,
1937 2804 2085 2865 prae
2127 2784 2232 2844 his
2279 2784 2488 2846 nullas
2535 2804 2663 2845 non

247 2881 505 2946 litteras
534 2884 1014 2946 contemnimus.
1098 2885 1359 2946 Accedit
1391 2885 1470 2946 ad
1505 2885 1672 2959 haec,
1708 2884 1873 2962 quod
1902 2887 2115 2944 nostra
2140 2884 2515 2960 tempestate
2541 2883 2665 2943 fere

242 2982 323 3042 ad
351 2982 721 3061 theologiae
748 2981 1029 3043 studium
1058 3002 1192 3045 sese
1218 2983 1555 3061 applicant,
1588 2984 1945 3044 litterarum
1979 2981 2266 3042 omnium
2294 2981 2660 3058 principem.

243 3081 351 3158 qui
384 3085 659 3159 propter
690 3079 1014 3158 ingenium
1047 3081 1281 3159 pingue
1317 3100 1664 3158 parumque
1696 3099 1920 3142 sanum
1951 3080 2057 3141 vix
2086 3078 2238 3141 vllis
2263 3083 2414 3140 sunt
2440 3077 2667 3139 litteris
2695 3106 2757 3157 50

240 3178 477 3241 idonei.

327 3278 471 3340 Hec
495 3280 716 3340 autem
733 3276 1016 3351 dixerim,
1039 3296 1165 3338 non
1189 3278 1267 3338 de
1287 3278 1488 3338 doctis
1508 3299 1577 3339 ac
1599 3278 1812 3354 probis
1833 3276 2178 3354 theologiae
2194 3273 2659 3354 professoribus,

243 3397 406 3455 quos
446 3375 761 3455 inprimis
801 3375 1073 3454 suspicio
1104 3395 1503 3454 venerorque,
1535 3396 1758 3436 verum
1801 3377 1878 3436 de
1910 3376 2161 3437 sordido
2195 3376 2310 3436 hoc
2351 3395 2422 3435 ac
2463 3392 2668 3452 super·

239 3475 463 3537 cilioso
506 3473 709 3552 vulgo
747 3473 1194 3551 theologorum,
1241 3476 1350 3552 qui
1392 3495 1538 3553 prae
1577 3494 1644 3535 se
1685 3494 1906 3536 omnes
1945 3475 2232 3535 omnium
2274 3473 2515 3534 litteras
2555 3491 2668 3550 pro

239 3574 449 3636 nihilo
494 3573 766 3634 ducunt.
852 3571 991 3647 Quo
1031 3592 1174 3632 cum
1217 3573 1549 3634 hominum
1592 3592 1816 3650 genere
1860 3572 2331 3651 inexpugnabili
2374 3591 2527 3650 qum
2574 3577 2662 3645 tu,
2696 3600 2759 3650 55

239 3671 476 3749 Colete,
532 3670 1009 3732 dimicationem
1059 3673 1414 3748 susceperis,
1462 3674 1535 3731 vt
1580 3675 1855 3732 veterem
1904 3672 2082 3733 illam
2128 3691 2198 3731 ac
2240 3690 2456 3732 veram
2501 3670 2669 3730 theo·

234 3769 479 3850 logiam
509 3770 785 3830 istorum
816 3768 1019 3846 spinis
1045 3769 1312 3829 obsitam
1342 3770 1806 3847 implexamque
1836 3770 1902 3829 in
1930 3769 2273 3847 pristinum
2302 3769 2572 3829 nitorem
2599 3788 2667 3829 ac

233 3868 639 3950 dignitatem
679 3887 792 3945 pro
833 3869 942 3927 tua
976 3865 1146 3926 virili
1190 3868 1497 3942 restituas»,
1533 3869 1925 3947 prouinciam
1968 3869 2081 3945 (ita
2122 3887 2226 3928 me
2268 3868 2435 3929 Deus
2476 3872 2668 3943 amet)

231 3967 588 4046 sumpsisti
647 3965 868 4026 multis
923 3966 1129 4027 modis
1180 3966 1688 4042 pulcherrimam,
1748 3967 1946 4043 ipsius
2007 3966 2354 4045 theologiae
2411 3967 2666 4027 nomine

230 4065 636 4143 piissimam,
667 4082 820 4142 qum
858 4063 1143 4124 omnium
1186 4064 1605 4125 studiosorum
1640 4068 1779 4124 tum
1818 4065 2005 4125 huius
2034 4064 2412 4126 oxoniensis
2451 4065 2669 4126 floren·
2692 4073 2757 4123 60

228 4164 529 4226 tissimus
551 4161 940 4225 Academiae
958 4181 1143 4223 causa
1169 4162 1645 4224 saluberrimam
1672 4185 1688 4238 ;
1728 4183 1947 4223 verum
1975 4165 2080 4239 (ne
2107 4164 2259 4241 quid
2279 4162 2575 4240 mentiar)
2602 4167 2665 4223 et

230 4264 483 4346 negocii
512 4265 587 4325 et
619 4261 898 4322 inuidiae
923 4260 1193 4340 plenam.
1282 4261 1652 4339 Quanquam
1688 4261 1931 4340 negocii
1956 4261 2211 4339 quidem
2239 4261 2665 4323 difficultatem

228 4368 341 4427 tua
406 4367 567 4426 tum
644 4359 912 4420 eruditio
975 4361 1113 4419 tum
1176 4359 1487 4421 industria
1549 4357 1879 4438 superabit,
1938 4360 2246 4421 inuidiam
2309 4360 2509 4421 animi
2574 4361 2668 4421 tui

228 4460 635 4543 magnitudo
669 4457 849 4518 facile
882 4457 1169 4536 negliget.
1257 4458 1420 4517 Sunt
1451 4461 1514 4518 et
1552 4457 1719 4519 inter
1757 4458 1925 4535 ipsos
1962 4458 2284 4536 theologos
2318 4478 2447 4518 non
2483 4459 2666 4535 pauci

226 4562 338 4639 qui
379 4565 530 4623 tarn
572 4558 883 4619 honestos
924 4559 1065 4616 tuos
1105 4557 1367 4617 conatus
1408 4559 1470 4617 et
1511 4556 1708 4617 velint
1751 4561 1815 4618 et
1857 4557 2098 4634 possint
2140 4556 2436 4618 adiutare.
2524 4553 2666 4615 Imo
2692 4576 2754 4639 65

744 4652 845 4660 Μ’
998 4687 1076 4751 3⁶.
1115 4687 1274 4752 πίω]
1301 4687 1379 4738 cf.
1406 4688 1538 4738 nor.
1561 4691 1649 4748 sp.
1679 4702 1721 4739 ι.
1753 4689 1824 4737 ιε.
1858 4702 1928 4748 15.

242 4660 535 4668 ..Μ’-τ,
