3355 5380
260 342 445 427 1511]
1023 344 1254 406 FROM
1307 343 1538 406 JOHN
1593 343 1892 406 SIXTIN
2544 339 2663 406 489

250 505 626 583 praedicatio
653 505 876 582 Copiae
908 506 1051 565 tuae
1078 503 1394 580 exemplar
1425 522 1552 563 non
1580 502 1748 563 dono
1772 502 1955 577 mihi,
1981 504 2089 564 sed
2118 502 2240 563 tibi
2274 503 2665 565 reddendum

252 623 290 663 a
338 624 403 664 se
451 606 754 665 traditum
798 604 1008 678 fuisse,
1058 604 1428 680 perpetuum
1478 621 1692 661 meum
1742 601 2065 663 silentium
2106 602 2175 661 in
2216 602 2429 664 crebra
2464 602 2663 681 ipsius

254 704 479 780 Copiae
519 704 858 776 mentione,
903 701 1068 779 quod
1108 700 1210 761 vel
1255 719 1402 760 casu
1439 699 1866 778 interruptum
1908 700 2147 776 fuisset,
2192 702 2250 761 si
2293 701 2662 778 simplicitas

253 802 412 862 mihi
470 821 612 863 mea
671 800 1072 874 constitisset,
1132 801 1459 859 mouerent
1513 798 1791 875 profecto
1854 801 2055 876 prima
2118 799 2319 878 specie
2382 818 2656 876 grauem,
2697 810 2757 845 ¹0

253 900 490 962 nedum
530 901 751 974 leuem,
795 898 1139 960 hominem.
1227 897 1296 958 si
1337 896 1585 972 moriar,
1626 897 1717 956 mi
1759 898 2034 973 Erasme,
2069 898 2236 959 haud
2279 897 2402 958 alio
2445 897 2662 958 animo

254 999 709 1060 conscientiaue
769 998 1001 1059 moriar
1063 1015 1252 1074 quam
1322 995 1451 1055 dati
1521 995 1684 1055 mihi
1747 996 1963 1058 libelli.
2095 997 2261 1057 Nam
2325 1015 2484 1074 quos
2548 995 2667 1056 dis·

254 1116 536 1158 cessurus
592 1117 719 1157 non
776 1098 984 1174 potuit
1031 1094 1226 1155 libros
1273 1094 1626 1166 diuendere,
1670 1114 1777 1155 eos
1820 1095 1992 1157 dedit
2038 1096 2195 1156 alios
2248 1094 2392 1156 aliis
2437 1095 2661 1156 amicis

255 1196 403 1269 suis,
448 1195 678 1273 partim
734 1196 957 1268 Alano,
1002 1192 1235 1271 partim
1285 1191 1462 1266 mihi,
1508 1192 1694 1252 credo
1749 1194 1902 1253 item
1959 1193 2265 1271 Shurley3
2327 1193 2437 1254 sed
2495 1192 2659 1253 nihil

256 1295 491 1353 temere
557 1292 898 1354 affirmabo.
1017 1291 1175 1352 Mihi
1245 1293 1394 1351 tuus
1463 1294 1682 1368 partus
1750 1292 1933 1352 datus
2001 1296 2113 1366 est,
2189 1293 2353 1370 quod
2426 1292 2659 1353 sciebat
2692 1301 2750 1352 Ῑ5

254 1392 687 1468 gratissimum
737 1392 899 1453 mihi
942 1411 1076 1453 esse
1113 1390 1406 1470 quicquid
1451 1394 1613 1451 esset
1658 1393 1882 1466 tuum;
1931 1392 2108 1454 cuius
2154 1393 2427 1454 indicem
2472 1396 2657 1471 atque

255 1490 518 1552 titulum
567 1490 735 1551 haud
790 1490 1056 1551 memini
1103 1492 1269 1550 certe
1313 1508 1396 1550 an
1443 1489 1717 1567 legerim,
1765 1492 1940 1565 (nam
1990 1510 2316 1570 nunquam
2365 1489 2657 1568 paginam

256 1590 380 1666 legi
428 1592 594 1669 quod
641 1591 857 1666 sciam)
896 1593 1210 1651 reseruata
1256 1608 1368 1665 per
1405 1589 1611 1650 ocium
1660 1589 1820 1649 mihi
1870 1591 2113 1667 integra
2159 1590 2443 1665 lectione,
2492 1589 2656 1667 quod

255 1688 580 1749 Bononiae
634 1709 747 1767 per
801 1688 1010 1749 studia
1062 1687 1272 1765 legum
1325 1688 1539 1747 minus
1594 1688 1761 1748 mihi
1817 1688 2097 1750 dabatur.
2202 1689 2425 1766 Itaque
2480 1688 2661 1748 facile

254 1787 531 1848 accidere
590 1787 794 1864 potuit
850 1784 1124 1864 simplici
1180 1785 1422 1845 homini
1479 1785 1878 1847 taciturnitas
1935 1788 1999 1847 in
2060 1788 2274 1848 crebra
2336 1786 2660 1848 mentione
2694 1795 2757 1829 ²0

258 1886 499 1963 Copiae,
549 1905 709 1960 cum,
760 1886 923 1963 quod
969 1885 1177 1958 sciam,
1225 1903 1549 1960 nunquam
1593 1884 1702 1944 ille
1745 1886 1972 1946 titulus
2016 1884 2414 1946 succurrebat
2477 1884 2657 1945 mihi.

259 1984 396 2045 Ista
433 1985 695 2045 fortasse
738 1984 1015 2045 acumini
1059 1986 1166 2044 tuo
1209 1982 1594 2044 videbuntur
1640 1983 1979 2063 frigidiora,
2026 1981 2133 2045 sed
2174 1984 2448 2063 profecto
2494 1983 2659 2060 quod

260 2083 454 2143 sciam
529 2082 692 2142 nihil
764 2083 879 2144 tibi
951 2082 1259 2143 mentitus
1330 2101 1489 2153 sum,
1565 2102 1763 2160 neque
1835 2083 2168 2161 quicquam
2240 2081 2463 2143 callide
2540 2081 2656 2159 egi,

260 2181 561 2259 doleoque
603 2181 1003 2242 vehementer
1050 2180 1246 2241 istum
1294 2198 1507 2239 casum
1553 2179 1860 2242 accidisse.
1949 2182 2074 2243 Oro
2122 2181 2316 2260 igitur
2362 2179 2449 2253 (id
2495 2179 2660 2257 quod

259 2280 446 2357 plane
487 2279 732 2339 confido
773 2282 835 2339 te
876 2277 1212 2352 facturum)
1247 2281 1320 2338 vt
1363 2277 1568 2339 deleas
1610 2298 1866 2339 omnem
1910 2279 2344 2357 suspicionem,
2375 2277 2432 2337 si
2472 2298 2662 2355 quam
2694 2287 2754 2337 25

261 2379 338 2439 de
381 2396 485 2439 me
527 2376 857 2454 suscepisti
897 2375 1136 2437 fraudis
1178 2378 1364 2453 atque
1404 2376 1706 2450 astutiae3
1761 2396 2118 2455 quanquam
2158 2377 2221 2437 id
2263 2378 2389 2437 iam
2428 2376 2667 2437 videris

259 2476 496 2551 fecisse,
558 2495 702 2536 cum
758 2474 910 2535 dicis
978 2494 1116 2534 eam
1170 2472 1366 2534 veluti
1426 2473 1802 2534 nubeculam
1855 2477 2089 2536 amoris
2141 2476 2275 2535 vim
2328 2474 2509 2534 facile
2563 2473 2664 2533 ab·

260 2574 587 2649 sorbuisse,
649 2593 952 2650 curaeque
1007 2572 1124 2633 tibi
1177 2572 1373 2633 fuisse
1428 2572 1860 2633 inuentionem
1916 2573 2033 2633 loci
2088 2573 2438 2651 propinquo
2495 2592 2664 2645 meo;

260 2673 325 2735 id
369 2673 537 2752 quod
578 2672 944 2734 effecturum
988 2670 1279 2732 Bouillus
1317 2670 1664 2749 pollicetur.
1758 2671 1933 2747 Quod
1975 2675 2184 2733 autem
2228 2692 2418 2749 negas
2453 2674 2563 2733 tua
2599 2673 2666 2733 in

263 2791 367 2832 me
411 2771 608 2831 officia
653 2773 896 2848 praeter
940 2789 1213 2830 amorem
1264 2788 1607 2848 agnoscere,
1654 2769 1806 2830 facis
1861 2773 1933 2830 tu
1990 2769 2241 2846 quidem
2298 2790 2410 2846 pro
2454 2771 2667 2831 animo
2695 2780 2759 2829 30

265 2873 374 2930 tuo
446 2868 609 2929 celso
677 2871 862 2945 atque
934 2888 1249 2946 geum-080,
1319 2868 1426 2946 qui
1488 2888 1599 2945 pro
1670 2868 2119 2929 consuetudine
2182 2871 2293 2929 tua
2357 2868 2670 2930 vniuersis

264 2966 694 3027 benefaciendi
739 2964 947 3026 debita
992 2966 1225 3043 optimo
1270 2967 1490 3043 cuique
1536 2965 1732 3027 officia
1775 2969 1887 3027 tua
1929 2965 2034 3027 iud
2043 2968 2183 3027 icas·
2273 2966 2408 3043 Ego
2455 2971 2668 3027 autem

263 3085 548 3143 agnosco,
580 3084 1034 3142 agnoscamque
1062 3064 1213 3125 dum
1244 3063 1472 3138 viuum,
1506 3064 1691 3142 idque
1720 3085 1867 3142 prae
1895 3085 1996 3125 me
2023 3084 2268 3142 semper
2292 3064 2505 3126 feram.

348 3165 505 3240 Spes
571 3162 805 3223 maturi
872 3163 1180 3223 aduentus
1234 3163 1328 3222 tui
1382 3162 1792 3223 vehementer
1849 3163 2168 3224 Decanum
2223 3166 2513 3223 nostrum
2575 3184 2669 3224 ex·

267 3261 579 3336 hilarauit,
647 3262 756 3338 qui
816 3260 883 3321 in
940 3282 1084 3322 eum
1143 3262 1224 3322 xl.
1294 3259 1526 3322 solidos
1586 3260 1772 3322 habet
1834 3264 2100 3340 paratos,
2163 3261 2287 3322 nisi
2349 3261 2466 3321 tibi
2523 3265 2668 3322 ante
2695 3270 2755 3321 35

335 3386 379 3432 7.
416 3370 507 3421 sed
534 3373 654 3419 LB:
688 3371 734 3418 si
756 3374 858 3420 MS.
1035 3384 1110 3421 10.
1144 3384 1264 3418 mea
1287 3373 1403 3418 LB:
1438 3384 1525 3418 me
1552 3373 1653 3418 MS.

265 3442 369 3487 MS.
398 3437 612 3500 (boniac
629 3438 678 3491 Ῥ)
839 3451 920 3498 32.
955 3438 1148 3498 cuique
1172 3439 1284 3485 LB:
1320 3437 1511 3497 tuique
1535 3438 1636 3484 MS.

265 3502 555 3553 cantharos
576 3505 675 3566 LB,
695 3517 962 3561 perperam.

266 3610 478 3659 Thale's
530 3610 688 3658 fraud
745 3611 906 3659 about
956 3608 1052 3657 the
1101 3612 1169 3657 De
1215 3611 1414 3656 Ratione
1513 3606 1697 3655 which
1722 3607 1792 3656 he
1814 3608 2061 3657 received
2084 3623 2155 3657 on
2172 3610 2206 3656 6
2222 3608 2352 3658 Mar.
2386 3624 2528 3671 1511.
2598 3610 2667 3659 In

268 3679 431 3725 saulis·
473 3675 590 3738 (Ep.
642 3676 749 3738 66),
795 3674 903 3723 and
948 3673 1157 3735 fearing
1201 3674 1415 3722 further
1519 3686 1643 3735 1524
1667 3673 1738 3721 he
1760 3686 1872 3722 was
1896 3687 1999 3722 one
2020 3673 2080 3722 of
2097 3673 2361 3737 Wolsey's
2383 3678 2577 3737 agents
2604 3677 2666 3724 in

268 3740 667 3789 unauthorized
684 3739 1046 3802 publicatione
1069 3740 1155 3800 (cr.
1179 3739 1275 3800 Ep.
1302 3741 1414 3787 2⁶0.
1516 3739 1612 3788 the
1651 3739 1997 3801 suppression
2036 3739 2099 3787 of
2136 3740 2232 3788 the
2276 3741 2667 3802 monasteriesg

267 3807 352 3865 62,
390 3808 447 3867 3)
485 3805 595 3854 had
630 3806 786 3854 made
820 3804 1095 3866 enquiries
1126 3805 1288 3853 about
1321 3804 1416 3852 the
1516 3802 1626 3853 and
1644 3804 1705 3854 in
1725 3805 1851 3865 1528
1867 3804 2083 3853 became
2096 3805 2235 3868 Abp.
2254 3806 2315 3854 of
2329 3806 2539 3855 Dublin
2555 3807 2667 3855 and

267 3873 427 3922 other
461 3872 828 3932 manuscripts
853 3870 1034 3919 which
1065 3870 1138 3920 he
1172 3868 1280 3918 had
1314 3869 1418 3917 left
1517 3869 1839 3919 Chancellor
1872 3871 1933 3918 of
1960 3870 2201 3931 Ireland,
2233 3871 2415 3920 where
2452 3871 2523 3920 he
2564 3872 2671 3921 lost

268 3936 474 3987 behind
498 3936 560 3985 in
585 3935 746 3999 Italy.
1518 3935 1609 3983 his
1623 3935 1720 3984 lise
1738 3936 1797 3983 in
1815 3936 1911 3985 the
1926 3936 2218 3985 Geraldine
2233 3937 2515 3987 rebellion.
2570 3937 2669 3986 See

340 4018 413 4065 14.
440 4001 643 4066 Alano]
652 4001 688 4049 J
692 4000 978 4052 ohnAllen
992 4000 1011 4059 (
1019 4001 1274 4061 1476—27
1284 4000 1316 4047 J
1321 4000 1415 4062 uly
1516 4000 1745 4062 Fronde,
1764 4005 1960 4059 History
1980 4005 2035 4060 qt·
2046 4005 2290 4062 Enaland,
2312 4003 2466 4064 chap.
2490 4004 2539 4064 8,
2559 4003 2667 4051 and

1831 3386 1904 3432 19.
1943 3370 2221 3420 Bononiae
2242 3374 2447 3429 scripsi:
2481 3372 2668 3421 bomae

1805 3451 1885 3498 35.
1924 3436 2124 3486 solidos
2146 3441 2383 3496 lacendum
2407 3454 2419 3484 :
2452 3439 2523 3500 off
2548 3441 2668 3487 MS:

275 4069 439 4130 1534),
474 4083 507 4117 a
542 4067 880 4117 churchman
913 4066 1024 4116 and
1058 4064 1412 4128 diplomatist.

270 4134 358 4183 He
383 4135 430 4183 is
453 4134 571 4183 said
594 4136 652 4182 to
675 4134 814 4183 have
834 4135 993 4196 spent
1015 4133 1146 4180 nine
1173 4144 1328 4193 years
1357 4131 1418 4178 in

271 4198 437 4262 Italy,
469 4200 654 4249 where
687 4200 772 4249 for
806 4201 928 4262 part
963 4200 1023 4248 of
1049 4197 1144 4247 the
1176 4198 1312 4245 time
1345 4196 1417 4245 he

270 4278 381 4313 was
403 4265 463 4312 in
480 4264 784 4315 Warhnm’s
807 4265 1011 4313 service
1038 4264 1125 4327 (cf.
1153 4262 1248 4324 Ep.
1274 4262 1412 4325 249),

272 4329 431 4391 being
484 4333 775 4392 appointed
821 4334 1015 4392 notai-y
1064 4332 1117 4378 to
1171 4328 1289 4377 him
1347 4342 1415 4376 on

278 4408 337 4454 13
361 4394 481 4443 Feb.
508 4410 635 4455 1510
654 4396 797 4458 (Reg.
817 4395 1091 4457 Warhm,
1117 4394 1156 4444 f.
1184 4397 1287 4455 14),
1307 4393 1418 4442 and

272 4473 384 4507 was
412 4460 642 4522 perhaps
673 4476 706 4509 a
739 4461 890 4524 pupil
927 4461 987 4510 of
1009 4463 1262 4510 Erasmus
1295 4460 1417 4522 (Ep.

272 4539 386 4586 250·
414 4528 614 4588 19-21).
680 4526 766 4576 He
787 4526 1017 4590 enjoyed
1040 4525 1205 4576 much
1219 4525 1419 4588 prefer·

273 4591 463 4650 ment;
504 4591 614 4639 and
646 4591 907 4653 preceded
943 4593 1198 4642 Erasmus
1231 4592 1290 4640 in
1323 4592 1419 4640 the

275 4655 451 4718 living
484 4655 545 4704 of
571 4656 874 4719 Aldington
901 4657 1018 4720 (Ep.
1044 4671 1141 4719 255
1173 4654 1416 4719 introd.),

374 4754 533 4787 Alam

1647 4131 1912 4197 Shurley]
1962 4132 2199 4182 Richard
2243 4133 2495 4195 Shurley,
2544 4133 2669 4181 who

1521 4197 1764 4246 received
1805 4198 1901 4247 the
1939 4198 2115 4261 living
2155 4198 2214 4247 of
2251 4198 2567 4261 Pembrigge
2609 4199 2667 4246 in

1522 4261 1941 4312 Herefordshire
1960 4279 2029 4312 on
2050 4278 2118 4326 29
2134 4265 2248 4312 Oct.
2271 4277 2398 4325 1509
2418 4263 2527 4312 and
2546 4264 2669 4313 who

1521 4341 1632 4377 was
1653 4328 1896 4378 Warden
1931 4330 1990 4377 of
2017 4328 2112 4378 the
2147 4329 2376 4391 English
2414 4329 2668 4391 Hospital

1548 4393 1625 4443 St.
1648 4394 1924 4453 Thomas’)
1948 4398 2004 4443 at
2027 4395 2194 4444 Rome
2217 4409 2288 4443 on
2314 4408 2335 4441 1
2356 4395 2497 4456 Aug.
2522 4408 2665 4456 ¹522·

1639 4460 1874 4522 Brewer,
1900 4461 1939 4509 i.
1962 4462 2078 4521 610,
2103 4460 2213 4509 and
2236 4461 2316 4508 iii.
2340 4460 2489 4519 2416.

1588 4527 1671 4578 28.
1690 4527 1993 4589 propinquo
2006 4524 2147 4590 meo]
2163 4525 2428 4588 Probably
2436 4525 2669 4588 Aggemu

1523 4590 1588 4640 cf.
1614 4591 1708 4655 Ep.
1738 4607 1849 4655 291.
1873 4606 1975 4653 311.

1587 4672 1668 4719 34.
1710 4656 2012 4722 Decanum]
2037 4655 2201 4708 Colet.

1419 4739 1538 4800 xk
