3355 5380
302 357 488 442 1514]
714 358 946 422 FROM
1000 358 1576 422 JOHNBEGAR
1628 361 1738 423 oF
1796 360 2289 424 BORSSELEN
2584 365 2703 423 559

294 516 392 577 tui
449 515 899 591 ‚mentionemg
989 515 1467 594 percontabatur
1537 520 1750 579 autem
1822 517 2042 579 sedulo
2119 537 2308 597 quam
2380 517 2705 579 commode

293 613 482 675 isthic
544 619 858 693 quantaue
918 634 1029 693 spe
1098 614 1359 676 viueres.
1471 614 1785 694 Respondi
1847 616 1906 677 ei
1965 617 2200 694 partim
2257 634 2380 694 que
2440 634 2518 677 ex
2576 617 2705 678 tuis

291 713 591 792 epistolis,
638 714 876 792 partim
919 732 1078 791 quae
1119 732 1195 774 ex
1239 711 1488 774 Sixtino
1527 715 1593 773 et
1631 714 1851 792 Aggeo
1893 714 2251 788 audieram;
2290 716 2355 775 et
2386 733 2457 775 ea
2491 714 2706 777 omnia

290 814 525 887 tamen,
563 814 873 890 quatenus
918 813 1097 873 tuam
1139 811 1379 872 famam
1421 812 1723 889 tuamque
1759 812 2258 874 aestimationem
2299 831 2428 873 non
2467 812 2704 874 minue·
2727 825 2790 878 55

287 915 452 988 rent,
482 912 593 973 sed
626 914 941 990 augerent.
1013 909 1278 972 Ostendi
1326 909 1384 971 ei
1412 909 1764 987 complures
1805 931 1843 972 a
1887 914 1952 972 te
1993 912 2378 990 conscriptos
2416 909 2702 988 libellos;

286 1010 457 1071 dono
502 1011 716 1071 autem
764 1007 911 1069 dedi
964 1008 1415 1086 politissimum
1473 1011 1538 1068 et
1596 1008 1839 1087 egregie
1886 1008 2258 1071 adornatum
2306 1009 2541 1072 librum
2586 1009 2703 1072 Lu·

288 1109 727 1170 cubrationum
770 1108 1041 1182 tuarum,
1080 1107 1245 1167 inter
1287 1126 1439 1185 quas
1481 1109 1577 1167 est
1617 1105 2026 1169 Euchiridion
2071 1108 2296 1170 Militis
2333 1109 2695 1171 Christiani.

289 1206 369 1268 Id
412 1226 571 1286 opus
613 1205 882 1284 perlegit
928 1207 1268 1284 antequam
1309 1204 1654 1265 discederet
1699 1224 1737 1265 a
1779 1204 1984 1282 nobis,
2036 1210 2101 1267 et
2151 1206 2703 1269 vehementissime

285 1305 568 1366 laudauit
617 1308 818 1383 teque,
872 1322 1059 1381 quem
1117 1305 1303 1364 antea
1363 1306 1695 1379 amauerat‚
1742 1303 1869 1365 iam
1906 1304 2107 1383 coepit
2150 1304 2702 1367 vehementissime
2724 1302 2791 1356 60

285 1402 600 1478 admirari,
633 1401 792 1472 bene
819 1401 1183 1480 precabatur
1217 1403 1280 1461 et
1314 1399 1564 1478 optabat
1602 1401 1722 1463 tibi
1756 1421 1889 1464 esse
1925 1403 1997 1465 in
2032 1402 2135 1465 his
2173 1403 2407 1465 nostris
2442 1401 2704 1482 regioni·

285 1500 420 1562 bus.
509 1500 828 1562 Innuebat
873 1500 1048 1560 enim
1096 1519 1178 1575 se,
1226 1498 1283 1560 si
1330 1499 1479 1578 quid
1519 1520 1801 1578 vnquam
1847 1504 2077 1580 posset,
2125 1501 2246 1564 tibi
2287 1500 2700 1565 libentissime

283 1600 692 1675 adfuturum3
728 1598 986 1660 incendi
1027 1617 1143 1675 ego
1182 1596 1508 1659 hominem
1552 1599 1754 1676 quoad
1790 1600 1984 1677 potui,
2015 1604 2080 1661 et
2117 1599 2368 1661 huic‘in
2406 1603 2469 1661 te
2501 1601 2700 1663 amori

284 1700 613 1761 materiam
639 1695 913 1758 multam
940 1695 1101 1757 meis
1127 1695 1339 1756 verbis
1367 1695 1620 1757 subieci.

363 1798 580 1875 Atque
645 1798 720 1857 vt
782 1794 946 1858 scias
1010 1794 1364 1856 cuiusmodi
1414 1794 1502 1856 sit
1554 1794 1658 1857 hic
1720 1813 1900 1857 meus
1958 1792 2302 1875 Philippus
2359 1795 2698 1859 beneficen·
2721 1796 2803 1862 ⁶5

281 1895 583 1971 tissimus,
625 1893 936 1973 *Philippo
992 1896 1210 1955 nostro
1254 1891 1409 1955 olim
1464 1912 1503 1954 a
1550 1896 1615 1954 te
1662 1892 1914 1955 laudato
1963 1894 2217 1956 fortuna
2266 1895 2331 1955 et
2383 1893 2699 1958 natalibus

279 1993 466 2072 longe
520 1993 798 2068 inferior,
858 1992 968 2053 sed
1029 1989 1501 2052 beneuolentiae
1559 2010 1631 2052 ac
1691 1992 1904 2069 potius
1965 1991 2412 2053 beneficentiae
2458 1993 2697 2056 virtute

278 2110 481 2171 neque
527 2091 625 2155 illi
672 2110 875 2169 neque
918 2089 1257 2159 hominum
1310 2089 1604 2168 cuiquam
1652 2087 1883 2150 iudicio
1938 2090 2164 2152 cedens
2180 2110 2215 2150 :2
2254 2094 2699 2154 conterraneus

278 2188 400 2250 tibi
446 2193 544 2252 est
587 2209 657 2251 ac
718 2188 903 2268 plane
948 2188 1199 2249 vicinus
1254 2187 1598 2267 proximus,
1645 2191 1832 2266 atque
1880 2188 2074 2250 etiam
2118 2188 2214 2250 tui
2265 2189 2382 2250 hoc
2441 2190 2697 2252 nomine

276 2288 766 2350 amantissimus.
904 2286 1039 2349 Scis
1105 2285 1279 2348 enim
1348 2305 1478 2347 non
1546 2286 1766 2365 procul
1835 2287 1913 2347 ab
1981 2287 2211 2366 oppido
2283 2288 2695 2351 Roterodamo
2723 2301 2785 2356 70

277 2406 487 2449 arcem
553 2406 689 2449 esse
756 2383 1076 2465 quandam
1145 2403 1304 2463 quae
1371 2383 1565 2463 vulgo
1638 2384 1870 2446 dicitur
1942 2384 2270 2464 Spangen3
2347 2386 2509 2449 hanc
2582 2386 2696 2450 alii

277 2485 611 2565 Spangam,
659 2483 772 2546 alii
819 2483 1197 2563 Hispaniam
1245 2501 1580 2557 vocamus3
1636 2481 1787 2544 inde
1835 2484 1971 2562 ipse
2019 2486 2085 2545 et
2125 2486 2303 2561 pater
2348 2485 2694 2564 caeterique

274 2584 707 2662 progenitores
757 2602 990 2645 nomen
1050 2581 1305 2643 habent.
1421 2581 1594 2643 Gens
1651 2600 1725 2641 ea
1785 2584 1883 2642 est
1937 2582 2106 2643 inter
2162 2581 2573 2646 Hollandicas
2628 2587 2693 2647 et

277 2683 544 2745 honesto
617 2682 753 2744 loco
824 2700 1072 2760 semper
1141 2678 1354 2741 habita
1424 2681 1488 2740 et
1561 2679 1953 2759 antiquitate,
2027 2680 2263 2743 nedum
2336 2681 2683 2760 nobilitate,

276 2780 740 2856 memorabilis;
798 2780 947 2843 hinc
1005 2777 1117 2842 ille
1172 2781 1518 2857 prognatus
1575 2781 1638 2839 et
1697 2797 1930 2840 nomen
1986 2779 2109 2841 fert
2152 2781 2363 2859 gentis
2410 2781 2489 2855 et,
2542 2782 2692 2859 quia
2716 2791 2778 2847 75

275 2881 432 2942 natu
502 2880 835 2955 maximus,
916 2878 1112 2939 etiam
1187 2877 1494 2956 potiorem
1579 2876 1983 2939 haereditatis
2067 2881 2360 2956 paternae
2448 2884 2691 2958 partem

274 2977 534 3040 obtinet.
643 2977 847 3040 Mater
915 2979 1131 3038 autem
1202 2975 1339 3037 eius
1406 2976 1693 3053 proximo
1760 2977 2086 3056 sanguinis
2154 2977 2409 3039 vinculo
2477 2978 2691 3040 iuncta

274 3076 533 3137 domino
579 3074 879 3154 Bergensi
934 3078 1070 3137 erat
1127 3078 1190 3135 et
1246 3073 1422 3135 illius
1477 3074 1795 3150 fratribus,
1842 3075 1967 3136 scis
2024 3095 2177 3153 quos
2241 3076 2483 3151 dicam3
2542 3080 2690 3138 nata

271 3174 566 3236 videlicet
613 3193 692 3234 ex
754 3177 940 3252 gente
1002 3173 1170 3252 apud
1228 3172 1582 3235 Brabantos
1638 3172 2034 3235 nobilissima
2088 3174 2683 3254 Grimbergensium‚

270 3271 438 3333 vnde
501 3274 568 3332 et
623 3271 969 3349 Bergenses
1027 3271 1099 3332 hi
1154 3271 1381 3336 fratres
1417 3273 1592 3346 ,sunt
1654 3271 1826 3334 editi.
1915 3272 2161 3333 Fratres
2217 3273 2289 3333 hi
2337 3274 2687 3352 Bergenses
2712 3275 2778 3324 80

270 3372 335 3431 et
377 3369 662 3449 Philippi
703 3370 829 3430 mei
869 3372 1071 3431 mater
1116 3371 1313 3445 erant,
1366 3369 1420 3429 si
1458 3372 1622 3430 recte
1668 3371 1954 3445 memini,
2011 3390 2046 3430 e
2095 3371 2339 3433 duobus
2386 3372 2686 3434 fratribus

270 3469 485 3547 geniti.
573 3468 710 3531 Scis
753 3489 878 3546 qua
925 3467 1474 3530 commendatione
1528 3467 1740 3544 fueris,
1787 3471 1975 3548 atque
2029 3469 2120 3531 sis
2166 3470 2355 3531 etiam
2397 3490 2566 3532 nunc
2613 3474 2685 3532 vt

270 3568 557 3644 arbitror,
606 3567 775 3647 apud
829 3567 1009 3628 illam
1065 3566 1391 3642 familiam,
1441 3566 1612 3629 vnde
1670 3566 1877 3628 etiam‘
1905 3567 2190 3646 Principi
2232 3567 2516 3629 Veriensi
2572 3570 2683 3629 tuo

271 3666 540 3745 contigit
593 3685 763 3728 vxor.
852 3664 1062 3728 Habet
1125 3664 1227 3727 hic
1291 3685 1470 3727 meus
1524 3665 1864 3745 Philippus
1927 3667 2183 3729 fiatrem
2249 3667 2319 3728 in
2381 3665 2683 3728 coenobio

271 3763 612 3838 Bertinico,
660 3763 771 3842 qui
810 3763 1243 3842 praerogatiua
1287 3764 1554 3841 quadam
1599 3767 1664 3825 et
1703 3764 2032 3843 priuilegio
2073 3765 2407 3826 Pontificis
2444 3766 2681 3826 summi
2706 3765 2767 3832 85

268 3863 521 3924 adiutor
573 3863 760 3923 datus
819 3865 915 3923 est
973 3865 1039 3922 et
1096 3861 1164 3922 in
1206 3862 1397 3923 sacris
1458 3865 1525 3923 et
1582 3862 1653 3923 in
1713 3863 2055 3941 prophanis
2118 3864 2392 3943 negociis
2444 3863 2680 3925 Abbati

925 4020 1007 4069 66.
1043 4017 1321 4081 Phillippo
1344 4023 1449 4068 MS.
1579 4019 1658 4066 68.
1699 4019 1893 4083 cedens
1918 4024 2024 4070 MS.

333 4109 415 4199 66.
457 4150 562 4199 Phi
564 4149 604 4198 li
587 4164 712 4212 ippo
760 4163 833 4197 no
803 4146 969 4211 ostro]
1016 4146 1130 4196 The
1177 4145 1326 4208 King
1369 4145 1430 4195 of
1587 4147 1691 4207 84.
1709 4146 1961 4213 fratrem]
2000 4148 2292 4212 Engelbert
2326 4146 2386 4196 of
2422 4146 2675 4208 Spangen

270 4214 418 4265 Casti
419 4216 486 4265 18.
554 4215 634 4265 cf.
664 4215 800 4277 Epp.
825 4228 933 4276 179,
961 4212 1045 4262 so.
1524 4210 1669 4273 (†28
1716 4212 1847 4263 Nov.
1899 4215 2069 4278 5144)
2140 4214 2228 4263 Η8
2271 4226 2383 4261 was
2431 4213 2674 4260 received

335 4296 413 4342 7.7
452 4279 650 4345 Mater]
667 4282 831 4330 Anne
844 4278 1135 4339 ofGlimes,
1155 4276 1424 4340 daughter
1523 4277 1645 4326 into
1683 4278 1779 4327 the
1810 4279 2001 4342 Abbey
2035 4280 2097 4328 of
2129 4279 2208 4328 St.
2244 4278 2439 4326 Bertin
2475 4275 2546 4339 by
2586 4278 2676 4326 his

269 4346 330 4395 of
373 4345 559 4408 Philip
608 4346 668 4395 of
717 4345 1134 4407 Grimberghen,
1181 4357 1423 4406 younger
1523 4342 1701 4407 uncle,
1750 4345 1982 4406 Antony
2029 4344 2088 4393 of
2138 4343 2347 4405 Bergen
2392 4343 2479 4419 ·(p.
2526 4344 2670 4406 334),

271 4411 493 4460 brother
523 4409 584 4459 of
608 4411 776 4473 John,
808 4411 936 4460 fifth
970 4410 1090 4460 lord
1124 4410 1182 4459 of
1211 4409 1421 4472 Bergen
1522 4423 1695 4458 81118
1728 4410 2054 4472 1)8ο.1499;
2104 4423 2218 4458 was
2250 4406 2544 4471 appointed
2584 4407 2674 4458 his

269 4477 394 4539 (Ep.
432 4491 514 4537 48.
555 4477 730 4538 1711.).
801 4478 910 4526 She
952 4475 1189 4526 married
1235 4474 1420 4538 Philip
1520 4474 1865 4538 coadjutore
1899 4476 2015 4524 Oct.
2058 4488 2200 4537 1511,
2239 4472 2348 4522 and
2380 4474 2673 4526 succeeded

271 4541 332 4592 of
359 4542 613 4604 Spangen
646 4543 743 4592 the
774 4541 926 4591 elder
959 4557 1029 4592 on
1063 4557 1096 4602 4
1117 4542 1242 4592 Feb.
1272 4543 1412 4602 1476.
1521 4539 1642 4589 him
1675 4555 1736 4590 as
1772 4541 1952 4589 Abbot
1991 4554 2050 4588 18
2084 4539 2208 4589 Jan.
2250 4540 2391 4600 153}-
2459 4538 2557 4588 See
2594 4539 2672 4588 De

269 4608 370 4657 See
397 4607 672 4670 Goethals,
700 4608 759 4656 ii.
781 4623 819 4657 a.
849 4607 1085 4670 Glymes.
1521 4606 1780 4668 Laplane,
1822 4610 1909 4654 Les
1938 4608 2091 4654 Abbc's
2128 4610 2184 4654 dc
2229 4607 2574 4666 Scine-Berlin,
2609 4605 2666 4654 ii.

332 4674 411 4733 83.
453 4674 696 4736 Principi
720 4672 993 4738 Veriensi]
1029 4674 1127 4723 See
1150 4686 1199 4734 p.
1227 4687 1340 4734 229.
1407 4717 1412 4722 ,
1518 4672 1733 4732 89·108.
