3355 5380
235 388 397 474 1500]
979 419 985 426 ·
1048 393 1156 453 'ro
1211 391 1490 454 JAMES
1545 391 1774 453 BATT
2485 397 2597 454 301

230 550 401 611 semel
441 549 681 610 sedisse
720 547 866 627 plus
907 549 1099 610 fuerit
1137 550 1312 610 satis·
1397 550 1696 627 Adolpho
1737 554 1848 611 tuo
1891 549 2281 626 Adagiorum
2323 550 2605 612 codicem¹

225 669 404 710 vnum
429 647 621 722 misi3
665 667 813 707 eum
840 647 898 708 si
929 645 1142 708 videro
1168 647 1372 708 literis
1396 647 1710 723 delectari,
1735 648 1991 725 posthac
2027 648 2275 727 propris
2300 648 2603 725 quaedam
2625 649 2690 713 65

229 746 440 808 dicabo.
529 746 767 806 Verum
805 747 1038 808 Graece
1072 750 1138 806 te
1172 743 1347 822 scire,
1383 747 1476 805 mi
1513 747 1713 822 Bstte,
1745 746 2052 824 percupio,
2082 750 2223 807 tum
2261 748 2424 824 quod
2464 747 2605 808 sine

225 846 316 906 his
348 845 561 905 literas
600 844 857 905 Latinas
894 864 1150 905 mancas
1188 863 1327 906 esse
1363 844 1562 918 video,
1605 847 1747 905 tum
1784 849 1857 906 vt
1895 845 2223 905 conuictus
2264 848 2479 906 noster
2517 845 2604 907 sit

230 943 555 1016 iucundior,
586 942 642 1003 si
670 942 932 1003 omnino
957 942 1183 1003 iisdem
1212 942 1440 1003 studiis
1468 942 1938 1003 delectabimur.
2026 943 2323 1021 Adolpho
2357 962 2605 1020 quoque

223 1047 322 1102 tuo
369 1041 577 1119 prima
629 1041 942 1124 elementa
990 1045 1290 1103 monstra.
1398 1040 1597 1117 Mitte,
1651 1041 1915 1121 inquies.
2017 1042 2309 1102 Veneunt
2364 1041 2489 1117 hic,
2537 1046 2603 1102 et

225 1140 455 1216 quidem
483 1139 687 1217 paulo.
775 1139 897 1200 Sed
921 1139 1269 1216 respondeo
1293 1139 1583 1214 breuiter,
1603 1139 1771 1201 mihi
1797 1160 1878 1200 ne
1905 1139 2319 1201 semiobolum
2345 1139 2601 1217 quidem
2628 1156 2692 1208 70

222 1257 359 1299 esse.
420 1239 678 1300 Caetera
694 1241 828 1298 tute
850 1236 1167 1298 diuinabis
1181 1257 1373 1315 quam
1395 1237 1510 1315 ego
1530 1237 1902 1299 seruitutem
1924 1237 2213 1311 seruism,
2234 1241 2295 1298 et
2312 1237 2600 1298 animum

203 1355 414 1397 meum
446 1355 576 1397 non
603 1336 867 1414 ignoras,
891 1355 1080 1413 quam
1099 1335 1183 1396 sit
1211 1336 1531 1396 seruitutis
1558 1336 1909 1413 impatiens.
1968 1336 2204 1396 Verum
2225 1355 2339 1414 ego
2358 1335 2599 1395 exitum

217 1435 488 1494 omnium
532 1454 744 1495 rerum
784 1435 1011 1494 herum
1053 1434 1405 1495 cuiusmodi
1446 1434 1534 1495 sit
1576 1434 1830 1495 futurus
1872 1438 2142 1512 expecto,
2189 1436 2347 1495 bene
2385 1438 2598 1495 tamen

219 1534 460 1594 confido.
567 1533 768 1592 Porro
815 1531 917 1593 cui
964 1552 1080 1592 nos
1124 1532 1292 1593 filiae
1336 1552 1523 1593 causa
1575 1532 1998 1607 studebamus,
2050 1532 2410 1592 absolutum
2462 1551 2600 1592 esse

216 1631 452 1707 gaudeo,
515 1631 676 1691 Vale
701 1631 930 1692 iterum
957 1635 1143 1708 atque
1167 1629 1417 1706 iterum,
1439 1630 1570 1691 imo
1596 1630 1792 1691 semel
1810 1631 1969 1705 vale,
1991 1630 2179 1691 Batte
2204 1629 2593 1705 saeuissime,
2625 1643 2684 1694 75

214 1731 270 1789 et
292 1729 439 1790 bene
468 1729 631 1790 vale.
719 1729 1027 1790 Luteciae.
1117 1725 1641 1810 [meccaxcvnn]

971 1908 1113 1970 130.
1202 1905 1301 1970 To
1345 1905 1579 1973 ‚huss
1625 1907 1837 1971 ΒΔΤΤ.

272 2009 521 2081 Farrago
547 2027 604 2080 p.
631 2024 754 2077 277.
2061 2004 2390 2079 (otham.)

273 2096 328 2150 F.
352 2117 406 2168 p.
433 2113 580 2168 393:
622 2095 762 2151 HN:
804 2096 980 2152 Lond.
1007 2094 1081 2150 ix.
1111 2098 1207 2151 28:
1247 2096 1357 2150 LB.
1383 2099 1471 2153 60.
1932 2093 2297 2167 <September
2327 2092 2518 2167 1500.)

259 2219 408 2283 [This
452 2220 628 2269 letter
667 2220 814 2267 must
857 2219 922 2266 be
966 2218 1025 2268 of
1069 2218 1165 2267 the
1204 2232 1351 2267 same
1390 2219 1514 2268 date
1551 2233 1611 2266 as
1649 2218 1745 2280 Ep.
1790 2232 1900 2279 129,
1934 2215 2077 2267 from
2120 2217 2218 2266 the
2262 2215 2501 2278 identity
2540 2217 2601 2265 of

202 2284 420 2346 subjecta
470 2286 631 2334 dealt
672 2284 972 2334 with—the
1021 2284 1332 2346 preference
1377 2285 1436 2333 of
1473 2282 1725 2332 Willism
1770 2283 2034 2346 Hermen,
2084 2283 2178 2332 the
2223 2283 2447 2345 heretic,
2483 2283 2593 2332 ,the
2649 2330 2654 2335 ,

198 2349 348 2399 letter
377 2355 435 2400 to
476 2350 583 2400 the
617 2348 811 2412 Abbot,
850 2351 944 2398 the
981 2348 1213 2412 sending
1242 2349 1303 2398 of
1333 2349 1481 2398 John
1518 2351 1575 2398 to
1609 2347 1878 2410 England.
1944 2348 2056 2396 The
2098 2348 2264 2410 place,
2301 2348 2377 2396 St.
2412 2346 2591 2410 Omer,

197 2417 431 2480 assigned
466 2418 546 2480 by
579 2416 677 2464 the
709 2416 909 2464 editors
942 2417 1001 2465 of
1028 2415 1123 2463 the
1159 2419 1285 2474 Opus
1316 2418 1635 2474 Epistolarum
1665 2428 1792 2475 may
1824 2413 2095 2462 therefore
2132 2414 2198 2461 be
2229 2415 2503 2464 corrected
2537 2416 2597 2462 ιο

199 2480 421 2542 Orleans,
447 2484 643 2531 where
666 2481 920 2529 Erasmus
944 2496 1052 2529 was
1073 2480 1353 2542 evidently
1375 2481 1492 2529 still
1515 2481 1691 2543 living
1712 2479 1851 2528 with
1875 2480 2193 2542 Augustino.

253 2546 504 2597 Erasmus
525 2562 756 2610 appears
776 2549 833 2595 to
856 2546 993 2594 have
1016 2547 1239 2594 written
1263 2547 1384 2595 four
1405 2548 1568 2594 times
1591 2549 1648 2594 to
1671 2545 1800 2593 Batt
1823 2547 1884 2593 in
1906 2545 2046 2594 close
2063 2545 2377 2593 succession.
2449 2542 2593 2592 Firet

197 2611 282 2660 the
307 2615 320 2642 ⁴
338 2629 554 2663 morose
571 2614 584 2632 '
618 2612 801 2672 letter,
833 2613 892 2660 of
919 2613 1098 2660 which
1137 2613 1269 2661 Bstt
1301 2611 1583 2673 evidently
1614 2610 1953 2673 complained
1992 2612 2056 2659 in
2075 2610 2179 2663 ,his
2218 2610 2404 2671 reply3
2435 2609 2588 2670 then,

196 2676 313 2740 Epp.
344 2681 452 2743 128,
480 2697 532 2743 9,
563 2679 701 2729 both
725 2679 947 2727 written
971 2679 1147 2727 before
1171 2677 1266 2727 the
1287 2678 1487 2727 arrival
1513 2678 1572 2727 of
1588 2675 1764 2727 Batt's
1782 2677 1936 2739 reply
1957 2692 1971 2739 3
2003 2676 2114 2725 and
2137 2675 2325 2737 finally
2350 2675 2445 2738 Ep.
2476 2689 2585 2737 130.

191 2742 290 2792 'l'he
311 2745 431 2795 first
451 2748 621 2796 three
642 2759 784 2793 were
806 2746 1026 2793 written
1050 2744 1189 2792 from
1215 2743 1412 2809 Paris.]
2136 2759 2148 2770 ·

909 2877 1227 2925 ERASMVS
1271 2876 1494 2924 BA'm’o
1540 2877 1662 2925 SVO
1711 2877 1763 2924 S.
1810 2876 1876 2923 D.

409 3017 763 3068 EPISTOLA
811 3014 1328 3063 FAMILIARITER
1375 3014 1616 3062 IOOOSA
1659 3012 1747 3060 ΕΤ
1792 3011 2062 3060 IRONIIS
2105 3010 2353 3058 PLENA.

256 3129 466 3192 Vmso
524 3132 753 3192 literas
809 3148 981 3189 meas
1035 3128 1429 3190 stomachum
1483 3127 1600 3188 tibi
1654 3125 1890 3201 fecisse,
1944 3144 2098 3202 quas
2153 3126 2224 3184 tu
2281 3125 2589 3183 morosius

181 3228 432 3305 scriptas
472 3230 592 3303 ais,
640 3248 757 3305 ego
796 3227 1063 3288 iocosius
1101 3231 1270 3304 puto,
1308 3229 1418 3287 aut
1456 3227 1512 3287 si
1555 3224 1705 3302 quid
1746 3228 1880 3285 erat
1919 3223 2102 3297 aloes,
2140 3222 2205 3281 id
2249 3241 2380 3281 non
2419 3221 2487 3280 in
2524 3225 2589 3282 te

175 3328 277 3386 sed
337 3330 515 3406 apud
583 3330 653 3387 te
713 3326 1095 3387 iustissimus
1148 3326 1347 3386 animi
1404 3324 1580 3385 dolor
1633 3323 1896 3397 effudit;
1964 3321 2213 3382 etiamsi
2264 3324 2587 3398 peccatum

176 3442 455 3502 agnosco,
503 3445 723 3504 neque
771 3425 836 3485 id
881 3424 1167 3502 simplex,
1213 3425 1443 3503 quippe
1490 3423 1591 3482 cui
1638 3442 1841 3500 neque
1890 3440 2029 3482 mea
2075 3419 2350 3480 conditio
2390 3418 2589 3496 perdi-

170 3522 410 3586 tissima
437 3544 664 3604 neque
690 3530 802 3584 tua
829 3524 1094 3584 felicitas
1120 3523 1188 3583 in
1217 3526 1499 3583 mentem
1525 3520 1783 3582 venerit.
1852 3520 2067 3597 Neque
2093 3518 2266 3578 enim
2293 3517 2587 3578 conuenit
2614 3538 2642 3585 5

168 3620 492 3684 hominem
521 3620 1024 3684 afflictissimum
1052 3622 1325 3682 facetum
1350 3620 1552 3681 videri
1579 3619 1756 3693 velle,
1791 3619 1898 3679 sed
1925 3616 2290 3694 supplicem,
2314 3615 2587 3677 dicacem

164 3725 223 3781 et
247 3724 666 3798 petulantem
694 3719 899 3780 multo
925 3720 1153 3793 minus,
1174 3719 1446 3780 maxime
1465 3717 1630 3797 apud
1651 3737 1797 3777 eum
1821 3735 2007 3794 quem
2028 3716 2278 3774 fortuna
2298 3713 2590 3774 secundis

166 3821 368 3882 ventis
393 3820 641 3899 rapiat,
664 3818 891 3896 cuique
910 3818 1000 3878 sis
1021 3817 1259 3896 aliquot
1279 3816 1648 3878 nominibus
1666 3815 2007 3875 obaeratus.
2074 3813 2238 3873 Tum
2258 3812 2321 3871 id
2342 3812 2590 3890 proprie

165 3919 653 3995 quodammodo
688 3917 963 3977 aulicum
1004 3936 1138 3978 esse
1179 3916 1321 3990 scio,
1354 3918 1427 3976 vt
1466 3915 1545 3976 ab
1581 3914 1660 3974 iis
1698 3933 1853 3990 quos
1891 3912 2112 3972 abiecit
2150 3910 2301 3970 hera
2337 3910 2590 3970 fortuna

163 4036 438 4098 quosque
467 4015 857 4078 beneficiolo
884 4015 1175 4093 quopiam
1204 4034 1418 4075 seruos
1443 4014 1739 4085 fecerunt,
1772 4031 1900 4071 non
1929 4010 2115 4070 modo
2142 4008 2586 4069 contumeliam
2617 4026 2676 4059 10

159 4116 399 4179 nullam
443 4116 599 4196 pati
643 4118 896 4192 queant,
925 4133 1146 4173 verum
1177 4114 1286 4174 vix
1325 4113 1516 4172 etiam
1554 4110 1900 4188 supplicem
1932 4127 2152 4169 vocem
2186 4125 2258 4167 ac
2294 4105 2587 4167 timidam

158 4214 326 4290 serre,
383 4216 690 4294 gratiam
740 4213 906 4273 vltro
953 4214 1312 4289 expetentes
1351 4209 1458 4271 vbi
1506 4211 1763 4270 miseros
1811 4207 1933 4284 ipsi
1979 4205 2183 4283 plagis
2228 4204 2579 4265 occiderint.

151 4312 382 4375 Verum
412 4313 606 4394 quod
637 4312 714 4371 in
743 4310 989 4388 magnis
1016 4309 1252 4371 morbis
1279 4309 1434 4370 solet
1461 4309 1727 4379 euenire,
1756 4310 1830 4367 vt
1862 4305 2158 4385 homines
2193 4303 2295 4364 sui
2325 4321 2584 4364 sensum

274 4449 355 4508 7⁶·
393 4444 703 4496 Luteciae.
767 4455 1135 4492 1.oooc.xcvm
1158 4445 1284 4517 add.-
1298 4445 1363 4491 H.
1615 4452 1713 4499 m.
1748 4451 1811 4486 τι·
1833 4448 2221 4502 mouns-rma
2242 4437 2357 4483 aad.
2378 4437 2435 4481 P.

189 4528 756 4542 -o-—m--o———Q

206 4579 282 4624 74.
321 4567 416 4615 cni
454 4571 571 4614 nos
608 4558 793 4624 filiae]
826 4558 997 4607 There
1030 4560 1079 4607 is
1110 4572 1182 4606 no
1214 4558 1333 4606 clue
1430 4555 1594 4619 given
1611 4554 1708 4603 the
1726 4554 1975 4603 incident
1988 4565 2160 4601 seems
2179 4554 2233 4600 to
2251 4550 2388 4600 have
2404 4549 2581 4611 begun

144 4635 199 4678 to
231 4630 349 4681 this
387 4642 631 4695 per-on,
677 4624 889 4687 beyond
923 4624 1046 4673 that
1076 4626 1237 4686 given
1271 4624 1332 4671 in
1433 4622 1633 4683 during
1665 4636 1698 4669 s
1734 4620 1865 4669 visit
1895 4617 1956 4666 of
1982 4618 2242 4667 Erasmus
2272 4619 2330 4665 to
2351 4615 2582 4664 Tourne-

141 4696 233 4759 Ep.
263 4711 375 4759 ¹3⁰·
401 4712 476 4759 59
493 4709 619 4754 seq,
678 4690 840 4739 From
857 4690 954 4739 the
970 4688 1165 4738 details
1179 4689 1333 4737 there
1433 4687 1575 4736 hem.
