3355 5380
330 333 514 416 ¹500]
1168 336 1275 397 ΤΟ
1332 335 1376 397 J
1377 335 1607 398 AMES
1661 335 1888 396 BATT
2605 340 2715 396 321

323 512 453 553 non
481 511 708 571 queam
735 492 883 570 pati,
914 495 1127 554 tamen
1160 493 1328 554 haud
1357 492 1551 554 etiam
1587 492 1717 554 scio
1753 511 1836 552 an
1875 492 1981 552 ille
2015 490 2365 570 supplicem
2392 492 2478 553 sit
2503 492 2726 554 admis-

322 611 510 652 surus
532 612 548 666 ;
588 593 662 651 vt
688 590 851 652 mori
877 590 964 652 sit
981 589 1178 652 satius
1198 611 1387 669 quam
1413 591 1606 652 huius
1633 590 1724 652 rei
1750 590 1959 652 subire
1986 590 2348 668 periculum.
2414 590 2723 669 Quicquid
2753 616 2812 666 ²5

322 688 516 762 dabit,
539 688 912 767 accipiemus
932 689 1206 767 quidem.
1268 693 1332 751 A
1353 709 1476 766 quo
1503 688 1681 750 enim
1708 689 1918 767 potius
1944 688 2320 766 beneficium
2347 689 2726 767 accipiamus

321 807 515 865 quam
551 789 631 849 ab
662 807 736 848 eo
774 788 851 847 de
877 808 1001 865 quo
1040 787 1130 848 sic
1166 787 1377 848 meriti
1412 807 1651 862 sumus,
1685 790 1750 847 et
1777 787 1887 864 qui
1925 807 2063 848 meo
2092 785 2394 848 beneficio
2429 790 2526 847 est
2555 787 2724 864 quic-

321 883 474 961 quid
504 887 650 945 est?
717 886 954 946 Verum
990 885 1154 946 nihil
1191 886 1405 947 minus
1438 885 1968 947 committendum
2005 889 2160 964 puto
2187 904 2377 962 quam
2407 888 2478 945 vt
2514 885 2584 944 in
2622 904 2725 947 eas

321 982 645 1060 angustias
700 983 1163 1060 descendamus,
1224 987 1297 1046 vt
1350 988 1458 1045 aut
1511 983 1686 1045 illius
1739 1002 1922 1062 opem
1975 983 2341 1062 suppliciter
2394 983 2724 1062 implorare

323 1100 639 1158 cogamur,
685 1085 795 1142 aut
848 1101 993 1142 cum
1048 1082 1326 1143 maximo
1374 1086 1590 1144 nostro
1648 1086 1790 1144 tum
1844 1083 2079 1160 pudore
2132 1084 2272 1143 tum
2328 1082 2723 1144 incommodo
2747 1105 2812 1154 30

324 1197 547 1239 carere.

407 1278 610 1352 Quare
636 1297 768 1338 non
795 1279 932 1339 sine
957 1279 1164 1340 taedio
1185 1280 1474 1356 quodam,
1507 1278 1620 1340 sed
1645 1281 1857 1340 tamen
1887 1278 2364 1339 obfirmauimus
2391 1297 2506 1338 nos
2537 1280 2723 1356 atque

321 1373 424 1436 hic
468 1376 839 1451 resedimus,
867 1378 1062 1438 donec
1105 1380 1176 1438 tu
1216 1377 1611 1455 pecuniolam
1652 1377 1928 1454 aliquam
1969 1375 2264 1449 misisses,
2295 1379 2367 1437 vt
2401 1374 2723 1436 Luteciam

322 1493 572 1534 reuerso
610 1474 881 1535 liberum
922 1479 1085 1536 esset
1114 1476 1216 1536 vel
1251 1474 1600 1553 Augustini
1630 1476 1727 1536 vti
1766 1473 2173 1550 benignitate,
2217 1473 2275 1534 si
2315 1473 2569 1551 quidem
2611 1474 2722 1535 ille

319 1591 582 1649 syncere
620 1576 684 1632 et
711 1574 875 1634 vltro
917 1574 1200 1648 deferret,
1230 1578 1340 1635 aut
1380 1577 1778 1635 contemnere
1807 1572 2209 1650 vicissimque
2236 1570 2471 1646 vlcisci,
2501 1571 2558 1631 si
2594 1592 2723 1650 per·
2747 1589 2809 1642 35

320 1673 543 1731 sonata
584 1670 909 1750 fucataque
945 1671 1383 1734 beneuolentia
1421 1692 1555 1734 sese
1588 1671 1798 1750 aliqua
1834 1670 2231 1750 prodidisset.
2313 1670 2482 1745 Quae
2524 1690 2624 1731 res
2650 1673 2722 1730 vt

320 1767 425 1828 vel
453 1768 729 1830 maxime
764 1791 840 1831 ex
878 1770 1078 1830 animi
1115 1770 1427 1832 sententia
1463 1771 1654 1846 cadat,
1686 1769 1752 1831 id
1781 1770 1950 1848 quod
1989 1788 2119 1829 non
2145 1771 2279 1828 tam
2316 1786 2495 1845 spero
2531 1787 2722 1845 quam

323 1866 585 1927 omnino
612 1887 742 1929 non
776 1868 1072 1946 despero;
1113 1872 1327 1930 tamen
1352 1868 1765 1947 vndecunque
1807 1866 1970 1929 mihi
2004 1884 2413 1928 nummorum
2447 1864 2721 1943 aliquan·

319 1963 531 2024 tulum
572 1969 707 2026 erat
747 1966 1212 2044 corradendum,
1245 1967 1355 2045 qui
1397 1987 1499 2027 me
1536 1966 1821 2042 vestiam,
1855 1965 1966 2044 qui
2000 1963 2393 2041 Hieronymi,
2426 1963 2497 2023 in
2534 1982 2721 2041 quem

322 2063 806 2124 commentarios
861 2084 1024 2143 paro,
1067 2065 1535 2127 lucubrationes
1590 2085 1827 2139 omnes,
1873 2064 1986 2143 qui
2025 2064 2358 2125 Platonem
2400 2061 2718 2136 redimam,
2744 2076 2811 2126 40

321 2160 431 2237 qui
459 2162 731 2224 Graecos
771 2162 967 2224 libros
1007 2183 1375 2242 comparem,
1408 2163 1519 2242 qui
1548 2163 1768 2224 Graeci
1808 2181 2060 2241 operam
2100 2160 2458 2222 conducam.
2547 2160 2723 2221 Haec

320 2258 535 2318 omnia
577 2264 958 2339 quantopere
1004 2261 1084 2322 ad
1130 2262 1396 2340 gloriam
1443 2281 1669 2337 meam,
1724 2261 1854 2321 imo
1901 2261 1980 2322 ad
2026 2259 2298 2322 salutem
2345 2257 2716 2337 pertineant,

319 2355 572 2418 etiamsi
627 2362 779 2436 puto
835 2364 898 2419 te
952 2360 1310 2438 perspicere,
1357 2364 1571 2421 tamen
1626 2380 1737 2422 oro
1779 2362 1851 2420 vt
1895 2358 2056 2419 mihi
2103 2379 2139 2418 e
2182 2378 2251 2419 re
2293 2357 2431 2435 ipsa
2477 2356 2722 2435 cognita

318 2453 664 2516 affirmanti
703 2457 932 2518 credas.
1023 2458 1398 2519 Incredibile
1439 2457 1613 2519 dictu
1648 2461 1745 2519 est
1786 2477 1974 2536 quam
2014 2456 2175 2516 mihi
2211 2456 2428 2532 flagret
2468 2454 2721 2516 animus

318 2570 540 2614 omnes
580 2557 825 2616 nostras
848 2556 1419 2617 lucubratiunculas
1450 2557 1530 2618 ad
1556 2555 1931 2617 vmbilicum
1958 2554 2198 2630 ducere,
2229 2551 2424 2615 simul
2452 2553 2720 2613 Graecae
2746 2565 2809 2613 45

317 2649 638 2713 facultatis
680 2653 1176 2716 mediocritatem
1205 2654 1523 2733 quandam
1562 2654 1826 2732 assequi,
1856 2653 2069 2731 itaque
2109 2652 2334 2714 deinde
2374 2671 2478 2712 me
2513 2654 2721 2712 totum

317 2749 566 2811 arcanis
613 2751 818 2813 literis
864 2753 1101 2828 dedere,
1152 2754 1230 2815 ad
1274 2773 1427 2831 quas
1481 2753 1837 2814 tractandas
1890 2751 2260 2812 iamdudum
2316 2749 2477 2810 mihi
2531 2749 2722 2827 gestit

316 2847 588 2909 animus.
660 2849 1039 2912 Valetudine
1065 2871 1227 2928 sum,
1259 2852 1460 2929 gratia
1486 2850 1745 2929 superis,
1778 2849 2075 2911 mediocri
2103 2851 2166 2909 et
2193 2848 2474 2909 futuram
2501 2868 2682 2926 spero
2706 2869 2722 2921 ;

318 2966 510 3022 quare
550 2946 723 3007 hunc
765 2948 835 3007 in
874 2968 1114 3009 annum
1155 2969 1374 3010 omnes
1412 2948 1782 3010 intendendi
1824 2947 2018 3023 nerui,
2048 2950 2119 3008 vt
2150 2951 2213 3008 et
2242 2966 2399 3024 quae
2436 2944 2725 3006 cudimus

319 3043 388 3103 in
408 3044 620 3106 lucem
640 3050 878 3120 exeant,
900 3051 964 3108 et
978 3047 1470 3125 theologicarum
1489 3048 1819 3109 literarum
1839 3045 2207 3107 tractatione
2222 3043 2433 3105 Zoilos
2453 3045 2716 3117 nostros,
2747 3053 2813 3104 50

319 3161 594 3219 quorum
629 3144 907 3205 maxima
932 3146 1120 3206 turba
1145 3150 1255 3220 est,
1287 3147 1363 3207 ad
1393 3145 1829 3224 suspendium,
1856 3148 1925 3208 vt
1959 3143 2138 3222 digni
2173 3146 2342 3217 sunt,
2374 3141 2717 3220 adigamus.

323 3239 464 3301 Iam
502 3240 660 3301 olim
698 3260 926 3320 magna
960 3242 1280 3306 minantes
1312 3248 1419 3305 aut
1457 3246 1778 3323 nostrapte
1813 3242 2052 3305 desidia
2086 3245 2198 3303 aut
2233 3241 2439 3302 fatum
2469 3239 2722 3319 aliquod

319 3336 617 3416 iniquum
646 3344 759 3401 aut
776 3341 1073 3403 valetudo
1102 3342 1459 3404 retardauit.
1520 3342 1721 3417 Nunc,
1745 3362 1917 3403 nunc
1932 3340 2188 3403 tandem
2207 3343 2303 3400 est
2325 3338 2723 3402 suscitandus

319 3436 595 3512 animus,
627 3457 799 3499 nunc
838 3458 1057 3501 omnes
1100 3441 1473 3502 contendere
1515 3460 1743 3501 neruos
1782 3442 2042 3519 oportet,
2084 3442 2158 3500 vt
2197 3436 2536 3515 aliquando
2576 3455 2722 3497 cum

322 3534 546 3595 Flacco
602 3541 816 3598 nostro
871 3538 1228 3616 gloriemur,
1281 3540 1660 3618 Inuidiaque
1709 3539 1920 3613 maior,
1966 3540 2051 3600 Et
2098 3538 2227 3598 iam
2275 3537 2464 3597 dente
2509 3534 2723 3595 minus
2747 3544 2809 3595 55

322 3633 612 3695 mordeor
651 3634 909 3712 inuido;
972 3637 1089 3699 hoc
1129 3640 1224 3699 est
1255 3642 1326 3699 vt
1365 3637 2019 3699 inuidentissimorum
2061 3635 2396 3698 hominum
2436 3627 2751 3711 maligni-

388 3807 468 3856 26.
505 3805 660 3856 dabit
680 3812 726 3856 F
745 3812 946 3869 Com-iffi:
983 3809 1137 3858 dabis
1160 3814 1220 3859 Ε.
1369 3825 1451 3871 34.
1486 3824 1700 3859 reuerso
1721 3814 1777 3858 H
1792 3826 1804 3858 2
1841 3823 2088 3859 reuersus
2108 3810 2184 3855 E:
2220 3793 2460 3856 renim-sos
2481 3809 2526 3853 F
2545 3807 2715 3863 corr-²⁸9.

322 3873 403 3930 48.
436 3872 694 3921 futurum
719 3876 776 3923 F.
905 3888 987 3936 52·
1023 3875 1330 3925 minantem
1347 3880 1404 3926 F.
1506 3878 1689 3925 nostra
1712 3879 1779 3926 H.
1908 3888 1991 3937 55.
2029 3872 2255 3923 Inuidia
2275 3873 2405 3934 quia
2422 3876 2500 3920 E:
2532 3873 2723 3919 conexi.

385 4053 474 4100 27·
507 4054 629 4089 tneo
648 4040 930 4106 beneficio]
966 4040 1047 4092 Cf.
1072 4041 1173 4104 Ep.
1193 4042 1301 4103 136.
1321 4057 1399 4104 45,
1422 4044 1471 4093 6.
1577 4041 1986 4104 Hermonymus
2001 4041 2058 4089 of
2070 4039 2283 4102 Sparta.
2304 4037 2383 4087 ct.
2396 4037 2495 4099 i.p.
2508 4051 2552 4097 7.
2568 4050 2716 4093 nan..

384 4120 477 4167 39.
508 4105 857 4172 Hieronymi]
914 4106 993 4156 Cf.
1030 4108 1168 4171 Epp.
1210 4122 1318 4170 139,
1364 4123 1469 4168 141,
1576 4106 1758 4156 which
1790 4107 1838 4155 is
1872 4105 2088 4168 usually
2117 4104 2283 4154 taken
2315 4108 2371 4153 to
2404 4101 2576 4164 imply
2599 4100 2720 4149 that

326 4184 436 4233 1⁴9·
504 4170 622 4221 The
661 4172 783 4222 first
820 4174 1067 4223 mention
1108 4174 1168 4222 of
1201 4173 1474 4222 Erasmus'
1575 4172 1829 4221 Erasmus
1873 4171 1980 4220 had
2036 4173 2167 4220 been
2226 4168 2420 4231 taught
2465 4168 2536 4229 by
2581 4165 2722 4214 him.

320 4236 473 4285 work
496 4240 555 4286 at
575 4236 805 4293 Jerome.
830 4238 1014 4288 which
1037 4253 1146 4287 was
1167 4238 1471 4302 completed
1574 4238 1672 4301 Ep.
1703 4253 1796 4298 149
1826 4238 1973 4300 gives
2000 4251 2073 4286 an
2103 4234 2462 4295 unflattering
2494 4235 2722 4281 account

321 4307 379 4352 at
402 4303 727 4366 Cambridge
774 4305 908 4366 Epp.
932 4318 1030 4365 245
1052 4304 1161 4353 and
1195 4314 1339 4366 270),
1361 4304 1471 4353 and
1572 4308 1632 4352 of
1649 4302 1739 4353 his
1762 4303 2012 4364 teacherg
2043 4301 2152 4351 and
2176 4302 2241 4350 cf.
2263 4300 2360 4362 Ep.
2390 4313 2497 4359 194.

319 4368 505 4417 which
552 4369 710 4418 made
802 4384 880 4418 1111
924 4369 1092 4430 ready
1135 4370 1194 4418 in
1247 4384 1368 4430 1514
1415 4378 1472 4418 to
1637 4383 1720 4430 47.
1757 4367 1995 4431 arcanis]
2048 4368 2127 4417 cf.
2176 4363 2446 4416 Erasmus*
2487 4362 2721 4424 promise

318 4433 630 4483 undertake
651 4434 748 4484 the
763 4439 996 4494 Epistola
1019 4436 1101 4484 for
1116 4435 1473 4484 Amorbach’s
1573 4436 1630 4482 to
1652 4434 1820 4494 Celet,
1846 4434 1940 4496 Ep.
1973 4434 2082 4483 108.
2109 4447 2219 4482 111.

319 4504 472 4563 great
493 4500 724 4549 edition.
1641 4514 1724 4560 5ο.
1759 4497 1955 4563 Zoilos]
1992 4498 2071 4549 Cf.
2095 4499 2191 4562 Ep.
2216 4512 2298 4559 90.
2330 4508 2407 4556 13.

388 4578 475 4624 41.
509 4564 724 4629 Graeci]
770 4565 1023 4615 Erasmus
1061 4580 1173 4614 was
1210 4564 1472 4628 probably
1642 4579 1724 4627 55.
1760 4564 1972 4629 Flacco]
2010 4569 2167 4613 earm.
2201 4578 2246 4611 2.
2275 4576 2356 4609 20.
2387 4578 2420 4623 4
2452 4559 2563 4608 and
2594 4575 2639 4619 4.
2667 4574 2713 4620 3.

321 4631 754 4694 contemplating
779 4631 1039 4694 studying
1071 4631 1248 4680 under
1270 4631 1472 4693 Georgo
1580 4634 1673 4691 16;
1708 4632 1773 4682 cf.
1802 4635 1961 4689 Aday.
1990 4644 2116 4679 2001
2146 4628 2254 4677 and
2278 4641 2421 4675 2022.
