3355 5380
250 409 431 494 1495]
927 412 1156 476 rRoM
1200 412 1550 476 ‘RoBER'r
1605 415 1947 478 GAGUIN
2519 419 2636 479 153

411 634 765 687 nossn‘rvs
808 609 1156 709 GAJevx'nvs
1200 637 1528 687 uniusne
1572 638 1857 688 onmms
1901 638 2057 701 1>1v1
2104 596 2494 690 Av‘cvsrmf
2603 695 2632 715 Ν,

1214 740 1563 797 οΑΝοΝιοο
1608 743 1663 792 s,

324 859 601 937 Bmvu,
622 861 970 940 Hierasme,
1001 884 1130 925 non
1156 866 1291 924 tam
1317 862 1566 925 difficile
1591 884 1778 942 quam
1807 864 2092 927 odiosum
2118 867 2416 929 aduersus
2440 865 2642 946 despi-

244 958 437 1020 cabile
498 960 835 1021 hominum
901 981 1117 1041 genus,
1175 960 1286 1039 qui
1351 961 1580 1024 studiis
1640 962 2060 1057 humanitatis
2120 964 2441 1026 detrahere
2508 986 2637 1028 non

242 1058 558 1131 desinunt,
621 1060 950 1138 suscepisti
977 1080 995 1135 ;
1079 1060 1277 1123 nullis
1344 1059 1519 1121 enim
1590 1058 1908 1122 machinis
1969 1062 2206 1140 vincas,
2271 1082 2426 1141 quos
2491 1063 2640 1125 licet

240 1158 479 1230 viceris,
521 1176 626 1218 eos
672 1157 1045 1236 ignorantia
1063 1160 1512 1237 pertinaciores
1554 1158 1725 1220 facit.
1814 1160 2007 1221 Nullo
2051 1159 2122 1221 in
2168 1162 2313 1223 illos
2352 1162 2639 1239 grauiore

238 1258 556 1316 tormento
604 1256 927 1334 quippiam
981 1256 1349 1335 preliabitur
1391 1277 1583 1337 quam
1630 1258 1795 1335 quod
1848 1258 2083 1321 iudices
2137 1260 2261 1321 sibi
2315 1264 2498 1336 sunt,¹
2531 1280 2640 1323 eos
2665 1274 2694 1324 5

237 1354 406 1415 solos
470 1352 541 1413 in
605 1373 712 1414 ore
773 1358 839 1415 et
901 1355 1073 1417 fama
1137 1354 1473 1417 hominum
1536 1356 1960 1418 litteratorum
2012 1358 2267 1435 versari,
2328 1359 2436 1437 qui
2488 1379 2637 1421 cum

236 1451 549 1530 sapientia
586 1452 1006 1530 eloquentiam
1045 1454 1390 1516 iunxerunt
1406 1458 1431 1515 ε’
1470 1457 1536 1516 et
1560 1453 1750 1533 (quod
1787 1453 2338 1533 ignorantissimus
2377 1458 2638 1538 quisque

235 1550 499 1610 illorum
526 1568 754 1629 negare
779 1552 1039 1613 omnino
1066 1571 1197 1613 non
1232 1555 1459 1632 potest)
1475 1552 1658 1630 «ipsos
1684 1573 1927 1632 quoque
1954 1553 2399 1616 fabularumet
2426 1576 2638 1618 rerum
2679 1576 2685 1581 ·
2711 1576 2730 1603 2

235 1649 367 1709 fere
405 1648 737 1711 inutilium
777 1647 1109 1727 scriptores
1155 1669 1302 1711 cum
1348 1655 1627 1729 tempore
1669 1651 1970 1729 preterim
2011 1671 2140 1714 non
2178 1655 2479 1731 potuisse,
2527 1655 2637 1717 sed

235 1765 675 1809 consenescere
708 1746 1010 1809 hactenus
1039 1751 1106 1808 et
1133 1767 1276 1810 cum
1305 1748 1723 1810 admiratione
1758 1752 1823 1810 et
1854 1749 2175 1829 voluptate
2212 1752 2373 1829 legi:
2416 1772 2637 1814 eorum
2667 1773 2730 1811 ro

234 1862 387 1907 vero
413 1845 648 1924 quibus
673 1851 770 1907 est
796 1846 985 1907 anilis
1020 1847 1283 1924 quedam
1309 1850 1376 1909 et
1400 1846 1629 1909 herens
1654 1847 1987 1925 balbucies,
2019 1850 2358 1927 paucorum
2391 1850 2637 1913 dierum

231 1963 372 2005 esse
397 1944 784 2005 memoriam.
873 1944 1050 2020 Quod
1090 1965 1241 2006 cum
1275 1945 1399 2023 ipsi
1434 1945 1769 2024 aliquando
1797 1947 2098 2024 sentiunt,
2129 1947 2186 2009 si
2212 1968 2289 2009 ex
2316 1949 2639 2011 autoribus

233 2061 397 2121 quos
446 2041 751 2103 exibilant
813 2042 1218 2120 splendidum
1281 2048 1629 2119 assumunt,
1688 2043 1847 2105 illud
1917 2044 2050 2107 suo.
2099 2047 2271 2125 operi
2322 2050 2636 2126 tanquam

234 2156 503 2200 aureum
549 2157 831 2218 pannum
878 2141 1358 2204 committentes·
1400 2140 1754 2221 eloquentie
1808 2142 2171 2221 opinionem
2199 2144 2630 2225 aucupantur.

233 2237 535 2316 Illudque
554 2238 828 2299 maxime
848 2238 1083 2300 mirum
1104 2242 1221 2314 est,
1236 2240 1407 2300 inter
1433 2258 1639 2303 sacros
1664 2243 1911 2303 autores
1938 2262 2081 2304 cum
2103 2260 2210 2304 eos
2235 2244 2635 2321 potissimum
2666 2263 2726 2315 ¹5

232 2336 501 2398 laudent
531 2334 643 2415 qui
666 2336 920 2398 ‘vrbana
959 2340 1023 2397 et
1057 2336 1345 2416 expedita
1382 2337 1731 2399 elocutione
1768 2357 1918 2401 suas
1955 2341 2360 2418 cogitationes
2395 2343 2637 2406 tradere

232 2437 598 2513 potuerunt,
636 2452 749 2495 cur
786 2435 859 2495 in
899 2434 1094 2496 altero
1133 2435 1436 2498 damnent
1475 2435 1644 2514 quod
1684 2436 1755 2498 in
1794 2437 1937 2498 aliis
1975 2438 2366 2501 admirantur
2402 2444 2468 2502 et
2505 2460 2637 2519 pre·

233 2533 467 2593 dicant.
506 2576 513 2582 -
554 2533 683 2594 Cur
716 2533 1205 2612 reprehensibile
1234 2537 1497 2596 censent
1522 2532 1593 2594 in
1626 2554 1701 2596 ea
1737 2554 1806 2596 re
1838 2537 2144 2612 eminere,·
2168 2539 2334 2599 vnde
2367 2540 2640 2619 reliquos
2674 2557 2678 2561 ’

228 2630 523 2693 eiusdem
587 2632 834 2709 generis
902 2633 1139 2694 anteire
1217 2631 1585 2712 gloriosum·
1628 2633 1962 2696 estimatur
1979 2637 2016 2696 ἰ’
2113 2635 2185 2696 Si
2256 2637 2493 2700 ratione
2558 2638 2637 2700 ab

231 2730 542 2792 inanimis
586 2730 910 2806 distamus,
953 2750 1067 2792 cur
1119 2750 1248 2792 non
1290 2732 1683 2793 elaboremus
1724 2732 1793 2792 in
1839 2753 1914 2793 eo
1957 2737 2233 2811 prestare
2275 2754 2398 2812 quo
2443 2735 2637 2799 homo
2665 2755 2729 2792 20

232 2828 486 2890 homini
535 2828 678 2891 sine
729 2829 962 2891 iniuria
1009 2828 1293 2908 superior
1337 2849 1468 2892 esse
1520 2832 1727 2909 potest
1743 2831 1777 2892 ⁶?
1857 2831 2178 2907 Quantum
2231 2833 2405 2893 enim
2459 2834 2638 2895 muto

233 2927 464 2988 balbus
527 2928 861 3003 antecellit,
920 2930 1109 2989 tanto
1142 2929 1256 2998 vest
1313 2927 1637 3008 quippiam
1692 2929 1977 2991 disertus
2032 2930 2215 2991 balbo
2277 2933 2343 2992 et
2403 2923 2637 2992 diserto

233 3025 538 3103 eloquens
563 3026 955 3105 prestantior.
2627 3023 2632 3026 ’

322 3123 407 3184 Et
449 3123 680 3185 horum
730 3123 1141 3203 proculdubio
1184 3123 1644 3203 impudentiam
1689 3125 1941 3188 tametsi
1985 3127 2374 3205 contemptui
2417 3126 2632 3203 habeo,

236 3242 370 3283 non
400 3222 689 3301 improbo
716 3224 929 3288 tamen
955 3222 1337 3301 propositam
1367 3222 1486 3284 tibi
1512 3223 1584 3284 in
1612 3244 1720 3286 eos
1747 3225 2067 3288 miliciam.
2155 3226 2448 3288 Feriendi
2484 3229 2636 3288 sunt
2664 3240 2724 3292 ²5

232 3322 417 3389 omni
456 3340 681 3399 genere
720 3321 1009 3395 telorum,
1057 3340 1178 3399 que
1216 3321 1368 3382 scite
1406 3322 1747 3384 admodum
1786 3327 2081 3401 congesta
2116 3324 2406 3387 iacularis
2445 3324 2636 3404 probe

232 3424 305 3481 et
329 3420 629 3481 acerrime
649 3410 970 3497 ⁸torquesj-
1011 3418 1093 3479 In
1121 3438 1244 3496 qua
1266 3439 1336 3480 re
1374 3439 1846 3498 superuacuum
1862 3422 2118 3501 quidem
2151 3423 2486 3485 consilium
2518 3424 2637 3485 tibi

232 3531 451 3578 meum
492 3516 823 3592 accederet,
867 3516 975 3596 qui
1014 3515 1302 3583 absoluto
1343 3517 1472 3604 iam
1508 3518 1677 3597 operi
1717 3537 1832 3580 nec
1869 3521 2192 3583 detrahere
2231 3539 2343 3582 nec
2374 3520 2636 3583 adiicere

235 3615 573 3695 quicquam
598 3617 761 3675 recte
791 3606 1066 3692 possum.
1152 3614 1314 3676 Rem
1340 3616 1514 3676 enim
1540 3620 1900 3695 conceptam
1926 3620 2129 3681 multa
2165 3618 2470 3682 breuitate
2503 3639 2637 3698 pro·

234 3710 440 3790 ponis‚
472 3710 723 3790 partiris
745 3706 1112 3774 *luculenter
1146 3716 1211 3773 et
1246 3732 1497 3775 summo
1537 3716 1877 3793 pertractas
1911 3716 2186 3796 ingenio.
2272 3719 2442 3797 Apte
2475 3738 2636 3804 com7
2663 3733 2728 3783 30

235 3811 440 3888 ponis,
474 3829 659 3872 ornas
684 3814 985 3884 venuste;
1025 3830 1141 3874 nec
1180 3812 1352 3874 deest
1387 3813 1505 3874 tibi
1534 3814 1872 3876 Carneadis
1896 3814 2236 3878 vehemens
2273 3807 2632 3895 disputatio.

235 3910 473 3996 Vnum,
497 3907 824 3985 Herasme,
851 3903 930 3970 ab
955 3910 1157 3984 amico
1183 3928 1314 3971 non
1342 3911 1604 3972 moleste
1632 3912 1809 3974 feras.
1885 3912 2220 3975 Protendis
2244 3914 2635 3994 longiuscule

235 4005 652 4085 prohemium,
687 3999 758 4094 ⁶¹⁵-
778 3999 1044 4074 Battum
1080 4008 1316 4086 primas
1355 4011 1562 4086 partes
1587 4013 1889 4088 agentem,
1921 4012 2082 4091 quod
2123 4011 2348 4092 absque
2386 4014 2639 4077 interlo-

237 4108 450 4167 cutore
489 4103 921 4183 longiusculus
961 4106 1066 4182 sit,
1111 4106 1434 4186 quippiam
1474 4108 1637 4170 forte
1674 4110 2103 4189 reprehendet.
2207 4112 2413 4176 Saciat
2462 4113 2635 4177 enim

237 4251 654 4368 mallicinamme
674 4254 730 4306 8.
871 4271 917 4315 4.
953 4254 1337 4318 pertinaciores
1357 4258 1556 4316 seipsi:
1592 4258 1924 4320 pertinacior
1943 4259 2027 4312 aa.
2164 4273 2244 4321 25.
2281 4259 2543 4310 miliciam
2564 4263 2634 4315 B:

534 4335 583 4366 a·

310 4479 351 4515 1.
387 4464 607 4515 Bellum
674 4465 973 4531 Evidently
994 4467 1251 4520 Erasmus
1277 4467 1391 4519 had
1486 4469 1739 4520 Thuasne
1759 4470 1859 4521 has
1881 4475 1978 4523 not
2000 4473 2283 4536 preserved
2307 4474 2370 4523 it.

241 4530 545 4588 submitted
588 4534 615 4579 t
656 4546 699 4598 e!
718 4536 1029 4584 Aniibarbari
1067 4537 1139 4598 (p.
1178 4533 1391 4600 121)'to
1554 4550 1602 4598 5.
1640 4535 1950 4603 quippiam]
1976 4538 2053 4588 of.
2077 4538 2135 4589 n.
2163 4555 2228 4588 22
2250 4539 2362 4590 and
2382 4553 2463 4601 34.

242 4594 502 4660 Gagnin’s
524 4598 719 4648 notice.
787 4599 883 4648 See
904 4599 1034 4666 1.,33
1056 4615 1113 4652 n.
1172 4651 1173 4654 ,
1556 4616 1636 4665 33.
1677 4602 1931 4668 Battum]
1955 4603 2055 4653 Bk.
2080 4605 2099 4652 i
2124 4603 2185 4653 of
2205 4606 2301 4653 the
2320 4601 2637 4670 Ant-'barbani

403 4661 716 4728 Hier-asmo]
753 4663 903 4713 ·-'1'his
936 4664 1097 4715 ‘form
1162 4665 1211 4716 ia
1276 4666 1391 4716 also
1490 4665 1539 4716 is
1572 4668 1787 4731 mainly
1815 4667 2069 4733 occupied
2103 4671 2242 4719 with
2271 4683 2306 4718 a
2336 4669 2528 4731 speech
2559 4669 2635 4735 by

239 4724 408 4776 found
442 4729 505 4777 in
535 4728 864 4780 Butzbach's
884 4734 1245 4792 Hodoeporioen.
1314 4732 1384 4784 M.
1487 4732 1620 4783 Batt
1640 4734 1701 4783 in
1721 4733 1944 4786 defence
1966 4733 2026 4784 of
2039 4734 2173 4798 good
2196 4734 2457 4798 learning.

339 4826 497 4860 msa
1421 4835 1470 4878 χ
