3355 5380
671 407 785 461 142
1372 401 1749 463 LETTERS
1807 400 1914 462 OF
1968 399 2367 461 ERASMUS
2878 394 3066 479 [1494

668 580 912 638 quaeso,
946 579 1040 635 ne,
1074 580 1230 637 quas
1274 580 1387 638 ego
1422 557 1718 636 epistolas
1753 558 1832 618 ad
1870 559 1935 617 te
1966 557 2224 617 daturus
2251 577 2394 617 sum
2423 557 2710 630 inermes,
2745 554 2911 614 tanti
2939 574 3066 614 cer-

669 658 928 719 taminis
954 657 1306 719 discrimini
1335 676 1657 735 exponam.

752 755 1079 817 Hactenus
1125 755 1311 816 iocati
1358 772 1618 828 sumus;
1676 773 1846 815 nunc
1886 753 2050 814 serio
2098 752 2430 830 loquamur
2475 755 2659 830 atque
2705 769 2784 809 ex
2833 749 3063 811 animo.

554 875 644 928 125
670 855 1018 932 Tantopere
1079 857 1141 914 te
1208 853 1439 927 mirari,
1517 852 1850 928 Gulielme,
1907 850 2236 912 silentium
2312 852 2596 911 nostrum
2665 849 3071 909 vehementer

668 952 958 1027 admiror,
988 952 1165 1031 quasi
1194 971 1341 1013 vero
1367 950 1526 1011 illud
1547 950 1850 1029 sapientis
1877 949 2099 1028 legeris
2126 968 2486 1027 nunquam:
2529 946 2769 1008 Musica
2795 948 2864 1007 in
2889 946 3071 1007 luctu

669 1051 1031 1127 importuna
1089 1049 1382 1111 narratio.
1472 1048 1725 1109 Huicne
1776 1047 2137 1125 tempestati
2190 1046 2621 1107 acerbissimae
2675 1046 2905 1106 blanda
2957 1045 3070 1105 hu·

668 1147 993 1208 manitatis
1019 1148 1232 1209 studia
1260 1147 1651 1208 conueniunt
1671 1149 1705 1207 ⁴?
1786 1145 2071 1207 Profecto
2100 1145 2338 1206 laetum
2368 1145 2463 1222 (vt
2489 1146 2600 1222 ait)
2628 1145 2908 1206 carmina

1078 1271 1242 1331 Sunt
1284 1291 1457 1349 opus,
1505 1273 1569 1329 et
1610 1289 1828 1347 pacem
1871 1269 2107 1330 mentis
2147 1267 2375 1328 habere
2416 1267 2656 1329 volunt.

555 1417 647 1467 130
672 1392 797 1453 Vbi
838 1414 1007 1455 nunc
1046 1414 1271 1473 quaeso
1314 1393 1571 1469 laetitia,
1616 1393 1727 1453 vbi
1768 1393 2039 1471 pectoris
2082 1391 2506 1470 tranquillitas
2522 1394 2555 1452 ⁶?
2622 1390 3071 1452 Amaritudine

670 1491 858 1569 plena
905 1496 1054 1553 sunt
1099 1494 1312 1553 omnia
1359 1495 1543 1571 atque
1585 1492 1912 1566 tumultu;
1969 1510 2217 1569 quoquo
2262 1490 2473 1550 oculos
2516 1492 2768 1563 torser0,
2804 1487 2896 1547 nil
2946 1489 3069 1550 nisi

672 1588 879 1649 tristia
907 1609 1215 1668 saeuaque
1245 1590 1560 1668 conspicio
1590 1612 1604 1663 3

998 1713 1238 1774 Multus
1278 1715 1507 1792 vbique
1550 1713 1742 1788 dolor,
1789 1716 1853 1772 et
1894 1712 2170 1790 plurima
2211 1711 2436 1772 mortis
2478 1712 2703 1789 imago.

676 1834 843 1909 Quae
871 1835 928 1894 si
954 1835 1202 1913 singula
1231 1855 1574 1897 memorare
1596 1855 1938 1914 perrexer0‚
1961 1853 2088 1893 non
2116 1836 2250 1894 tam
2280 1833 2602 1912 epistolam
2625 1855 2810 1913 quam
2840 1838 3074 1912 tragoe-

558 1959 648 2010 ¹35
675 1931 845 1991 diam
891 1935 1096 1994 texere
1144 1933 1417 1994 videbor.
1506 1933 1590 1993 Et
1643 1936 1716 1993 tu
1763 1933 1832 1992 in
1882 1935 2060 1993 tanto
2108 1932 2764 2011 circumstrepentium
2820 1932 3071 2010 agmine

674 2029 885 2089 Pierio
935 2051 1034 2091 me
1088 2030 1268 2091 iubes
1322 2050 1538 2092 vacare
1591 2030 1788 2091 labori
1810 2033 1843 2091 ⁶?
1936 2030 2033 2090 'l'u
2088 2029 2313 2107 potius,
2363 2050 2547 2108 quem
2603 2031 2808 2092 felicia
2870 2029 3074 2091 sidera

674 2131 970 2205 spectant,
1015 2149 1216 2207 perge,
1265 2128 1418 2189 dum
1461 2129 1621 2205 licet,
1666 2128 1895 2189 eximia
1934 2127 2012 2188 ad
2062 2127 2366 2189 virtutem
2408 2129 2872 2190 immortalitati
2914 2149 3076 2190 com·

675 2227 1006 2303 mendare3
1048 2232 1117 2290 tu
1157 2228 1319 2306 quod
1361 2227 1594 2306 posteri
1633 2227 1942 2288 cantitent
1983 2226 2369 2304 praeclarum
2403 2226 2640 2305 aliquid
2667 2226 2854 2287 edit0.
2943 2224 3073 2287 Nos

676 2345 884 2386 rerum
934 2326 1111 2387 decet
1156 2325 1319 2386 nihil
1375 2327 1621 2402 praeter
1665 2324 2013 2385 lacrumare
2056 2327 2122 2385 et
2163 2344 2426 2402 gemere,
2474 2323 2704 2403 quibus
2746 2324 2901 2385 adeo
2945 2323 3074 2385 iam

558 2452 649 2501 140
674 2423 928 2484 haebuit
960 2425 1303 2503 ingenium,
1337 2424 1488 2483 adeo
1526 2424 1830 2483 emarcuit
1859 2422 2130 2496 animus,
2161 2426 2234 2483 vt
2269 2422 2683 2500 pristinorum
2719 2423 3076 2483 studiorum

675 2521 1026 2584 collibuerit
1079 2523 1263 2584 nihil.
1352 2521 1495 2582 Non
1546 2542 1649 2581 me
1693 2521 1957 2582 delectat
2004 2519 2254 2580 Pierius
2306 2523 2527 2581 vatum
2580 2520 2769 2599 lepos,
2822 2520 3078 2581 sordent

677 2619 1018 2697 (quondam
1064 2620 1247 2682 vnica
1293 2620 1464 2700 cura)
1510 2620 1832 2681 Camenae.
1921 2619 2145 2680 Fateor
2190 2620 2404 2678 tamen
2457 2618 2566 2679 vbi
2616 2619 3076 2681 oratiunculam

676 2720 852 2778 tuam
882 2719 1154 2796 lepidam
1188 2720 1442 2797 quidem
1478 2721 1543 2779 et
1580 2722 1789 2780 totum
1821 2717 2164 2797 spirantem
2208 2716 2492 2777 Tullium
2536 2717 2644 2777 sed
2690 2718 2818 2779 mei
2857 2718 3077 2780 imme·

678 2835 916 2877 morem
948 2818 1282 2893 SeruatiuS,
1315 2817 1435 2878 tibi
1472 2817 1812 2878 admodum
1849 2814 2181 2876 familiaris
2215 2813 2378 2874 mihi
2414 2834 2609 2892 aeque
2635 2816 3071 2894 amicissimus,

561 2939 651 2990 ¹45
677 2914 755 2973 ad
785 2933 888 2975 me
913 2916 1192 2993 pertulit,
1212 2936 1340 2976 non
1358 2916 1536 2977 aliter
1552 2936 1743 2993 quam
1764 2914 1893 2975 alto
1921 2933 2138 2991 sopore
2165 2912 2404 2974 excitus
2425 2914 2753 2991 paululum
2774 2918 3077 2995 respirare

680 3012 895 3089 coepi3
959 3033 1159 3074 meam
1209 3014 1585 3091 increpitans
1620 3013 1939 3092 ignauiam
1997 3012 2129 3088 ipse
2186 3030 2287 3070 me
2334 3013 2407 3070 vt
2453 3010 2685 3089 aliquid
2736 3013 3075 3074 scriberem

680 3110 969 3188 compuli.
1058 3112 1141 3172 Et
1194 3113 1459 3191 singulis
1503 3112 1807 3190 epistolae
1849 3109 2178 3170 sententiis
2227 3128 2304 3168 ex
2355 3109 2569 3169 ordine
2614 3112 3070 3189 responderem,

680 3205 805 3265 nisi
833 3206 1012 3268 finita
1039 3208 1251 3269 charta
1276 3210 1471 3269 finem
1501 3229 1729 3286 ponere
1757 3208 2013 3269 iuberet.

762 3304 937 3378 Quod
966 3309 1174 3366 autem
1204 3307 1281 3366 de
1312 3307 1569 3368 Ioannis
1601 3307 1866 3384 epistola
1903 3307 2053 3384 quid
2087 3306 2357 3366 sentiam
2386 3325 2578 3383 rogas,
2609 3307 2818 3384 paucis
2845 3310 3072 3388 accipe.

561 3431 655 3480 150
680 3400 840 3460 Mihi
882 3402 1171 3480 equidem
1217 3404 1612 3464 Bernardum
1660 3403 1862 3482 magis
1903 3424 2094 3482 quam
2134 3402 2418 3464 Tullium
2460 3404 2731 3465 redolere
2773 3406 2911 3469 visa
2957 3411 3072 3469 est.

681 3497 957 3558 Mirabar
987 3502 1202 3560 tamen
1237 3502 1305 3562 in
1344 3523 1414 3563 ea
1446 3522 1589 3562 cum
1627 3522 1758 3562 non
1792 3502 2116 3581 illepidam
2163 3503 2499 3562 verborum
2541 3505 3072 3581 compositionem,

679 3599 820 3656 tum
847 3596 1044 3657 senile
1081 3598 1491 3660 adolescentis
1526 3603 1762 3678 pectus,
1849 3600 2175 3661 Caeterum
2214 3599 2289 3660 de
2329 3601 2634 3677 Corneli0‚
2666 3603 2925 3665 homine
2953 3606 3081 3665 mei

679 3695 1128 3771 amantissimo,
1161 3697 1312 3775 quid
1341 3699 1626 3772 sentiam,
1654 3698 1861 3777 eloqui
1889 3699 2136 3759 chartae
2164 3701 2338 3759 vetat
2365 3701 2675 3777 angustia,
2709 3703 3078 3779 praesertim

681 3813 827 3854 cum
853 3794 1033 3856 testis
1058 3796 1180 3857 sibi
1207 3816 1308 3857 res
1334 3799 1416 3858 sit
1441 3797 1593 3862 visa.
1682 3796 1898 3858 Vnum
1925 3800 2135 3858 autem
2163 3799 2228 3857 te
2254 3796 2604 3874 plurimum
2634 3818 2799 3878 rogo,
2831 3805 2904 3861 vt
2932 3819 3080 3861 eum

563 3916 620 3968 ¹5
627 3917 654 3966 5
682 3911 955 3970 moneas,
997 3893 1263 3956 horteris
1297 3899 1361 3957 et
1395 3895 1692 3972 obsecres,
1736 3895 1833 3956 vti
1871 3895 2148 3957 literario
2184 3915 2254 3956 se
2297 3894 2498 3955 labori
2535 3897 2835 3974 accingat,
2867 3902 3083 3976 pergat

681 3989 971 4052 obscurae
1001 3994 1392 4072 eloquentiae
1419 3995 1663 4056 monita
1699 3994 1769 4054 in
1805 3995 2007 4055 lucem
2041 3995 2336 4071 proferre.
2425 3994 2647 4054 Potest
2674 3995 2848 4055 enim
2874 4017 2890 4070 ;
2931 4015 3082 4056 nam

681 4089 780 4149 illi
824 4092 1094 4153 secunda
1134 4098 1287 4154 sunt
1333 4093 1565 4168 omnia,
1614 4093 1733 4153 etsi
1780 4093 1996 4153 omnia
2042 4091 2150 4152 Dii
2191 4091 2377 4152 nobis
2423 4091 2741 4153 laboribus
2784 4093 3079 4156 vendant.

683 4188 856 4260 Vale,
889 4189 981 4250 mi
1009 4191 1341 4267 Gulielme,
1376 4211 1599 4269 meque
1626 4195 1698 4250 vt
1724 4191 1880 4252 facis
1906 4211 2064 4253 ama.

949 4326 1058 4373 127.
1093 4313 1332 4362 narratio
1355 4317 1530 4362 Euctus.
1553 4331 1567 4362 ε
1601 4314 1740 4363 ratio
1765 4312 1835 4364 0¹.
2045 4314 2153 4373 156.
2189 4313 2254 4362 ob
2278 4327 2436 4364 curae
2461 4312 2510 4362 0¹
2534 4330 2548 4362 ε
2580 4329 2691 4362 corr.
2719 4317 2818 4364 ΕΒ.

755 4444 860 4490 126.
897 4443 1126 4508 Musica]
1151 4444 1360 4495 Ecclus.
1385 4461 1463 4495 22.
1490 4449 1539 4497 6.
1998 4461 2104 4507 ¹42·
2140 4448 2418 4510 quondam
2476 4447 2557 4497 cf.
2588 4444 2862 4495 Erasmus'
2888 4450 3082 4496 Carmen

754 4509 858 4557 128.
893 4512 953 4556 vt
975 4509 1078 4573 ait]
1102 4510 1197 4560 0v.
1223 4514 1357 4561 Prisc.
1384 4525 1429 4572 5.
1463 4525 1538 4561 12.
1562 4525 1609 4572 3,
1635 4529 1686 4572 ⁴·
1929 4517 2210 4576 Bucolicum,
2238 4512 2276 4562 1.
2299 4530 2348 4576 4,
2375 4512 2420 4562 1.
2512 4512 2628 4562 viii.
2653 4514 2769 4573 561.

755 4588 861 4634 133.
900 4574 1110 4624 Multus
1130 4575 1330 4637 vbique
1352 4576 1527 4640 dolor]
1565 4576 1826 4640 Her-man,
2000 4593 2108 4640 ¹⁴9·
2149 4578 2374 4628 Ioannis
2418 4577 2672 4642 epistola]
2730 4577 2969 4640 Perhaps
3010 4593 3084 4626 an

682 4638 794 4689 Ode
815 4654 862 4701 3.
897 4655 1004 4702 137.
1927 4658 2138 4692 answer
2159 4646 2216 4693 to
2238 4645 2330 4706 Ep.
2358 4644 2442 4706 38.

747 4705 1009 4771 plurima]
1035 4706 1187 4770 Verg.
1217 4711 1337 4757 Aen.
1362 4724 1406 4757 2.
1432 4710 1549 4772 369.
2001 4724 2106 4769 152.
2146 4710 2418 4773 Cornelio]
2446 4709 2523 4759 Cf.
2545 4708 2678 4771 Epp.
2708 4723 2789 4769 37.
2814 4711 2847 4756 6
2869 4708 2979 4757 and
3005 4725 3088 4770 40.
