3355 5380
696 381 811 438 172
1396 374 1776 437 LETTERS
1831 374 1940 436 oF
1995 375 2397 437 ERASMUS
2906 371 3100 457 [¹⁴97

1094 548 1408 596 ERAsuvs
1453 546 1891 595 onmsmano
1935 546 2313 596 Lvnnonnst
2358 546 2487 593 SVO
2529 546 2582 593 8.
2631 546 2694 594 D.

771 646 911 707 Cvu
980 650 1045 707 te
1112 644 1477 706 incredibili·
1522 643 1789 722 quodam
1843 641 2167 703 literarum
2230 643 2448 703 ardore
2507 643 2771 719 flagrare
2836 642 3107 703 minime

688 743 1057 820 dubitarem,
1078 742 1446 807 Christiane
1471 762 1601 802 non
1629 741 1910 819 vulgaris
1941 742 2157 814 amice,
2188 740 2544 802 hortatione
2570 740 2739 801 nihil
2773 760 2931 819 opus
2965 760 3105 801 esse

688 844 926 919 putaui,
966 843 1075 903 sed
1114 845 1250 904 eius
1289 861 1475 920 quam
1518 839 1835 917 ingressus
1876 858 2041 900 esses
2081 838 2219 899 viae
2258 839 2413 900 duce
2460 838 2649 899 modo
2687 857 2758 899 ac
2797 843 3102 917 tanquam

688 941 913 1002 indice.
986 940 1065 1001 Id
1094 941 1221 1002 mei
1249 939 1435 1002 officii
1454 958 1589 1000 esse
1615 937 1903 1009 indicaui,
1923 936 2212 997 videlicet
2238 939 2309 996 vt
2337 936 2457 997 tibi
2485 936 2731 997 homini
2758 957 2886 998 non
2912 938 3103 998 modo

633 1066 661 1116 5
687 1038 913 1101 multis
937 1038 1144 1101 modis
1168 1037 1640 1115 copulatissimo
1664 1035 2079 1098 verumetiam
2104 1034 2557 1095 iucundissimo
2574 1035 2842 1112 vestigia
2867 1036 3102 1113 quibua

690 1135 822 1213 ipse
861 1157 899 1197 a
924 1156 1118 1213 puero
1149 1155 1350 1197 essem
1388 1136 1706 1213 ingressus
1736 1135 2313 1193 commonstrarem.
2400 1132 2571 1207 Quae
2596 1133 2752 1194 situ
2785 1134 2925 1212 pari
2948 1153 3101 1195 cura

687 1234 952 1311 accipies
1005 1236 1191 1312 atque
1245 1253 1359 1313 ego
1413 1233 1696 1293 dicturus
1750 1250 1912 1305 sum,
1970 1231 2258 1291 futurum
2314 1229 2562 1291 confido
2614 1234 2685 1291 vt
2738 1251 2939 1311 neque
2993 1252 3104 1294 me

689 1333 1008 1394 monuisse
1036 1353 1237 1411 neque
1263 1334 1327 1392 te
1355 1331 1636 1411 paruisse
1662 1329 2056 1407 poenituerit.

769 1430 989 1492 Prima
1023 1432 1218 1510 igitur
1253 1451 1397 1492 cura
1424 1432 1506 1490 sit
1533 1432 1605 1489 vt
1641 1430 2103 1506 praeceptorem
2139 1426 2259 1488 tibi
2296 1428 2490 1505 eligas
2530 1447 2719 1506 quam
2756 1429 3098 1490 eruditissi-

605 1557 665 1593 10
687 1548 882 1590 mum.
972 1529 1187 1608 Neque
1231 1529 1404 1590 enim
1450 1528 1587 1589 fieri
1627 1529 1834 1605 potest
1876 1529 1950 1586 vt
1993 1527 2050 1585 is
2090 1529 2255 1586 recte
2296 1546 2653 1604 quenquam
2697 1528 2945 1590 erudiat
2988 1529 3097 1607 qui

687 1626 772 1687 sit
799 1626 933 1705 ipse
958 1628 1309 1689 ineruditus
1335 1648 1352 1701 ;
1392 1646 1580 1705 quem
1607 1625 1988 1703 simulatque
2015 1628 2236 1686 nactus
2262 1626 2406 1701 eris,
2438 1626 2535 1685 fac
2561 1626 2860 1688 omnibus
2890 1628 3101 1688 modis

685 1726 916 1787 efficias
942 1729 1014 1786 vt
1040 1726 1150 1787 ille
1186 1726 1382 1803 patris
1418 1726 1487 1786 in
1515 1727 1596 1800 te,
1627 1726 1701 1785 tu
1725 1724 1844 1784 filii
1883 1725 1951 1783 in
1986 1724 2171 1784 illum
2199 1724 2481 1785 vicissim
2516 1723 2743 1786 induas
2778 1726 3091 1786 affectum.

685 1824 789 1884 Ad
832 1823 995 1902 quod
1033 1825 1287 1902 quidem
1327 1844 1473 1885 cum
1515 1823 1648 1900 ipsa
1691 1821 1938 1883 honesti
1979 1822 2139 1883 ratio
2182 1841 2297 1882 nos
2333 1822 2521 1883 debet
2556 1822 2875 1885 adhortari
2906 1825 3095 1901 (quod

686 1939 815 1981 non
870 1923 1084 1982 minus
1132 1922 1471 1982 debeamus
1518 1921 1596 1981 iis
1652 1939 1689 1980 a
1742 1920 1972 1997 quibus
2020 1923 2183 1979 recte
2235 1921 2494 1981 viuendi
2539 1921 2849 1982 rationem
2904 1941 3094 1999 quam

601 2043 659 2093 ¹⁵
684 2039 722 2079 a
762 2020 992 2097 quibus
1031 2019 1289 2081 viuendi
1328 2019 1512 2079 initia
1552 2018 2000 2096 sumpsimus);
2047 2019 2190 2078 tum
2231 2022 2453 2078 mutua
2492 2018 2618 2079 ista
2655 2019 3100 2081 beneuolentia

684 2119 933 2179 tantum
988 2118 1065 2179 ad
1122 2118 1493 2179 discendum
1540 2117 1732 2177 habet
1779 2115 2098 2188 momenti,
2151 2118 2224 2175 vt
2269 2116 2506 2177 frustra
2550 2116 2876 2177 literarum
2929 2137 3094 2195 prae-

685 2218 998 2293 ceptorem
1039 2216 1127 2277 sis
1166 2216 1517 2288 habiturus,
1547 2214 1673 2275 nisi
1714 2210 2008 2273 habueris
2047 2215 2112 2273 et
2151 2213 2443 2274 amicum.
2530 2213 2774 2275 Deinde
2800 2218 2872 2275 vt
2897 2217 2960 2276 te
2995 2214 3094 2276 illi

687 2317 750 2375 et
805 2315 1120 2374 attentum
1175 2317 1238 2374 et
1290 2313 1611 2373 assiduum
1666 2310 1980 2388 praebeas.
2068 2310 2483 2372 Contentione
2538 2312 2711 2372 enim
2756 2312 3093 2374 immodica

686 2431 1144 2489 nonnunquam
1197 2411 1551 2473 obruuntur
1602 2408 1861 2487 ingenia
1913 2408 2308 2469 discentium.
2419 2410 2781 2472 Assiduitas
2826 2430 2976 2471 vero
3027 2416 3096 2472 et

601 2534 665 2571 ao
685 2510 1107 2572 mediocritate
1148 2529 1261 2572 sua
1308 2509 1620 2588 perdurat,
1666 2511 1731 2568 et
1771 2506 2156 2585 quotidianis
2203 2509 2749 2570 exercitationibus
2792 2512 3093 2571 maiorem

687 2608 979 2686 opinione
1031 2627 1326 2670 aceruum
1382 2605 1752 2667 accumulat.
1858 2605 2158 2666 Satietate
2211 2625 2356 2666 cum
2411 2606 2707 2668 omnibus
2760 2609 2829 2668 in
2882 2608 3088 2683 rebus,

684 2709 826 2767 tum
855 2706 925 2766 in
954 2706 1153 2768 literis
1189 2707 1355 2767 nihil
1391 2706 1818 2785 perniciosius.
1908 2704 2205 2766 Laxanda
2243 2709 2339 2766 est
2384 2706 2578 2783 igitur
2613 2708 2940 2786 aliquoties
2978 2707 3095 2770 illa

685 2802 1036 2865 studiorum
1086 2804 1420 2881 contentio,
1466 2803 1941 2865 intermiscendi
1995 2803 2189 2878 lusus,
2234 2804 2343 2864 sed
2385 2804 2688 2880 liberales,
2734 2807 2844 2868 sed
2890 2807 3093 2868 literis

685 2900 885 2979 digni,
925 2905 991 2963 et
1031 2903 1110 2964 ab
1150 2903 1254 2964 his
1292 2923 1421 2964 non
1465 2903 1657 2963 nimis
1695 2901 2119 2962 abhorrentes.
2208 2901 2349 2961 Imo
2398 2904 2622 2965 mediis
2663 2905 2820 2982 ipsis
2865 2906 3093 2967 studiis

602 3022 659 3072 ²5
684 3003 983 3077 perpetua
1009 3002 1310 3079 quaedam
1338 3001 1628 3078 voluptas
1654 2999 2056 3061 admiscenda
2081 3003 2193 3074 est,
2225 3003 2296 3060 vt
2323 3000 2548 3062 ludum
2574 3003 2783 3080 potius
2809 3004 3092 3066 discendi

686 3115 877 3174 quam
920 3097 1197 3158 laborem
1243 3100 1696 3159 existimemus,
1805 3096 1981 3157 Nihil
2021 3097 2194 3157 enim
2236 3099 2457 3174 perdiu
2499 3101 2637 3161 fieri
2674 3105 2881 3178 potest
2920 3104 3088 3180 quod

687 3213 817 3255 non
841 3197 1129 3272 agentem
1158 3195 1371 3274 aliqua
1396 3197 1718 3274 voluptate
1745 3199 2105 3257 remoretur.

767 3292 1021 3370 Optima
1048 3311 1328 3370 quaeque
1352 3294 1571 3354 statim
1598 3313 1668 3353 ac
1695 3292 1979 3370 primum
2010 3293 2191 3354 disce.
2268 3294 2600 3356 Extremae
2620 3299 2714 3357 est
2741 3299 3090 3361 dementiae

686 3388 920 3450 discere
962 3390 1346 3452 dediscenda.
1450 3391 1627 3468 Quod
1674 3391 1744 3451 in
1792 3392 2069 3452 curando
2117 3394 2441 3454 stomacho
2488 3395 2695 3456 solent
2737 3398 3093 3475 praecipere

598 3513 663 3562 30
686 3487 930 3563 medici,
961 3488 1127 3549 idem
1168 3489 1286 3549 tibi
1325 3489 1394 3549 in
1435 3488 1706 3566 ingeniis
1746 3491 2125 3552 seruandum
2168 3494 2336 3568 puta.
2423 3494 2589 3555 Caue
2623 3498 2733 3554 aut
2767 3498 2952 3558 noxio
2978 3502 3092 3558 aut

686 3586 1021 3647 immodico
1070 3586 1206 3648 cibo
1260 3587 1589 3665 ingenium
1641 3588 1911 3662 obruas;
1967 3592 2228 3668 vtroque
2284 3591 2458 3651 enim
2505 3592 2682 3653 iuxta
2725 3594 3082 3657 offenditur.

690 3683 1058 3760 Ebrardum‚
1123 3685 1496 3760 Catholicon,
1557 3686 2004 3763 Brachilogum
2063 3691 2453 3766 caeterosque
2519 3690 2586 3751 id
2651 3711 2867 3769 genus,
2934 3714 3096 3772 quoa

753 3788 862 3838 Tm
899 3789 1144 3839 Εωινε
1169 3827 1181 3838 .
1208 3827 1220 3839 .
1249 3828 1260 3840 .
1286 3790 1338 3840 S.
1371 3791 1433 3840 D.
1466 3795 1541 3840 E:
1594 3792 1716 3840 Dus.
1761 3790 1973 3840 Eunu
2012 3792 2359 3841 Ronaonaxr
2399 3794 2480 3842 Ds
2524 3794 2758 3844 Rariores:
2791 3797 2976 3846 Srvnn
3012 3814 3093 3848 u>

690 3867 895 3903 unm
921 3868 1170 3913 omnm
1199 3869 1442 3905 nrm-ou
1467 3871 1821 3906 raorasr'nca
1840 3874 1901 3905 a:
1951 3857 2076 3908 Dm.
2103 3896 2115 3907 .
2135 3893 2148 3906 .
2174 3896 2185 3908 .
2212 3873 2458 3908 maron
2480 3874 2838 3910 Pmnch
2857 3865 2922 3916 B:
2957 3863 3083 3914 Dm.

690 3956 704 3969 .
732 3954 745 3968 .
776 3957 787 3968 .
810 3934 883 3968 u>
918 3920 1262 3970 Cnaxs‘ruvn
1296 3921 1638 3971 Lvsncsnsnt
1672 3936 1916 3972 armen
1954 3937 2316 3973 rmus-nea
2350 3943 2388 3974 ε.
2601 3940 2648 3976 a.
2683 3926 2995 3978 Christiane
3029 3947 3054 3976 ε
3077 3949 3094 3979 =

691 3985 755 4034 N.
776 4003 821 4035 α.
889 3986 1979 4050 hortationeoehortatoreae.4..1d
2001 3990 2325 4052 meio,1d
2341 3992 2487 4052 quod
2510 3993 2618 4040 mei
2637 4008 2678 4041 ε.
2810 4007 2859 4054 5.
2895 3994 3091 4044 multis

692 4049 1206 4112 ιιιοάἰιαΕοοη-ἰρω
1237 4056 1473 4104 omEF.
1708 4069 1756 4115 9.
1789 4025 2040 4116 oligua.
2073 4055 2351 4120 deligas-y.
2582 4071 2656 4117 14.
2698 4057 2850 4107 iiam.
2879 4059 3091 4110 hiisE:

690 4116 780 4165 his
799 4119 854 4166 Γ.
1054 4117 1251 4179 quibus
1274 4120 1416 4167 recte
1436 4135 1469 4167 α
1487 4120 1513 4165 ὅ
1534 4122 1611 4167 2:
1644 4120 1845 4181 quibus
1869 4121 2027 4169 rebus
2050 4124 2194 4171 recte
2215 4137 2307 4181 γε.
2566 4125 2639 4172 ι6.
2678 4122 3001 4175 literarum.

689 4182 765 4229 sis
780 4197 845 4230 e·
879 4181 954 4231 ais
975 4181 1254 4232 literatum
1276 4188 1721 4247 praeceptorem«
1738 4186 1860 4235 ·sia
1885 4184 2164 4234 literarum
2188 4191 2588 4265 praeceptorem
2605 4192 2659 4239 Γ.
2767 4205 2849 4238 20.
2885 4193 3092 4241 exerci-

689 4247 1043 4297 tationibuso
1059 4248 1513 4300 .incrementise.
1727 4265 1805 4301 22.
1837 4253 1956 4300 tum
1980 4252 2039 4299 in
2058 4269 2128 4300 «ιε
2146 4259 2312 4301 :tum
2334 4254 2587 4316 precipue
2608 4255 2668 4302 in
2686 4271 2738 4318 γ.
2902 4258 3093 4319 perni-

687 4313 937 4362 ciosiuso
958 4314 1356 4376 -periculouius
1377 4319 1440 4365 Η.
1704 4331 1783 4377 23.
1818 4315 2174 4365 studiorumo
2196 4316 2588 4368 εῑίῐοητιιιιιε.
2834 4320 3091 4374 liberales

686 4396 723 4441 γ
741 4381 811 4428 1⁹:
845 4377 1082 4428 literalea
1104 4396 1181 4428 a<
1362 4394 1439 4441 24.
1475 4381 1616 4432 hisa
1636 4397 1649 4429 ι
1683 4382 1753 4430 iis
1773 4384 1834 4430 Ε.
2013 4396 2094 4444 25.
2126 4382 2474 4433 admiscenda
2492 4401 2556 4433 a.
2590 4384 3068 4436 intermiscenda«

687 4446 765 4494 26.
817 4443 936 4493 fleri
968 4462 1034 4493 a:
1077 4446 1204 4494 ferri
1238 4449 1294 4496 Γ.
1603 4461 1684 4508 32.
1733 4464 1765 4493 α
1798 4448 1904 4495 N'·
1894 4447 2232 4497 .Ebrardon
2267 4452 2325 4497 Ε.
2553 4449 2986 4502 catholicontem
3020 4458 3088 4504 Η.

685 4509 1067 4572 Brachilogum
1090 4514 1204 4559 oda.
1233 4526 1287 4560 e:
1324 4512 1715 4576 Brachylogum
1738 4516 1802 4561 Η.

748 4652 830 4698 32.
862 4635 1271 4699 Brachilogum]
1337 4634 1601 4699 Probably
1642 4650 1745 4684 one
1785 4638 1844 4685 of
1936 4651 2017 4699 35.
2050 4637 2196 4702 8611)
2237 4639 2424 4688 rather
2460 4640 2597 4690 than
2636 4640 2732 4690 the
2765 4640 2903 4704 legal
2940 4658 3088 4693 oom-

681 4703 777 4750 the
835 4715 1124 4751 numerous
1160 4701 1535 4767 vocabularies
1588 4701 1677 4766 (cf.
1737 4701 1835 4764 Ep.
1935 4702 2167 4765 pilation
2191 4703 2250 4752 of
2267 4705 2390 4754 that
2416 4720 2589 4756 name.
