3355 5380
305 345 489 430 1513]
1141 349 1251 411 ΤΟ
1304 348 1533 411 JOHN
1588 347 1860 411 OOLET
2566 351 2696 410 Ἰ527

299 505 577 569 immicis
615 504 780 566 nihil
819 504 983 568 mihi
1022 505 1380 568 commercii
1418 509 1531 583 est,
1577 525 1692 567 nec
1733 524 1951 567 eorum
1999 505 2164 567 dicta
2203 505 2317 585 pili
2347 505 2547 584 facio),
2590 507 2699 584 qui
2724 529 2789 581 30

299 609 362 666 te
390 603 822 665 duriusculum
849 603 1208 681 praedicent
1234 608 1299 665 et
1324 605 1395 665 in
1432 603 1866 666 distribuenda
1900 604 2163 682 pecunia
2198 603 2697 683 diligentiorem;

299 703 490 783 idque
517 721 645 764 non
677 702 953 764 accidere
979 703 1093 780 (sic
1129 703 1301 764 enim
1336 702 1470 764 illis
1502 702 1995 781 approbantibus
2018 702 2499 781 interpretabar)
2533 704 2697 765 vicio

300 801 670 875 tenacitatis,
708 800 817 861 sed
856 800 1019 879 quod
1058 800 1338 880 improbe
1373 800 1758 863 instantibus
1795 804 1862 862 et
1896 800 2267 879 vrgentibus
2302 820 2531 880 negare
2569 821 2697 863 non

300 919 516 978 posses
551 900 635 961 ob
669 898 909 977 ingenii
943 899 1402 975 verecundiam,
1433 899 1502 960 in
1543 900 1777 961 amicos
1812 920 1941 961 non
1979 899 2282 961 molestos
2317 899 2531 961 minus
2565 919 2700 962 esse

299 996 645 1077 profusum,
679 996 1182 1075 quandoquidem
1206 999 1485 1077 vtrisque
1512 1018 1642 1060 non
1668 1017 1881 1076 posses
1906 998 2275 1060 satisfacere.
2336 998 2463 1060 Nec
2489 1002 2700 1061 tamen
2727 1018 2789 1068 35

300 1096 454 1180 haec
479 1115 578 1155 res
603 1095 680 1155 ad
708 1114 810 1154 me
836 1095 1124 1173 pertinet,
1161 1096 1269 1175 qui
1297 1116 1653 1174 quanquam
1683 1116 1813 1157 non
1848 1097 1975 1157 sim
2010 1096 2354 1158 admodum
2378 1096 2704 1176 improbus

301 1213 373 1254 ac
400 1194 702 1254 molestus
722 1193 1047 1271 flagitator,
1070 1197 1282 1255 tamen
1303 1197 1366 1255 te
1394 1213 1639 1273 semper
1665 1194 2195 1273 benignissimum
2223 1215 2365 1256 sum
2391 1198 2698 1274 expertus.

302 1292 447 1353 Non
479 1289 674 1368 igitur
712 1290 833 1352 hoc
873 1291 1078 1372 accepi
1117 1313 1156 1354 a
1195 1291 1323 1354 tuis
1363 1292 1900 1369 obtrectatoribus,
1928 1293 2037 1356 sed
2078 1293 2158 1355 ab
2198 1293 2279 1355 iis
2318 1294 2427 1372 qui
2467 1294 2587 1355 tibi
2625 1314 2703 1355 ex

300 1388 517 1450 animo
570 1389 727 1450 bene
780 1389 1020 1451 volunt.
1129 1390 1409 1466 Quorum
1463 1393 1679 1452 tamen
1743 1390 2089 1453 sententiae
2147 1411 2263 1452 nec
2316 1393 2534 1454 accedo
2589 1410 2703 1452 nec

300 1486 592 1565 refragor,
638 1487 764 1548 nisi
810 1488 976 1566 quod
1016 1491 1193 1550 tuam
1233 1488 1303 1549 in
1345 1508 1448 1549 me
1489 1488 1947 1567 benignitatem
1986 1489 2371 1569 singularem
2418 1510 2698 1569 agnosco.
2727 1512 2796 1562 4ο

302 1586 372 1646 Si
399 1585 713 1664 reliquum
738 1585 1033 1664 promissi
1061 1607 1191 1647 non
1217 1586 1572 1665 grauaberis
1597 1587 1761 1662 dare,
1792 1587 2081 1665 equidem
2110 1590 2183 1648 vt
2209 1607 2379 1648 nunc
2406 1607 2506 1648 res
2531 1605 2704 1650 meae

302 1688 468 1759 sunt,
500 1684 801 1763 accipiam
828 1704 954 1745 non
993 1685 1088 1746 vti
1124 1684 1406 1746 debitum
1443 1684 1549 1745 sed
1588 1684 1685 1745 vti
1723 1684 2111 1762 beneficium,
2143 1685 2453 1747 relaturus
2486 1685 2543 1746 si
2579 1704 2703 1762 qua

303 1783 556 1860 possim,
586 1786 750 1844 certe
776 1783 1044 1862 gratiam
1069 1783 1417 1845 habiturus.

388 1881 780 1943 Iniucundus
825 1882 990 1942 mihi
1030 1881 1154 1943 fuit
1189 1881 1483 1959 epistolae
1519 1884 1663 1942 tuae
1704 1880 1870 1957 finis,
1918 1902 2114 1960 quum
2155 1879 2377 1942 scribis
2415 1879 2706 1942 molestia

305 1979 704 2058 negociorum
733 1982 796 2040 te
833 1979 1019 2040 solito
1054 1979 1314 2057 grauius
1349 1979 1578 2040 vexari.
1665 1978 1979 2057 Equidem
2015 1978 2264 2057 cupiam
2300 1980 2365 2038 te
2400 1981 2706 2056 quantum
2731 1998 2794 2048 45

302 2080 509 2156 potest
549 2077 911 2156 longissime
958 2098 995 2139 a
1044 2077 1385 2139 mundanis
1425 2077 1700 2155 negociis
1740 2077 2066 2153 semoueri,
2110 2098 2240 2138 non
2287 2077 2451 2155 quod
2493 2096 2709 2137 verear

305 2193 385 2236 ne
427 2176 704 2237 mundus
743 2175 861 2250 hic,
893 2177 966 2235 vt
1005 2177 1102 2236 est
1139 2176 1451 2251 hamatus‚
1484 2179 1546 2236 te
1585 2173 1710 2237 sibi
1749 2174 2031 2237 vindicet
2067 2169 2139 2236 ac
2179 2194 2408 2235 manus
2446 2172 2701 2248 iniiciat,

304 2272 414 2334 sed
436 2272 601 2350 quod
621 2272 843 2334 malim
862 2272 1032 2334 istud
1054 2273 1395 2351 ingenium,
1416 2273 1606 2334 istam
1627 2272 2066 2352 eloquentiam,
2085 2273 2275 2334 istam
2293 2271 2710 2334 eruditionem

305 2371 377 2431 in
403 2370 676 2432 solidum
704 2371 984 2448 impendi
1012 2371 1283 2433 Christo.
1359 2371 1538 2448 Quod
1576 2371 1633 2433 si
1669 2391 1800 2432 non
1837 2374 2013 2449 potes
2048 2369 2352 2448 explicare
2384 2371 2461 2444 te,
2493 2389 2710 2431 cauen-

305 2470 462 2531 dum
490 2474 705 2532 tamen
732 2490 813 2531 ne
840 2470 1046 2532 indies
1073 2469 1269 2532 altius
1293 2474 1480 2550 atque
1521 2468 1713 2532 altius
1739 2468 2151 2549 immergaris.
2235 2467 2423 2530 Vinci
2452 2468 2711 2529 fortasse
2735 2488 2799 2539 50

306 2567 690 2647 praestiterit
730 2588 918 2646 quam
966 2569 1128 2630 tanti
1174 2588 1383 2630 emere
1424 2568 1773 2630 victoriam.
1859 2567 2209 2629 Maximum
2252 2566 2426 2627 enim
2470 2566 2710 2627 bonum

309 2666 545 2729 mentis
589 2667 1030 2746 tranquillitas.
1115 2669 1329 2746 Atque
1375 2667 1495 2729 hae
1540 2663 1694 2729 sunt
1739 2666 1972 2746 spinae,
2017 2665 2385 2728 diuitiarum
2432 2663 2706 2727 comites.

310 2764 582 2826 Interim
636 2766 1088 2828 maleuolorum
1142 2766 1616 2827 blateramentis
1671 2785 1910 2844 oppone
1965 2768 2198 2826 rectam
2260 2766 2325 2824 et
2381 2781 2709 2842 synceram

311 2865 776 2939 conscientiam,
820 2865 890 2925 in
929 2885 1130 2926 vnum
1171 2864 1359 2926 illum
1399 2867 1464 2925 et
1502 2863 1858 2942 simplicem
1899 2863 2222 2925 Christum
2262 2865 2326 2923 te
2367 2861 2603 2939 collige,
2646 2863 2711 2922 et

311 2965 527 3025 minus
569 2962 849 3024 turbabit
892 2962 1225 3041 multiplex
1278 2962 1573 3023 mundus.
1658 2961 1781 3024 Sed
1836 2961 1984 3040 quid
2039 2981 2153 3040 ego
2205 2980 2314 3022 sus
2360 2960 2712 3021 Mineruam
2736 2981 2796 3033 55

312 3063 519 3138 doceo,
548 3063 613 3122 et
637 3062 924 3138 aegrotus
951 3060 1085 3140 ipse
1108 3060 1351 3121 medico
1378 3059 1617 3121 mederi
1642 3059 1867 3121 studeo
1883 3062 1917 3120 ⁴?
1971 3061 2143 3121 Bene
2169 3059 2326 3133 vale,
2356 3060 2714 3136 praeceptor

311 3161 509 3222 vnice.
595 3158 1043 3236 Cantabrigiae.
1075 3159 1153 3219 V.
1184 3159 1342 3221 Idus
1370 3158 1585 3220 Iulias.

394 3256 661 3319 Absolui
693 3256 1087 3318 collationem
1124 3256 1291 3318 Noui
1314 3256 1742 3331 Testamenti3
1783 3274 1954 3316 nunc
1990 3254 2212 3318 diuum
2250 3254 2716 3332 Hieronymum

314 3355 655 3435 aggredior.
727 3354 864 3431 Quo
891 3355 1169 3416 confecto
1201 3355 1281 3416 ad
1307 3373 1421 3415 vos
1449 3355 1676 3417 reuolo.
1752 3355 1928 3417 Tuus
1953 3374 2023 3416 ac
2049 3374 2192 3415 vere
2219 3357 2369 3416 tuus
2394 3354 2709 3427 alumnus,

315 3455 591 3517 Thomas
617 3454 946 3531 Lupsetus,
978 3472 1211 3531 magno
1236 3453 1399 3513 mihi
1427 3456 1523 3515 est
1551 3455 1617 3513 et
1640 3453 1785 3514 vsui
1820 3456 1883 3514 et
1921 3451 2377 3514 oblectamento
2404 3451 2715 3514 cotidiana
2736 3458 2803 3511 60

1346 3609 1673 3670 36.sumH.

382 3752 465 3797 44.
499 3735 750 3785 molestia
783 3731 1151 3796 negociorum]
1181 3732 1313 3780 This
1345 3746 1464 3795 pro-
1566 3734 1622 3781 to
1656 3730 1979 3795 Cambridge
2010 3733 2071 3781 in
2104 3732 2228 3782 Feb.
2257 3746 2383 3794 1514
2407 3732 2531 3798 (ΕΡ.
2567 3732 2666 3781 206
2693 3767 2707 3781 .

318 3801 479 3864 bsbly
496 3800 665 3851 refers
681 3802 739 3849 to
761 3799 857 3848 the
877 3797 1175 3861 beginning
1194 3798 1255 3847 of
1269 3795 1466 3847 Colet’s
1567 3797 1638 3846 In
1671 3798 1787 3847 Oct.
1815 3811 1943 3859 1515
1971 3797 2042 3846 he
2072 3797 2450 3861 accompanied
2485 3798 2621 3847 Pace

316 3867 530 3918 trouble
562 3865 700 3914 with
741 3863 1046 3926 Fitzjames,
1079 3864 1205 3912 who
1248 3862 1465 3912 delated
1565 3863 1732 3927 Italy,
1758 3864 1857 3912 but
1880 3862 1990 3911 had
2012 3864 2271 3913 returned
2296 3865 2367 3926 by
2386 3865 2532 3913 June
2559 3864 2714 3925 1516;

317 3934 440 3985 him
476 3933 561 3982 for
590 3932 785 3993 heresy
815 3929 996 3979 before
1028 3927 1308 3978 Warham.
1379 3928 1460 3978 Of.
1567 3928 1675 3977 and
1712 3929 1761 3976 is
1790 3929 2021 3992 perhaps
2048 3931 2105 3977 to
2135 3930 2200 3978 be
2235 3928 2405 3979 found
2434 3931 2493 3977 at
2513 3927 2713 3979 Oxford

318 3999 490 4051 Lond.
534 4012 624 4047 xv.
664 4012 736 4058 14,
774 3995 881 4045 LB.
919 4008 1029 4056 435,
1071 3993 1182 4043 and
1217 3994 1312 4056 Ep.
1350 3994 1465 4054 ⁹7⁸·
1566 4008 1638 4042 on
1679 4008 1739 4054 31
1780 3993 1905 4044 Dec.
1947 3995 2214 4059 (Bloxam,
2252 3999 2458 4055 Roaiam
2488 3998 2545 4055 os
2577 3997 2713 4055 Πασ-
2776 4035 2788 4046 .

318 4067 420 4116 See
453 4064 568 4115 also
603 4062 767 4112 ΕΗΒ.
804 4061 936 4111 xvii.
974 4061 1142 4122 soa-6
1175 4058 1259 4108 for
1291 4073 1325 4107 a
1357 4058 1467 4107 dis·
1563 4062 1704 4108 delen
1727 4063 1828 4109 0011.
1859 4062 2050 4120 Ooesord,
2066 4074 2148 4108 111
2174 4074 2228 4123 p.
2251 4075 2311 4121 74
2337 4061 2432 4125 n.).
2501 4059 2571 4107 In
2593 4074 2717 4122 1517

318 4132 534 4182 cussion
557 4128 620 4179 of
636 4130 731 4177 the
755 4127 1017 4177 incident.
1567 4125 1639 4173 he
1670 4128 1820 4174 went
1854 4127 1912 4175 to
1934 4125 2089 4175 Paris
2113 4128 2169 4175 to
2202 4126 2383 4188 study,
2408 4125 2519 4174 and
2549 4125 2717 4174 while

380 4199 464 4247 60.
489 4193 780 4260 Lupsetus]
789 4192 1025 4242 Thomas
1034 4189 1400 4254 Lupset(1498
1409 4192 1469 4238 ⁸?—
1569 4189 1727 4239 there
1755 4190 1911 4240 acted
1941 4205 2000 4241 as
2027 4193 2290 4240 corrector
2317 4191 2398 4239 for
2419 4190 2515 4240 the
2546 4204 2712 4253 prees,

320 4278 366 4315 o.
379 4263 501 4312 Dec.
519 4254 1463 4371 1530),sonofa1.ondongo›ldsmith.
1568 4256 1912 4319 supervising
1933 4256 2029 4305 the
2049 4256 2299 4319 printing
2320 4255 2379 4305 of
2399 4254 2497 4304 the
2519 4254 2716 4305 second

323 4328 410 4378 He
447 4342 559 4376 was
596 4342 629 4376 a
667 4324 935 4375 favourite
972 4322 1110 4371 with
1222 4320 1316 4383 let,
1359 4320 1470 4369 and
1568 4321 1778 4370 edition
1838 4322 1900 4371 of
1959 4322 2055 4371 the
2119 4325 2286 4381 Utopia
2341 4320 2711 4385 (Gourmont).

322 4407 435 4442 was
448 4406 551 4441 one
565 4391 623 4441 of
631 4392 727 4442 the
741 4391 860 4440 first
873 4389 1111 4439 scholars
1123 4389 1182 4436 at
1194 4388 1274 4437 St.
1290 4385 1471 4436 Paul's
1569 4386 1732 4436 After
1758 4387 2041 4450 becoming
2066 4386 2197 4435 BA.
2219 4389 2277 4435 at
2301 4385 2451 4436 Paris
2482 4386 2541 4434 in
2570 4399 2712 4449 1519,

322 4457 526 4507 school.
592 4456 745 4507 colet
767 4456 904 4506 then
933 4456 1058 4504 sent
1077 4453 1198 4503 him
1233 4455 1292 4502 to
1313 4453 1469 4502 Pem·
1570 4452 1639 4502 he
1659 4466 1773 4501 was
1792 4453 2086 4515 appointed
2107 4453 2170 4500 in
2199 4453 2294 4501 the
2326 4466 2474 4501 same
2503 4465 2634 4515 year
2660 4454 2718 4501 to

324 4523 492 4573 broke
536 4521 669 4571 Hau
712 4524 772 4571 st
805 4519 1143 4583 Cambridge,
1185 4519 1368 4568 where
1413 4519 1470 4566 at
1568 4517 1791 4567 succeed
1843 4518 1992 4567 John
2046 4517 2294 4567 clement
2350 4532 2409 4567 ss
2455 4515 2718 4580 Wolsey's

324 4589 441 4639 this
476 4589 610 4637 time
646 4587 718 4635 he
755 4585 945 4649 passed
988 4585 1167 4634 under
1201 4580 1471 4633 Erasmus’
1570 4585 1832 4633 Lecturer
1851 4584 1913 4631 in
1936 4584 2115 4645 Latin,
2135 4582 2245 4631 and
2265 4584 2498 4646 perhaps
2518 4582 2633 4632 also
2657 4584 2719 4632 in

323 4654 615 4704 influence.
686 4652 774 4702 He
818 4652 867 4701 is
904 4650 1144 4714 possibly
1181 4650 1472 4712 returning
1573 4648 1763 4711 Greek,
1791 4652 1849 4698 at
1865 4648 2080 4711 otford,
2096 4647 2207 4697 and
2229 4648 2418 4700 whilst
2438 4649 2595 4699 there
2608 4663 2721 4698 was
