3355 5380
718 305 837 362 4⁷6
1422 298 1800 363 LETTERS
1852 299 1961 361 oF
2013 297 2410 362 ERASHUS
2923 297 3112 382 [1511

632 473 690 523 ²5
717 457 927 519 verius
954 476 1144 536 quam
1172 459 1247 519 tu
1284 456 1487 520 dicere
1523 476 1795 535 pomum,
1827 458 2046 537 χάλκεα
2079 456 2370 537 χρυσείων,
2402 455 2569 535 quod
2604 476 2869 519 aeneum
2888 458 3127 520 vinum

714 556 939 632 aureis,
961 555 1160 617 immo
1198 555 1631 636 smaragdinis,
1674 555 1876 617 immo
1912 574 2079 628 auro,
2120 554 2374 633 lapillis,
2404 557 2470 616 et
2510 555 2785 616 metallis
2823 557 3131 618 omnibus

716 652 1191 731 preciosioribus
1235 652 1616 715 carminibus
1660 652 2168 732 permutauerim.
2262 652 2384 715 Sed
2430 652 2758 731 improbus
2802 672 2947 715 sum
3001 675 3128 716 nec

715 750 963 830 ingenti
987 752 1107 813 hoc
1132 752 1306 813 lucro
1330 753 1665 816 contentus
1689 773 1706 827 3
1746 771 1894 813 nam
1921 751 1979 813 si
2004 751 2295 829 lagenam
2320 770 2511 829 quam
2537 771 2803 814 vacuam
2820 752 3121 824 remittis,

713 849 986 928 recipere
1010 852 1242 928 potero,
1276 850 1625 912 animatam
1650 849 1881 912 iubebo
1911 850 1990 912 ad
2024 853 2090 910 te
2125 849 2246 911 iter
2279 849 2578 924 remetiri,
2609 853 2683 911 vt
2716 850 2998 927 experiar
3036 870 3125 911 an

631 963 695 1013 30
715 948 874 1012 alios
911 948 1148 1026 possim
1191 948 1529 1010 versiculos
1571 947 1831 1021 elicere;
1886 948 1997 1027 qui
2033 947 2154 1009 etsi
2194 947 2605 1024 mentiantur,
2650 948 3128 1027 elegantioeime

718 1052 933 1111 tamen
959 1050 1211 1110 canunt.

800 1146 1044 1209 Literas
1096 1148 1239 1206 tuas
1287 1144 1562 1207 Domino
1605 1143 2051 1206 Vuintoniensi
2106 1150 2171 1205 et
2212 1143 2630 1206 Dunelmensi
2673 1144 2843 1205 intra
2886 1162 3131 1222 paucos

718 1244 854 1306 dies
899 1244 968 1304 in
1010 1262 1272 1304 manum
1312 1263 1491 1320 spero
1532 1262 1636 1303 me
1675 1242 2110 1317 redditurum;
2156 1242 2322 1320 quod
2363 1243 2423 1303 si
2460 1260 2601 1304 mea
2637 1242 2917 1305 oratione
2957 1262 3130 1304 com·

719 1341 1171 1403 mendatiorem
1212 1344 1277 1402 te
1316 1340 1448 1402 illis
1481 1341 1684 1401 facere
1724 1343 1959 1418 potero,
1993 1339 2203 1418 ipsum
2237 1340 2521 1400 Tullium
2559 1340 2826 1402 vincam.
2914 1340 3124 1417 Quem

630 1453 693 1505 35
717 1440 887 1501 enim
932 1440 1223 1517 quamuis
1268 1438 1576 1501 infantem
1619 1442 1750 1499 tam
1797 1438 1961 1498 bona
2002 1456 2187 1498 causa
2226 1458 2354 1499 non
2401 1437 2590 1499 modo
2633 1438 2959 1515 disertum,
3008 1439 3125 1499 sed

719 1537 912 1599 etiam
954 1537 1354 1616 eloquentem
1391 1556 1518 1599 non
1557 1537 1844 1598 redderet
1860 1538 1895 1596 ’ἓ
1975 1535 2070 1596 De
2105 1535 2290 1596 rebus
2318 1535 2562 1597 Italicis
2595 1536 2749 1599 haec
2783 1536 3116 1600 habentur.

718 1636 1046 1714 Hispanus
1075 1637 1360 1714 apertum
1387 1625 1836 1713 propemedum
1862 1653 2007 1696 cum
2026 1633 2209 1696 Gallo
2236 1633 2477 1696 bellum
2512 1635 2691 1714 gerit,
2717 1635 2895 1697 cuius
2919 1634 3127 1714 Angli

721 1754 851 1798 non
887 1737 1090 1810 erunt,
1125 1737 1197 1795 vt
1233 1733 1578 1809 coniicitur,
1612 1733 2051 1795 tantummodo
2091 1735 2481 1811 spectatores.
2570 1731 2774 1794 Iulius
2801 1732 3123 1795 Maximus

578 1895 584 1901 ,
720 1832 796 1894 ad
839 1834 1149 1910 templum
1197 1831 1499 1910 Deiparae
1542 1831 1611 1891 in
1657 1831 1922 1892 Laureto
1963 1851 2032 1892 se
2073 1829 2343 1892 contulit
2382 1832 2654 1892 salutem
2695 1851 2878 1893 suam
2918 1830 3126 1892 Dium

628 1944 695 1997 40
721 1932 1160 2010 gratulaturus.
1260 1929 1488 1990 Veneti
1514 1949 1701 2006 supra
1728 1930 2121 2008 quingentos,
2156 1929 2244 1990 sic
2273 1929 2489 2006 fertur,
2523 1928 2856 1990 Gallorum
2883 1927 3129 2005 equites

720 2048 796 2089 ex
836 2027 1086 2089 insidiis
1124 2027 1425 2089 deleuere.
1543 2026 1895 2104 Imperator
1938 2026 2029 2087 ita
2068 2026 2258 2106 friget
2296 2029 2370 2087 vt
2418 2046 2496 2087 ex
2542 2026 2676 2088 suis
2717 2025 3125 2104 hypocaustis

719 2126 966 2205 prodire
993 2144 1120 2187 non
1147 2125 1389 2186 audeat.
1476 2124 1826 2185 Florentini
1852 2123 2190 2202 Pisanique
2227 2123 2383 2185 diris
2419 2123 2935 2186 detestationibus
2968 2126 3123 2184 sunt

718 2224 859 2300 acti,
909 2224 1074 2303 quod
1129 2221 1616 2285 conciliabulum
1670 2221 2082 2283 schismaticis
2135 2222 2265 2282 illis
2312 2222 2748 2284 cardinalibus
2800 2221 3119 2301 praebent.

722 2320 1071 2384 Cardinalis
1098 2320 1424 2399 Rheginus
1450 2320 1520 2381 in
1546 2320 1675 2381 fata
1702 2320 2018 2396 concessit.

631 2438 695 2488 45
804 2419 934 2482 Nos
971 2419 1074 2480 hic
1118 2418 1186 2479 in
1225 2420 1494 2497 gratiam
1536 2439 1682 2480 cum
1720 2421 1895 2497 peste
1934 2417 2219 2480 nondum
2258 2416 2620 2480 rediuimus.
2707 2419 2844 2498 Ego
2875 2418 2945 2479 in
2987 2418 3127 2480 Col·

721 2516 954 2596 legium
996 2516 1129 2578 diui
1171 2517 1450 2578 Thomae
1492 2517 1749 2578 tandem
1796 2516 2170 2594 immigraui,
2216 2516 2322 2577 vbi
2363 2536 2508 2578 sum
2551 2516 2749 2578 nihilo
2790 2516 2992 2596 magis
3046 2537 3128 2577 ex

722 2615 1031 2678 sententia
1065 2634 1206 2675 mea
1241 2635 1429 2694 quam
1468 2615 1631 2694 apud
1670 2614 1936 2676 Morum.
1999 2614 2143 2675 Non
2180 2614 2363 2676 video
2394 2618 2495 2693 τῆς
2523 2617 2757 2694 ἁρπυίας
2780 2617 2848 2677 τὸ
2875 2616 3126 2697 ἀγκύλον

718 2715 971 2792 ῥάμφος·
1013 2713 1123 2775 sed
1157 2715 1378 2775 multis
1413 2713 1556 2775 aliis
1580 2713 1875 2787 offendor,
1901 2718 1971 2774 vt
2007 2713 2297 2789 nesciam,
2324 2713 2414 2775 ita
2441 2733 2545 2774 me
2579 2714 2750 2777 Deus
2784 2718 2968 2791 amet,
2999 2736 3134 2794 quo

721 2812 792 2873 in
812 2810 1048 2889 Anglia
1072 2813 1198 2874 iam
1225 2815 1408 2890 pacto
1434 2813 1558 2874 sim
1584 2812 1882 2874 victurus.
1955 2812 2245 2873 Primum
2271 2812 2435 2891 apud
2459 2817 2703 2876 nostros
2729 2817 3121 2891 mercatores,

636 2932 701 2982 50
723 2908 888 2986 quod
924 2910 1137 2971 animo
1173 2931 1315 2972 meo
1353 2913 1599 2989 gratum
1636 2913 1817 2984 esset,
1849 2910 2109 2972 honeste
2146 2931 2247 2972 me
2285 2915 2520 2989 negant
2554 2932 2688 2974 esse
2723 2932 2941 2992 posse;
2982 2917 3126 2975 tum

723 3007 990 3069 istorum
1044 3011 1258 3071 sordes
1311 3029 1465 3088 quas
1517 3008 1644 3069 iam
1700 3008 1856 3070 satis
1909 3028 2051 3069 sum
2104 3012 2410 3086 expertus,
2461 3011 2619 3072 mihi
2676 3012 2935 3073 omnino
2989 3031 3123 3073 non

725 3105 1006 3184 placent:
1053 3107 1311 3168 domum
1354 3126 1501 3168 vero
1545 3107 1880 3167 conducere
1922 3108 1986 3167 et
2026 3111 2096 3167 vt
2137 3106 2332 3167 velim
2373 3107 2587 3168 viuere
2626 3113 2954 3187 paupertas
2992 3129 3125 3171 non

723 3204 899 3266 sinit.
980 3204 1102 3267 Sed
1131 3208 1202 3266 vt
1228 3204 1345 3266 hoc
1368 3204 1643 3266 taedium
1669 3204 1919 3282 pellam,
1945 3224 2059 3282 ego
2085 3225 2329 3283 quoque
2354 3205 2658 3283 poetabor.

1050 3330 1165 3391 Vis
1205 3334 1397 3406 tanta,
1445 3330 1720 3404 Erasme,
1759 3329 2054 3390 carminis
2095 3331 2216 3391 fuit
2256 3330 2367 3407 tui,

640 3447 700 3497 55
1041 3425 1337 3507 Ἀμουσον
1377 3433 1447 3489 vt
1489 3450 1591 3490 me
1633 3448 1885 3505 prorsus
1924 3431 1986 3487 et
2027 3427 2299 3505 lapidem
2342 3449 2590 3490 merum

727 3587 809 3636 32.
845 3573 1079 3624 Domino
1100 3578 1178 3623 E:
1209 3578 1457 3641 episeopo
1476 3580 1542 3628 H.
1708 3576 1786 3636 48.
1825 3573 2011 3638 ῥάμφος
2031 3580 2229 3636 act-epm
2263 3574 2451 3639 ῥόμφον
2473 3581 2533 3626 Ε.
2689 3591 2769 3640 55.
2807 3590 2895 3626 me
2917 3581 3034 3627 add.
3059 3582 3120 3627 F.

792 3703 874 3750 37.
912 3690 1212 3754 Hispanus]
1233 3692 1542 3741 Ferdinand
1564 3691 1624 3741 of
1638 3693 1871 3755 Aragon,
1980 3691 2083 3740 For
2104 3692 2424 3755 supporting
2452 3693 2497 3740 it
2518 3692 2699 3741 Julius
2731 3692 2845 3743 laid
2869 3692 3126 3743 Florenoe

730 3769 854 3804 now
889 3755 1021 3818 king
1049 3757 1110 3806 of
1142 3756 1235 3806 the
1267 3757 1530 3807 southern
1564 3757 1876 3807 dominions
1977 3757 2154 3806 under
2174 3771 2247 3805 an
2270 3757 2547 3807 interdict.

730 3820 790 3868 of
799 3819 1010 3882 Naples.
1070 3821 1172 3871 For
1182 3823 1334 3873 these
1348 3826 1638 3872 eventssee
1656 3823 1874 3885 Creigh·
2042 3839 2124 3884 44.
2160 3822 2462 3900 Rheginus]
2498 3824 2656 3873 Peter
2690 3823 2950 3887 Isuaglies
2981 3822 3040 3886 (ἡ-
3057 3840 3125 3873 22

730 3889 844 3941 ton,
866 3885 939 3935 iv.
964 3900 1072 3948 133.
1977 3888 2121 3950 Sept.
2151 3889 2320 3951 1511),
2345 3904 2377 3937 a
2407 3888 2651 3950 Siciliam
2676 3890 2804 3939 who
2825 3904 2935 3939 was
2966 3889 3125 3939 made

795 3965 877 4013 39.
913 3952 1142 4001 Lam-eto
1240 3953 1507 4017 Probably
1569 3968 1642 4003 an
1709 3966 1871 4003 error.
1976 3953 2255 4003 Governor
2299 3952 2359 4002 of
2396 3953 2562 4004 Rome
2604 3954 2676 4017 by
2717 3955 3030 4005 Alexander
3065 3969 3127 4005 vt

732 4016 942 4066 Marino
977 4018 1125 4066 Sanu
1164 4032 1194 4066 o
1236 4018 1380 4079 (xiii.
1414 4018 1500 4081 76)
1538 4017 1718 4067 shows
1751 4018 1873 4067 that
1976 4020 2037 4067 in
2092 4020 2232 4082 1496,
2279 4019 2418 4081 Abp.
2471 4020 2531 4068 of
2575 4018 2775 4083 Reggio
2825 4036 2963 4083 1497,
3012 4021 3125 4070 and

733 4082 825 4131 the
844 4083 985 4146 Pope
1002 4084 1153 4131 went
1174 4085 1231 4133 to
1253 4085 1441 4132 return
1464 4083 1665 4132 thanks
1682 4084 1764 4132 for
1784 4084 1874 4132 his
1975 4084 2233 4133 Gardinal
2255 4097 2398 4144 1500.
2458 4084 2526 4134 In
2546 4098 2671 4146 15¹0
2684 4086 2753 4134 he
2775 4100 2886 4135 was
2908 4086 3125 4137 created

732 4163 982 4211 recovery
1013 4151 1072 4197 at
1105 4148 1219 4199 Sta.
1245 4148 1417 4198 Maria
1447 4148 1538 4198 del
1570 4149 1771 4212 Popolo
1803 4164 1875 4198 on
1974 4150 2114 4213 Abp.
2154 4148 2215 4198 of
2246 4150 2496 4201 Messius.
2571 4151 2669 4200 See
2705 4152 2999 4214 Ciaoonius,
3039 4153 3122 4201 iii.

730 4215 844 4264 Oct.
869 4228 935 4276 53
969 4216 1066 4263 but
1096 4215 1166 4263 he
1194 4214 1322 4263 does
1351 4217 1449 4264 not
1476 4228 1621 4263 seem
1652 4216 1710 4264 to
1735 4214 1874 4264 have
1980 4230 2089 4277 195,
2113 4214 2222 4263 and
2246 4215 2541 4266 Burchard.

733 4278 832 4329 left
869 4279 966 4329 the
1006 4279 1450 4344 neighbourhood
1488 4279 1550 4328 of
1586 4280 1752 4330 Rome
1792 4280 1876 4329 for
2040 4296 2121 4341 47.
2155 4279 2375 4344 ‹ipa-vim]
2398 4281 2487 4330 An
2510 4281 2797 4345 ungallant
2814 4281 3047 4332 allusion
3066 4285 3126 4332 to

731 4360 877 4396 some
898 4346 1120 4396 months
1134 4346 1276 4396 after
1291 4345 1380 4395 his
1396 4344 1603 4396 illness.
1655 4346 1876 4396 Sanudo
1976 4344 2167 4395 More's
2199 4346 2398 4395 second
2431 4347 2573 4410 wife,
2606 4348 2731 4398 who
2762 4361 2951 4408 seems,
2982 4348 3125 4398 from

733 4411 1010 4462 mentions
1030 4428 1062 4461 a
1083 4412 1213 4461 visit
1235 4413 1291 4461 to
1313 4412 1534 4461 Loretto
1555 4412 1616 4459 in
1638 4411 1801 4463 June.
1977 4409 2148 4461 Lond.
2182 4411 2299 4462 viii.
2340 4426 2418 4472 14,
2454 4412 2561 4462 LB.
2602 4426 2710 4475 133,
2748 4417 2844 4463 not
2890 4416 2948 4463 to
2986 4413 3127 4463 have

798 4492 880 4539 ⁴¹·
916 4479 1030 4527 suis
1052 4477 1397 4541 hypocaustis
1448 4478 1738 4540 Ger-many.
1974 4476 2267 4526 welcomed
2302 4476 2403 4526 her
2423 4478 2716 4528 husband's
2745 4478 2973 4529 friends.
3042 4478 3123 4529 Cf.

798 4558 879 4605 43.
914 4541 1361 4605 conciliabulum]
1479 4559 1509 4592 e
1554 4543 1876 4593 Schismatic
1977 4541 2073 4604 Ep.
2097 4556 2211 4592 ωε.
2236 4557 2297 4603 31
2324 4557 2380 4591 n.

732 4608 956 4659 Council
981 4609 1190 4673 opened
1219 4612 1277 4658 at
1308 4609 1432 4659 Pisa
1462 4611 1521 4658 in
1553 4610 1700 4672 Sept.
1730 4623 1872 4671 1511.
2040 4622 2121 4670 5¹·
2157 4608 2409 4673 istorum]
2434 4609 2514 4659 Cf.
2539 4609 2636 4673 Ep.
2661 4623 2774 4672 ²43·
2797 4623 2862 4671 55
2884 4624 2941 4660 n.
