3355 5380
304 362 489 445 1514]
951 365 1059 425 ΤΟ
1115 364 1601 427 SERVATIUS
1653 364 2054 427 ROGERUS
2586 368 2704 426 567

288 522 497 602 gloria
567 526 679 583 nec
745 520 1071 582 tantillum
1152 526 1392 599 tangor.
1503 521 1964 600 Voluptatibus,
2036 522 2158 582 etsi
2227 522 2547 599 quondam
2615 523 2710 583 fui

300 622 656 695 inclinatus,
721 640 1046 698 nunquam
1112 620 1361 680 seruiui.
1478 619 1813 697 crapulam
1890 623 1956 681 et
2024 620 2386 681 ebrietatem
2463 641 2712 699 semper

299 721 520 782 horrui
575 719 851 797 fugique.
939 718 1197 794 Quoties
1257 720 1471 778 autem
1529 718 1883 797 cogitabam
1952 718 2031 779 de
2093 716 2429 795 repetendo
2492 723 2708 780 contu·
2736 735 2797 786 55

295 818 518 881 bernio
558 820 786 893 vestro,
827 816 1225 877 succurrebat
1265 815 1508 877 inuidia
1547 818 1911 891 multorum,
1958 818 2357 895 contemptus
2396 816 2702 894 omnium,

292 915 615 994 colloquia
641 934 832 994 quam
868 914 1114 992 frigida,
1157 934 1349 993 quam
1375 914 1605 992 inepta,
1641 935 1835 993 quam
1874 935 2002 976 non
2031 915 2335 993 sapientia
2362 915 2709 990 Christum,

297 1015 593 1077 conuiuia
639 1032 824 1092 quam
884 1012 1078 1086 laica;
1141 1012 1410 1090 denique
1466 1016 1598 1074 tota
1651 1014 1819 1074 vitae
1874 1013 2045 1088 ratio,
2106 1015 2209 1073 cui
2261 1014 2318 1073 si
2374 1013 2711 1076 detraxeris

295 1110 732 1185 caeremonias,
799 1129 929 1170 non
997 1110 1178 1170 video
1247 1108 1399 1187 quid
1469 1108 1792 1188 relinquas
1857 1108 2293 1187 expetendum.
2381 1109 2710 1170 Postremo

294 1209 697 1273 succurrebat
754 1208 1032 1286 corporis
1086 1208 1500 1282 imbecillitas,
1558 1227 1718 1286 quae
1772 1208 1900 1269 iam
1954 1211 2157 1270 aetate
2211 1211 2276 1269 et
2346 1208 2586 1268 morbis
2638 1229 2709 1269 ac
2735 1216 2802 1267 60

297 1310 617 1371 laboribus
658 1312 839 1370 aucta
878 1309 989 1382 est,
1034 1327 1191 1384 quae
1232 1305 1382 1367 facit
1421 1310 1494 1366 vt
1534 1326 1649 1367 nec
1698 1306 1880 1367 vobis
1925 1306 2364 1369 satisfacturus
2402 1325 2604 1368 essem
2643 1309 2711 1368 et

300 1407 612 1485 meipsum
681 1407 1047 1467 occiderem.
1129 1405 1269 1466 Iam
1331 1404 1519 1466 annis
1574 1404 1815 1482 aliquot
1872 1404 2180 1466 obnoxius
2247 1425 2390 1466 sum
2448 1404 2704 1480 calculo,

299 1506 477 1583 graui
526 1526 676 1566 sane
722 1504 890 1566 malo
938 1507 1004 1564 et
1059 1502 1325 1580 capitali.
1443 1503 1584 1563 Iam
1632 1502 1819 1564 annis
1871 1503 2113 1581 aliquot
2167 1503 2332 1564 nihil
2386 1503 2535 1564 bibo
2585 1503 2710 1565 nisi

297 1606 541 1680 vinum,
588 1624 788 1681 neque
841 1602 1109 1681 quoduis
1163 1603 1405 1677 vinum,
1465 1600 1654 1679 idque
1711 1605 1968 1678 cogente
2023 1601 2260 1675 morbo.
2375 1601 2521 1662 Non
2576 1602 2709 1662 fero

293 1703 591 1781 quemuis
657 1702 888 1776 cibum,
963 1720 1078 1761 nec
1144 1700 1388 1761 coelum
1453 1699 1712 1778 quidem
1774 1700 2115 1778 quodlibet.
2231 1699 2397 1761 Nam
2452 1699 2711 1761 morbus
2733 1700 2799 1766 65

294 1801 401 1861 hic
437 1800 617 1861 facile
645 1818 970 1861 recurrens
1006 1799 1349 1859 maximam
1390 1797 1668 1875 postulat
1704 1798 1873 1859 vitae
1904 1797 2424 1872 moderationem;
2464 1800 2530 1858 et
2557 1799 2711 1860 noui

296 1897 543 1959 coelum
594 1898 1056 1972 Hellandicum‚
1105 1897 1260 1957 noui
1302 1897 1510 1958 victus
1563 1896 1760 1958 vestri
1802 1897 2126 1973 rationem,
2176 1898 2249 1956 vt
2302 1896 2379 1957 de
2427 1897 2708 1958 moribus

299 1996 462 2056 nihil
518 1996 739 2057 dicam.
845 1995 1070 2073 Itaque
1123 1994 1178 2055 si
1236 1994 1555 2066 redissem,
1615 1993 1781 2055 nihil
1834 1993 2007 2055 aliud
2062 1994 2324 2055 fuissem
2385 1997 2709 2056 assecutus

297 2094 423 2155 nisi
464 2095 631 2172 quod
672 2093 853 2155 vobis
892 2093 1251 2155 molestiam
1293 2092 1647 2155 attulissem
1688 2096 1753 2153 et
1796 2093 1959 2154 mihi
2001 2096 2289 2154 mortem.

379 2191 501 2253 Sed
550 2195 623 2253 tu
666 2192 931 2253 forsitan
985 2191 1219 2252 bonam
1272 2191 1648 2253 foelicitatis·
1680 2194 1925 2268 partem
1980 2191 2299 2253 existimas
2353 2192 2523 2253 inter
2567 2212 2708 2254 con·
2735 2204 2798 2258 70

293 2291 518 2353 fratres
564 2292 781 2351 emori.
867 2291 960 2351 At
1005 2290 1170 2351 fallit
1217 2292 1281 2350 et
1326 2290 1599 2368 imponit
1639 2291 1762 2351 ista
1805 2290 2126 2367 persuasio
2168 2310 2297 2351 non
2337 2291 2545 2352 solum
2587 2290 2707 2351 tibi

293 2388 713 2451 verumetiam
763 2389 1213 2467 propemodum
1266 2388 1600 2450 vniuersis.
1690 2389 1773 2449 In
1822 2389 1973 2459 loco,
2023 2388 2092 2449 in
2148 2389 2339 2464 cultu,
2392 2388 2461 2449 in
2509 2389 2702 2464 victu,

294 2487 366 2548 in
434 2487 904 2549 caeremoniolis
970 2487 1345 2566 quibusdam
1415 2487 1742 2549 Christum
1808 2489 1873 2547 et
1938 2486 2237 2565 pietatem
2306 2487 2699 2551 collocamus.

294 2589 534 2649 Actum
574 2590 874 2665 putamus
916 2586 991 2646 de
1032 2586 1144 2646 illo
1185 2586 1299 2664 qui
1336 2589 1581 2647 vestem
1623 2586 1834 2646 albam
1878 2586 2281 2646 commutarit
2321 2584 2391 2644 in
2433 2583 2697 2662 nigram,

287 2689 403 2748 aut
441 2685 552 2765 qui
592 2684 911 2748 cucullum
947 2684 1111 2764 pileo
1146 2683 1421 2760 verterit,
1459 2684 1570 2764 qui
1605 2684 1813 2746 locum
1856 2683 2122 2745 subinde
2162 2685 2385 2745 mutet.
2471 2683 2702 2744 Ausim
2732 2697 2793 2752 75

293 2785 454 2846 illud
496 2786 717 2859 dicere,
766 2803 1060 2862 magnam
1090 2784 1484 2845 Christianae
1539 2783 1795 2861 pietatis
1849 2782 2189 2859 perniciem
2237 2802 2315 2843 ex
2358 2782 2501 2843 istis
2549 2802 2704 2860 quas

291 2888 520 2945 vocant
545 2882 951 2962 religionibus
975 2884 1257 2943 exortam
1281 2902 1435 2957 esse,
1467 2882 1722 2942 tametsi
1748 2882 1856 2959 pio
1882 2881 2164 2942 fortassis
2189 2881 2400 2942 studio
2426 2882 2702 2959 primum

292 2981 583 3044 inductae
637 2984 807 3043 sunt.
900 2980 1139 3041 Deinde
1194 2979 1502 3058 paulatim
1558 2981 1892 3040 creuerunt
1936 2982 2002 3040 et
2057 2979 2125 3040 in
2180 2998 2291 3040 sex
2352 2979 2531 3040 milia
2584 2979 2703 3040 dis-

285 3081 637 3150 criminum
699 3099 835 3141 sese
894 3081 1275 3156 sparserunt.
1362 3078 1646 3139 Accessit
1704 3097 2102 3139 summorum
2160 3077 2545 3139 Pontificum
2600 3097 2702 3139 au·

293 3180 511 3240 toritas
562 3179 837 3239 nimium
887 3177 964 3237 ad
1021 3177 1226 3237 multa
1279 3175 1483 3236 facilis
1539 3179 1603 3237 et
1656 3177 2008 3254 indulgens.
2098 3176 2262 3252 Quid
2317 3176 2488 3236 enim
2544 3176 2703 3237 laxis
2729 3181 2794 3228 80

294 3277 434 3338 istis
464 3276 872 3356 religionibus
897 3274 1367 3352 conspurcatius
1394 3277 1502 3335 aut
1529 3274 1731 3352 magis
1767 3275 2036 3351 impium
2057 3275 2090 3335 ¹?
2146 3273 2392 3346 Iamad
2421 3275 2704 3335 laudatas

288 3376 352 3435 si
407 3380 471 3436 te
518 3376 813 3450 conferas,
866 3374 994 3434 imo
1038 3373 1118 3434 ad
1164 3372 1642 3448 laudatissimae,
1693 3375 1935 3450 praeter
1976 3372 2236 3451 frigidas
2291 3372 2589 3449 quasdam
2637 3377 2699 3434 et

358 3495 439 3542 53.
471 3481 778 3542 tantillum,
809 3484 946 3528 alitor
974 3479 1254 3528 tantulum
1289 3480 1363 3531 B:
1407 3478 1694 3527 tantillum
1727 3495 1798 3541 γι
1836 3477 2119 3526 tantulum
2149 3479 2226 3528 αδ.
2426 3479 2529 3526 etsi
2561 3479 2701 3540 βγδε

293 3550 353 3596 vt
377 3549 425 3597 si
447 3564 496 3597 c.
651 3545 928 3610 quondam
951 3546 1048 3598 αβδ
1070 3563 1082 3593 :
1115 3543 1333 3607 quando
1353 3560 1407 3605 γ.
1560 3543 1642 3592 tui
1666 3561 1770 3605 ‘²7²
1802 3558 1924 3593 sum
1946 3545 2029 3598 βδ.
2195 3558 2279 3604 54.
2314 3542 2615 3592 inclinatus
2634 3560 2701 3592 a:

294 3614 616 3674 inquinatus
635 3615 672 3668 β
711 3614 754 3662 δ.
823 3614 879 3660 et
901 3626 993 3660 om.
1012 3628 1097 3673 αγ.
1167 3624 1247 3671 55.
1286 3611 1469 3659 autem
1492 3624 1654 3671 omar.
1736 3609 1819 3670 58.
1858 3609 1905 3657 si
1932 3644 1947 3659 .
1966 3644 1979 3659 .
2044 3623 2125 3671 59.
2165 3608 2532 3671 expetendum
2555 3610 2696 3671 αβγε

292 3677 355 3741 ὴν
397 3678 598 3742 ὀφαὶρῃς
641 3696 671 3725 τ
705 3696 728 3728 ς
769 3676 830 3726 ὥς
874 3676 1079 3725 καλοῦσι
1128 3674 1443 3738 κωρεμονίας,
1497 3674 1586 3723 οὐκ
1639 3670 1749 3722 οἶδα,
1804 3692 1852 3721 τι
1908 3673 1970 3723 ἂν
2023 3672 2299 3724 ἀπολείποις
2354 3672 2601 3736 εξάιρετον
2657 3675 2700 3724 δ.

285 3745 373 3793 60.
396 3748 452 3793 et
469 3760 558 3794 om.
575 3762 629 3806 γ.
694 3759 757 3793 ac
777 3743 901 3805 ⁰7³²
926 3744 981 3791 et
998 3743 1051 3796 β.
1115 3744 1195 3803 63.
1221 3755 1349 3790 sane
1365 3742 1493 3803 βγδε
1516 3754 1649 3790 sano
1663 3756 1715 3790 α.
1781 3740 1926 3789 malo
1944 3741 2078 3803 «ιβ-γε
2100 3739 2285 3791 morbo
2304 3741 2344 3789 δ.
2415 3742 2496 3801 64.
2523 3754 2699 3801 neque

292 3808 524 3869 quoduia
552 3812 647 3858 ab:
691 3822 793 3858 nec
825 3807 1122 3870 quodlibet,
1159 3811 1295 3856 aliter
1326 3821 1503 3869 neque
1536 3805 1771 3868 quoduis
1802 3808 1876 3860 B:
1920 3822 2012 3855 om.
2045 3824 2099 3869 γ.
2290 3806 2483 3854 vinum
2517 3821 2608 3855 om.
2645 3823 2698 3868 γ.

289 3876 372 3936 65.
408 3889 509 3924 nec
532 3877 621 3937 7⁶²
665 3888 736 3923 ne
759 3875 846 3926 αβ.
999 3874 1081 3934 69.
1117 3874 1173 3921 et
1194 3889 1283 3922 om.
1307 3873 1417 3934 αγδ.
1577 3887 1655 3933 7ο.
1692 3871 1917 3920 forsitan
1939 3874 2046 3932 βγι
2083 3872 2267 3921 forsan
2288 3887 2354 3920 a:
2387 3871 2631 3920 fortassis
2653 3871 2695 3921 δ.

293 3944 499 4001 partem
515 3939 702 4002 ⁰⁶7⁸&
734 3940 968 3988 aetatem
984 3935 1056 3998 γι.
1178 3938 1461 3986 existimas
1481 3938 1579 3991 αβδ
1602 3954 1615 3984 :
1648 3937 1997 3987 existimabas
2019 3955 2068 4001 γ.
2202 3952 2281 4002 71.
2318 3939 2376 3987 et
2396 3939 2463 3990 βδ
2484 3953 2497 3985 :
2530 3953 2592 3986 ac
2613 3952 2696 3997 αγ.

291 4021 374 4066 79.
405 4007 605 4054 -etiam
628 4019 717 4054 om.
740 4006 793 4059 β.
961 4005 1023 4053 in
1045 4002 1195 4051 victu
1218 4020 1307 4053 oon.
1333 4005 1386 4058 β.
1558 4017 1638 4063 74.
1674 4001 1771 4051 illo
1792 4004 1889 4056 αβὸ
1913 4019 1926 4054 z
1958 4018 2020 4051 eo
2044 4019 2095 4065 γ.
2271 4002 2632 4052 commutauit
2653 4002 2699 4051 ὃ.

295 4084 370 4131 75.
408 4073 504 4120 aut
526 4087 616 4121 om.
645 4068 748 4132 «ιγ’.
881 4069 1150 4117 cucullam
1172 4086 1223 4130 γ.
1357 4068 1583 4117 verterit
1601 4083 1693 4116 οηι.
1717 4069 1791 4116 αδ.
1952 4069 2028 4129 76.
2068 4067 2207 4117 illud
2230 4066 2416 4129 «ιβ-γ’δε
2448 4066 2603 4115 aliud
2624 4065 2695 4128 γι.

292 4149 546 4198 magnam
585 4173 597 4187 .
633 4171 649 4186 .
741 4151 820 4197 77.
853 4149 971 4183 ease
987 4137 1125 4196 αβγε
1165 4132 1405 4197 μέγιστον
1425 4133 1513 4193 τῆς
1533 4133 1820 4195 Χριστιανῆς
1842 4132 2090 4187 εὐσεβείας
2111 4133 2313 4195 ὄλεθρον
2334 4133 2389 4180 εκ
2410 4130 2601 4180 rainu
2636 4130 2699 4181 ὥς

293 4202 498 4250 καλοῦσι
514 4199 808 4265 ρελιγιώνων
824 4198 1165 4262 ἱηεπορεῦθαι
1185 4201 1228 4248 δ.
1335 4200 1414 4260 78.
1448 4200 1579 4248 sunt
1593 4200 1725 4260 αβγε
1759 4198 1873 4247 sint
1890 4199 1932 4248 ὃ.
2035 4199 2176 4248 Dein
2192 4200 2245 4253 β.
2343 4198 2423 4246 80.
2460 4198 2697 4245 nimium

295 4265 363 4313 ad
384 4268 480 4320 αβὸ
502 4284 516 4316 2
545 4267 616 4316 ad
640 4267 880 4316 nimium
902 4265 984 4328 7²:
1015 4268 1075 4315 at
1095 4265 1334 4314 nimium
1356 4262 1428 4326 γι.
1586 4265 1668 4314 81.
1706 4266 2115 4327 conspurcatius
2135 4300 2149 4313 .
2176 4299 2190 4314 .
2217 4298 2232 4313 .
2256 4263 2487 4325 impium
2507 4265 2533 4311 *ἓ
2564 4264 2698 4325 αβγε

296 4326 329 4388 ἦ
351 4330 633 4393 μωρότερον
654 4330 687 4392 ἦ
708 4329 1068 4395 ἅσεβέστερονς
1101 4332 1145 4380 ὃ.
1278 4331 1427 4379 enlm
1442 4335 1549 4389 post
1566 4331 1679 4378 iam
1700 4334 1813 4380 add.
1840 4348 1891 4392 γ.
2013 4329 2083 4379 ad
2105 4345 2194 4378 om.
2222 4331 2295 4377 αδ.
2431 4328 2511 4375 82.
2548 4342 2697 4390 prae·

293 4397 382 4442 ter
400 4430 414 4444 .
443 4430 457 4444 .
522 4398 605 4457 83.
644 4398 1010 4447 caeremonias
1029 4400 1166 4459 1187:
1201 4396 1244 4444 εἰ
1267 4395 1334 4457 μὴ
1356 4394 1544 4459 :paxpax
1563 4411 1697 4443 raras
1718 4394 1799 4444 καὶ
1821 4393 2080 4444 Ἰουδαῖκὰς
2101 4393 2350 4457 θρησκείας
2371 4395 2414 4442 ὅ.

363 4509 439 4555 53.
478 4496 615 4544 Volu
656 4497 883 4562 tatibus]
909 4497 988 4546 cf.
1014 4497 1182 4547 Lond.
1208 4495 1362 4545 xxlii.
1389 4509 1435 4557 5,
1542 4493 1755 4557 thority
1786 4495 1845 4543 of
1871 4496 2195 4558 Augustine,
2232 4497 2358 4553 cont:
2391 4506 2440 4553 3.
2479 4507 2521 4554 1,
2562 4491 2591 4541 1
2627 4491 2696 4540 do

297 4560 404 4608 LB.
427 4560 559 4620 6713
592 4565 605 4589 ⁴
669 4563 819 4611 eneri
853 4577 1138 4625 nunquam
1172 4563 1441 4612 semitum
1544 4564 1642 4609 not
1681 4560 1849 4610 think
1889 4561 2011 4609 that
2057 4560 2311 4608 Erasmus
2350 4558 2529 4608 would
2570 4572 2699 4607 ever

289 4627 418 4676 est)
1542 4626 1681 4675 have
1720 4626 1996 4675 described
2031 4625 2258 4675 himself
2294 4638 2354 4673 as
2393 4628 2691 4686 inquinatus,

360 4706 444 4754 54.
480 4689 802 4757 inclinatus]
848 4692 916 4741 In
961 4694 1099 4755 spite
1135 4694 1196 4743 of
1220 4693 1316 4742 the
1349 4708 1442 4743 au·
1542 4707 1682 4741 even
1703 4692 1766 4740 in
1790 4690 2192 4740 aconfldential
2215 4692 2391 4741 letter.
