3355 5380
731 350 768 407 2
1429 343 1807 405 LETTERS
1861 343 1967 404 OF
2020 342 2416 404 ERASMUS
2924 337 3114 423 [1523

732 505 975 579 habeas,
1014 504 1117 566 vel
1158 522 1327 564 emas
1367 502 1601 579 aliquid
1647 500 1810 578 quod
1854 520 2001 561 mox
2045 501 2248 560 denuo
2289 501 2526 578 cogaris
2564 519 2783 560 emere.
2874 498 3116 559 Morem

730 622 941 680 geram
982 602 1292 663 voluntati
1330 605 1492 677 tuae,
1539 619 1650 678 per
1691 602 1753 658 te
1793 618 1980 675 quam
2021 597 2313 675 plurimis
2353 600 2548 659 etiam
2589 598 2746 669 aliis,
2795 596 2862 657 ni
2906 596 3113 670 fallor,

730 698 945 757 eadem
987 717 1169 774 opera
1210 696 1690 773 gratificaturus,
1773 694 2007 754 Ornare
2046 693 2292 769 gaudee,
2322 696 2394 753 vt
2434 693 2543 767 ais,
2573 696 2750 752 tuam
2791 691 3120 752 bibliothe-

731 814 869 855 cam
919 794 1166 856 Erasini
1211 794 1683 866 monumentis;
1753 812 1865 868 ego
1919 811 2068 851 vero
2124 809 2298 851 meos
2349 789 2545 851 libros
2594 790 2858 850 arbitror
2907 789 3118 849 ornari

676 915 703 963 5
731 896 839 952 tua
879 892 1276 962 bibliotheca.
1324 913 1446 970 qua
1489 890 1597 951 vix
1641 890 1975 968 quicquam
2017 888 2231 948 videre
2273 888 2539 965 contigit
2579 888 2902 961 ornatius;
2950 888 3120 948 dicas

730 990 1051 1050 Musarum
1089 1010 1223 1051 esse
1264 989 1668 1049 domicilium.
1759 987 1979 1063 Itaque
2020 985 2180 1046 mihi
2222 987 2424 1063 magis
2469 986 2694 1063 placee,
2740 986 2904 1063 quod
2946 1003 3119 1044 meas

727 1087 1184 1150 lucubrationes
1225 1088 1501 1166 dignaris
1542 1085 1815 1164 hospitio
1856 1089 2000 1145 tuae
2042 1084 2468 1159 bibliothecae,
2513 1105 2702 1162 quam
2749 1086 2804 1145 si
2845 1083 3118 1144 cedrinis

727 1186 997 1263 capsulis
1037 1186 1103 1246 in
1140 1185 1458 1263 Apollinis
1496 1184 1736 1261 templo
1775 1185 2241 1260 reponerentur.
2329 1183 2471 1242 Non
2511 1183 2784 1242 arbitror
2816 1182 3112 1258 victuras,

727 1285 982 1344 tantum
1038 1284 1211 1345 abest
1264 1287 1337 1346 vt
1392 1281 1933 1343 immortalitatem
1991 1280 2118 1340 illis
2171 1281 2374 1341 ausim
2429 1300 2712 1358 sperare3
2793 1284 3004 1341 tamen
3062 1279 3120 1340 si

643 1404 706 1441 10
731 1383 1048 1461 continget
1073 1382 1308 1459 aliquot
1329 1401 1534 1463 annos
1559 1400 1879 1457 superesse
1907 1379 2169 1457 parenti,
2199 1384 2340 1439 tuae
2369 1379 2675 1440 nimirum
2703 1379 3115 1439 bibliothecae

729 1480 1059 1542 debebunt.
1149 1480 1696 1541 Existimabuntur
1735 1479 1907 1539 enim
1948 1477 2184 1555 aliquid
2224 1497 2372 1550 esse,
2410 1497 2563 1554 quas
2602 1475 2971 1537 Abstemius
3010 1477 3117 1538 ille

726 1581 860 1638 tam
892 1577 1135 1638 sobrius
1163 1578 1350 1637 iudex
1387 1595 1503 1638 suo
1531 1577 1748 1637 Museo
1775 1576 2070 1653 dignatus
2105 1575 2206 1635 sit.
2294 1576 2666 1652 Quanquam
2693 1576 2827 1652 ipse
2859 1574 3116 1635 interim

725 1694 856 1736 non
883 1676 1065 1736 aliter
1089 1676 1346 1736 affectus
1379 1695 1522 1737 sum
1551 1694 1696 1753 erga
1727 1694 1898 1735 meas
1925 1673 2173 1751 vigilias
2201 1694 2392 1753 quam
2419 1675 2705 1749 parentes
2739 1672 2946 1733 solent
2973 1693 3118 1751 erga

728 1772 969 1847 liberos,
1015 1774 1240 1851 quibus
1280 1773 1404 1834 fuit
1442 1793 1664 1850 parum
1706 1773 1856 1834 felix
1895 1772 2297 1847 foecunditas,
2341 1771 2443 1832 vel
2483 1772 2648 1849 quod
2694 1771 3004 1832 deformes
3045 1791 3116 1833 ac

645 1892 702 1943 ¹5
727 1871 1213 1933 valetudinarios
1269 1871 1615 1949 genuerint,
1675 1872 1781 1932 vel
1836 1870 2001 1948 quod
2057 1869 2294 1947 alioqui
2346 1870 2507 1931 tales
2562 1872 2633 1929 vt
2697 1869 2994 1946 probrum
3051 1873 3117 1932 et

727 1969 991 2031 exitium
1017 1970 1343 2031 attulerint
1372 1969 1505 2033 suis
1527 1969 2048 2048 progenitoribus.
2137 1969 2272 2043 Qua
2300 1968 2555 2045 quidem
2583 1968 2652 2027 in
2680 1987 2746 2028 re
2773 1969 2889 2029 hoc
2917 1969 3118 2047 magis

725 2066 861 2143 ipse
921 2067 1082 2127 mihi
1137 2067 1443 2145 displiceo,
1496 2068 1659 2146 quod
1713 2066 2056 2128 liberorum
2113 2066 2277 2127 mala
2331 2086 2460 2126 non
2521 2087 2765 2144 semper
2819 2068 3116 2146 imputari

724 2168 988 2242 possunt
1026 2166 1404 2243 parentibus,
1442 2165 1748 2226 librorum
1788 2168 2002 2225 autem
2034 2165 2191 2226 vitia
2223 2184 2351 2224 non
2384 2165 2526 2225 aliis
2568 2185 2756 2244 quam
2792 2165 3117 2227 autoribus

726 2266 972 2339 accepta
1018 2263 1343 2339 feruntur;
1399 2263 1523 2324 nisi
1571 2264 1732 2323 forte
1792 2262 2026 2323 causari
2071 2262 2263 2332 velim
2315 2265 2670 2341 temporum
2728 2283 2797 2322 ac
2844 2262 3117 2340 regionis

641 2384 703 2420 20
726 2359 1174 2422 infelicitatem.
1252 2362 1415 2421 Nam
1449 2381 1554 2421 me
1583 2381 1777 2438 puero
1811 2360 2285 2437 repullulascere
2312 2359 2563 2437 quidem
2592 2364 2921 2438 coeperant
2947 2361 3116 2438 apud

725 2456 920 2519 Italos
973 2459 1171 2520 bonae
1226 2459 1459 2535 literae,
1524 2460 1631 2519 sed
1688 2458 1769 2519 ob
1824 2459 2357 2536 typographorum
2413 2462 2613 2520 artem
2667 2463 2776 2519 aut
2830 2460 3116 2521 nondum

726 2559 1036 2632 repertam
1083 2559 1192 2617 aut
1232 2556 1621 2634 paucissimis
1666 2555 1980 2633 cognitam
2027 2555 2188 2615 nihil
2236 2556 2312 2616 ad
2354 2575 2470 2616 nos
2509 2548 2815 2617 librorum
2856 2557 3119 2634 perfere-

725 2653 929 2730 batur,
980 2658 1043 2716 et
1098 2654 1406 2717 altissima
1452 2656 1659 2735 quiete
1707 2655 2051 2733 regnabant
2104 2653 2334 2732 vbique
2389 2656 2496 2734 qui
2549 2655 2762 2717 literas
2812 2655 3118 2718 docebant

727 2752 1247 2815 illiteratissimas.
1320 2754 1690 2832 Rodolphus
1716 2753 2005 2832 Agricola
2031 2753 2275 2831 primus
2302 2754 2584 2814 omnium
2612 2755 2899 2814 aurulam
2926 2774 3116 2832 quan·

641 2879 701 2929 25
729 2853 871 2913 dam
922 2852 1197 2913 melioris
1228 2852 1581 2914 literaturae
1625 2852 1807 2913 nobis
1846 2852 2090 2912 inuexit
2123 2870 2199 2911 ex
2234 2851 2462 2926 Italia;
2512 2872 2698 2930 quem
2732 2853 2893 2913 mihi
2924 2873 3116 2930 puero

728 2951 927 3012 ferme
968 2951 1295 3013 duodecim
1344 2971 1541 3011 annos
1583 2955 1733 3011 nato
1774 2951 2148 3011 Dauentriae
2186 2950 2400 3011 videre
2453 2953 2730 3029 contigit,
2777 2971 2890 3011 nec
2942 2953 3113 3013 aliud

729 3049 1010 3126 contigit.
1094 3050 1255 3110 Tum
1306 3052 1517 3108 autem
1558 3048 1771 3126 magni
1812 3048 1997 3108 refert
2040 3068 2163 3125 quo
2205 3047 2430 3117 seculo,
2467 3068 2589 3126 qua
2629 3049 2896 3127 regione.
2936 3053 2998 3110 et
3036 3050 3113 3110 ad

729 3166 994 3222 quorum
1021 3146 1325 3206 iudicium
1352 3146 1601 3216 scribas,
1629 3146 2002 3222 quibuscum
2036 3150 2234 3207 certes
2256 3168 2270 3221 ;
2313 3147 2478 3206 acuit
2505 3148 2678 3207 enim
2714 3148 2955 3226 ingenii
2980 3149 3114 3209 vim

730 3247 792 3303 et
836 3243 1256 3321 antagonistes
1302 3242 1589 3320 insignia,
1639 3246 1794 3320 quin
1843 3247 1906 3303 et
1960 3244 2160 3304 honos
2213 3245 2326 3304 alit
2375 3249 2556 3307 arteS.
2646 3246 2770 3307 His
2817 3247 3116 3308 omnibus

647 3367 708 3416 30
730 3341 1090 3414 destitutus,
1117 3343 1329 3400 tamen
1357 3340 1534 3400 velut
1565 3341 1806 3401 occulta
1847 3345 2101 3401 naturae
2129 3343 2194 3402 vi
2226 3343 2504 3421 rapiebar
2530 3344 2608 3404 ad
2646 3344 2843 3404 bonas
2877 3345 3114 3419 literas,

729 3458 798 3499 ac
853 3437 1414 3498 interminantibus
1462 3437 1651 3498 etiam
1707 3439 2022 3516 magistris
2066 3441 2285 3500 furtim
2330 3461 2365 3499 e
2411 3441 2611 3517 libris,
2654 3441 2707 3501 si
2757 3442 2905 3518 quid
2953 3443 3114 3503 forte

732 3540 952 3597 nactus
977 3537 1260 3610 fuissem,
1289 3536 1468 3596 hausi
1495 3536 1660 3613 quod
1688 3539 1864 3613 potui
1888 3560 1903 3611 3
1945 3538 2255 3599 calamum
2280 3541 2543 3616 exercui,
2570 3543 2918 3616 prouocatis
2944 3541 3116 3601 soda-

730 3636 895 3696 libus
937 3634 1305 3712 quibuscum
1347 3634 1737 3710 decertarem‚
1784 3636 1945 3696 nihil
1991 3638 2202 3697 minus
2239 3638 2516 3716 cogitans
2559 3658 2748 3715 quam
2790 3641 2864 3699 vt
2903 3638 3117 3699 huius-

731 3734 901 3794 modi
969 3732 1222 3792 naeniae
1279 3733 1809 3810 typographorum
1875 3754 2057 3812 opera
2126 3736 2363 3795 mundo
2430 3737 2850 3814 proderentur.
2939 3737 3118 3798 Haec

652 3856 711 3904 35
731 3833 977 3909 culpam
1022 3830 1076 3890 si
1117 3849 1242 3890 non
1284 3829 1517 3891 diluere
1558 3835 1864 3908 poterant,
1911 3837 2075 3893 certe
2121 3836 2405 3910 poterant
2446 3833 2703 3896 eleuare.
2793 3835 2915 3897 Sed
2964 3841 3116 3898 sunt

731 3929 797 3988 in
841 3928 1067 4007 quibus
1107 3947 1221 3989 nec
1263 3930 1500 4006 possim
1542 3949 1651 3989 nec
1693 3929 1883 3990 velim
1927 3931 2061 4008 ipse
2104 3931 2262 3990 mihi
2310 3933 2701 4009 patrocinari.
2790 3933 3111 4011 Siquidem

729 4027 888 4089 illud
930 4028 1327 4105 praecipuum
1368 4030 1482 4104 est,
1518 4029 1592 4087 vt
1636 4029 1744 4105 qui
1784 4029 2031 4106 scriptis
2075 4029 2195 4090 sibi
2243 4049 2472 4091 nomen
2517 4031 2856 4092 honestum
2899 4051 3115 4110 parare

801 4172 875 4219 13.
910 4174 1032 4220 erga
1054 4158 1248 4208 liberos
1270 4161 1381 4208 add.
1406 4160 1459 4212 β.
1866 4161 1942 4209 16.
1975 4161 2406 4224 progenitoribus
2428 4162 2465 4216 β
2487 4177 2500 4210 z
2531 4162 3043 4225 primogenitoribus
3064 4180 3116 4215 a.

730 4239 812 4351 Ξ.
845 4224 1156 4351 ἓοὲἰξέἓὶἱιιι
1174 4227 1221 4340 ⁸3¹
1226 4224 1328 4350 :qff
1319 4224 1756 4339 ὁοἷ,11ἑ.1ἲ,ι><ἱοὶρ11ιιι
1777 4243 1827 4278 α.
2455 4229 2536 4277 26.
2569 4228 2896 4278 Dauentriae
2918 4231 3031 4278 add.
3057 4231 3112 4284 B.

796 4452 878 4499 26.
911 4450 1262 4516 Dauentriae]
1309 4451 1440 4501 This
1487 4451 1754 4502 insertion
1802 4453 1863 4501 in
1964 4455 2021 4502 to
2052 4454 2119 4503 be
2154 4468 2355 4517 wrong.
2423 4453 2498 4505 Of
2536 4455 2748 4505 similar
2790 4455 3113 4504 time-reser-

729 4517 766 4570 Β
820 4520 1060 4580 nagge-tn
1115 4519 1237 4568 that
1286 4518 1546 4567 Erasmus
1600 4533 1712 4568 was
1767 4532 1865 4567 un·
1964 4529 2120 4568 ences
2153 4521 2214 4569 in
2249 4521 2363 4570 this
2395 4525 2639 4582 Caeam
2675 4536 2709 4571 a
2744 4522 3114 4574 considerable

730 4585 935 4631 certain
992 4600 1048 4631 aa
1102 4591 1157 4632 to
1213 4584 1306 4632 the
1366 4597 1618 4645 accuracy
1673 4584 1733 4632 of
1778 4583 1867 4632 his
1966 4586 2195 4633 number
2211 4601 2301 4634 are
2319 4590 2612 4648 1ncorrect3
2643 4602 2730 4636 see
2752 4601 2841 4650 pp.
2859 4589 2911 4648 6,
2929 4589 3004 4647 16,
3026 4586 3106 4652 18,

730 4658 1136 4710 age-rexerence,
1152 4648 1334 4698 which
1355 4650 1403 4699 ia
1423 4649 1629 4714 shown,
1654 4649 1794 4713 App.
1813 4664 1863 4711 2,
1970 4663 2047 4713 19,
2073 4650 2182 4700 and
2204 4666 2286 4714 33.
