3355 5380
658 405 770 460 102
1354 398 1733 458 LETTERS
1788 399 1894 459 OF
1951 397 2351 460 ERASMUS
2865 394 3057 479 [1489

652 556 917 618 dixerim
966 559 1038 617 vt
1082 554 1268 616 amici
1322 554 1523 616 nostri
1567 558 2016 632 recognoscant
2061 555 2359 629 vniuersi‚
2413 557 2489 616 vt
2540 555 2717 615 nulla
2769 575 2873 617 me
2928 558 3060 620 {mis

559 675 624 725 45
652 654 941 716 laudibus
980 653 1283 713 infectum
1320 652 1621 732 superbia,
1654 652 1745 714 ita
1785 672 1899 713 nec
1924 653 2057 715 vlla
2095 652 2222 713 tuis
2248 653 2341 727 (vt
2372 653 2735 729 arbitrabar)
2762 654 3062 717 conuitiis

651 756 1009 831 permotum
1038 751 1369 813 iracundia.

733 853 1062 913 Caeterum
1104 850 1354 911 omissis
1391 848 1752 910 inuiderum
1794 847 2310 923 cauillationibus,
2351 869 2474 927 quo
2515 868 2628 925 ego
2664 850 2805 909 tuas
2839 849 3064 911 laudes

652 949 1028 1027 susceperim
1080 948 1308 1024 anim0‚
1361 948 1572 1026 paucis
1625 948 1844 1025 accipe.
1950 947 2147 1008 Credo
2189 947 2479 1026 equidem
2527 949 2606 1023 te,
2656 946 2749 1007 mi
2798 948 3063 1009 Erasme

653 1048 1028 1124 dulcissime,
1063 1048 1177 1108 hac
1214 1048 1292 1107 de
1319 1066 1500 1108 causa
1525 1045 1653 1106 tuis
1680 1066 1784 1106 me
1810 1045 2103 1107 laudibus
2127 1046 2476 1118 adornasse,
2510 1047 2823 1122 quatenus
2847 1066 3062 1107 meam

564 1166 629 1216 50
650 1130 1233 1225 pusillanimitatem
1281 1146 1534 1205 tolleres
1580 1147 1646 1204 et
1689 1144 2024 1221 ignauiam,
2071 1146 2143 1204 vt
2186 1145 2264 1205 ad
2313 1143 2688 1203 currendum
2732 1146 2946 1206 tecum
2990 1144 3062 1205 in

651 1245 1053 1308 litteratoriae
1100 1241 1557 1305 exercitationis
1602 1243 1803 1303 stadio
1852 1262 1956 1302 me
2010 1262 2348 1319 exacueres,
2399 1244 2465 1302 et
2504 1243 2608 1303 vel
2655 1242 2742 1302 sic
2791 1242 2871 1303 de
2916 1243 3065 1305 rudi

651 1345 954 1424 discipulo
1009 1345 1106 1405 tui
1159 1347 1477 1421 vtounque
1529 1341 1803 1402 similem
1856 1342 2055 1402 facere
2107 1341 2433 1420 potuisses.
2523 1341 3065 1404 commendabilis

651 1449 746 1506 est
814 1464 956 1505 vere
1024 1443 1138 1504 illa
1195 1441 1483 1517 laudatio,
1547 1460 1707 1519 quae
1775 1442 2028 1501 tantum
2087 1440 2288 1501 amico
2344 1440 2618 1500 fructum
2675 1440 2934 1503 aduehit
2996 1445 3066 1502 et

650 1543 1025 1604 adulationis
1069 1541 1297 1602 vitium
1351 1560 1480 1600 non
1528 1538 1825 1601 admittit.
1914 1538 2151 1600 Laudis
2196 1538 2367 1598 enim
2410 1537 2718 1615 cupiditas
2760 1542 2825 1599 et
2869 1537 3065 1601 timor

563 1656 625 1705 55
652 1642 1043 1719 ignominiae,
1091 1640 1259 1700 Iulio
1305 1640 1479 1713 teste,
1534 1638 1611 1699 ad
1656 1637 1955 1698 virtutem
2002 1636 2288 1698 excitant.
2378 1636 2542 1696 Nam
2592 1635 2746 1696 dum
2792 1635 3065 1714 quisque

650 1740 867 1800 laudes
910 1738 1159 1816 expetit,
1205 1736 1389 1797 bonis
1431 1756 1499 1796 se
1542 1735 1840 1812 moribus,
1886 1735 2115 1812 quibus
2156 1735 2300 1796 illas
2344 1736 2671 1809 mereatur,
2720 1738 2784 1796 et
2828 1736 3067 1796 studiis

650 1838 840 1915 digne
893 1836 1227 1913 componit.
1317 1835 1481 1910 Quid
1532 1834 1735 1894 dicam
1777 1835 1856 1895 de
1898 1833 2450 1910 praestantissimis
2490 1834 2839 1911 quibusque
2883 1834 3059 1911 viris,

652 1955 808 2014 quos
851 1937 1172 2012 propterea
1218 1932 1611 1994 memorabili
1656 1931 1913 1992 nomine
1955 1932 2227 1993 celebrat
2264 1932 2610 2009 posteritas,
2660 1931 2806 2009 quia
2855 1933 3066 1993 laudis

650 2034 863 2111 cupidi
901 2034 979 2094 ad
1022 2051 1298 2110 quaeque
1338 2030 1611 2109 pericula
1650 2029 1974 2090 subeunda
2011 2049 2157 2090 cum
2194 2050 2307 2107 pro
2347 2030 2675 2090 honestate
2709 2029 2876 2089 vitae
2917 2031 3064 2091 tum

560 2132 628 2181 60
651 2152 763 2210 pro
800 2131 1033 2210 patriae
1065 2130 1432 2191 liberatione
1463 2148 1530 2189 se
1569 2127 2030 2206 promtissimos
2071 2128 2393 2189 reddidere
2409 2131 2443 2189 ’Β
2523 2128 2810 2203 Mentiar,
2843 2128 2900 2188 si
2929 2148 3064 2189 non

649 2249 851 2289 vnum
905 2249 941 2289 e
984 2228 1302 2289 veteribus
1357 2228 1718 2304 exemplum
1761 2226 2091 2303 protulero.
2180 2227 2281 2302 Et,
2329 2230 2402 2288 vt
2443 2227 2680 2303 Fabios,
2729 2226 3058 2303 Fabritios,

650 2325 984 2404 Scipiones,
1047 2326 1361 2401 Camillo&
1423 2344 1494 2386 ac
1562 2326 1801 2402 primos
1869 2344 2146 2402 quosque
2208 2325 2479 2388 Romani
2544 2325 2826 2386 nominis
2893 2325 3066 2387 viros

648 2426 1042 2501 praeteream,
1103 2424 1487 2485 Annibalem
1542 2422 1750 2484 solum
1814 2422 1883 2482 in
1939 2423 2221 2483 medium
2285 2423 2607 2485 adducam.
2723 2424 2791 2485 Is
2846 2424 3065 2503 itaque

649 2542 793 2582 cum
821 2523 1023 2582 adhuc
1048 2523 1501 2601 propemodum
1527 2541 1683 2600 puer
1709 2524 1871 2581 esset
1887 2521 2053 2599 (quia
2080 2521 2245 2582 Iuno
2273 2522 2459 2583 dabat
2484 2526 2766 2583 mentem
2791 2523 3062 2585 laudum

560 2627 625 2693 ⁶⁵
651 2639 762 2699 spe
788 2621 973 2682 corda
1004 2620 1294 2701 fatigans)
1318 2619 1622 2682 tractabat
1650 2639 1863 2681 secum

1822 2726 2053 2804 Egates
2091 2727 2354 2803 abolere,
2397 2733 2731 2806 parentum

1056 2827 1355 2903 Dedecus,
1404 2829 1470 2887 et
1508 2825 1720 2887 Siculo
1760 2826 2115 2905 demergere
2154 2826 2403 2887 foedera
2443 2830 2652 2903 ponto.

651 2935 1050 3011 oportunum
1106 2934 1300 3013 igitur
1352 2934 1658 2993 fateamur
1710 2936 1953 3010 oportet
1982 2937 2046 2993 et
2092 2933 2247 2995 vtile
2302 2953 2759 3012 nonnunquam
2813 2934 3062 3011 tepidos

650 3035 712 3092 et
754 3035 1046 3094 remissos
1085 3032 1346 3094 laudum
1387 3030 1663 3090 stimulis
1700 3031 1937 3108 agitare
1977 3034 2040 3092 et
2079 3032 2157 3092 ad
2201 3051 2482 3110 quaeque
2520 3033 2831 3094 virtutum
2873 3052 3062 3110 opera

560 3137 623 3190 70
650 3130 1077 3209 bonarumque
1116 3130 1347 3191 artium
1384 3129 1591 3189 studia
1632 3128 2029 3202 laudulentis,
2059 3132 2131 3190 vt
2165 3128 2252 3190 ita
2289 3130 2505 3203 dicam,
2538 3129 2767 3190 ictibus
2804 3128 3060 3190 fortiter

649 3231 931 3290 excitare.
1020 3228 1406 3288 Concludam
1441 3227 1651 3303 itaque
1687 3229 1752 3286 et
1778 3226 1980 3287 dicam
2021 3229 2200 3289 nulla
2240 3232 2304 3288 te
2345 3228 2528 3306 culpa
2566 3227 2731 3305 apud
2772 3229 3060 3290 aemulos

648 3345 831 3402 posse
877 3325 1097 3400 notari,
1143 3325 1254 3403 qui
1299 3324 1428 3385 tuis
1468 3323 1743 3383 amicum
1783 3324 2078 3386 laudibus
2119 3327 2416 3402 proficere
2455 3326 2724 3404 coegisti.
2813 3325 3061 3387 Sileant

649 3443 795 3501 ergo
821 3443 1071 3484 necesse
1106 3427 1200 3484 est
1231 3425 1295 3483 et
1331 3421 1571 3482 mutuis
1601 3440 1720 3482 nos
1752 3422 2044 3483 laudibus
2082 3424 2449 3501 permittant
2489 3425 2788 3501 proficere
2829 3427 2894 3484 et
2920 3426 3062 3486 suis

649 3540 715 3580 se
745 3520 906 3582 odiis
932 3540 1059 3581 non
1088 3520 1374 3581 desinant
1400 3519 1681 3581 laceram.
1771 3520 1928 3581 Vale
1953 3524 2019 3581 et
2046 3522 2228 3583 bonis
2260 3524 2548 3600 operibus
2577 3523 2709 3583 Deo
2735 3522 3060 3585 feruenter

560 3629 620 3682 75
648 3619 953 3679 inseruire
980 3618 1175 3680 stude.

1299 3774 1404 3840 22.
1492 3773 1589 3839 'l'o
1633 3771 2034 3840 conamus
2080 3772 2398 3845 GERARD.

718 3893 856 3948 Vita
880 3888 1098 3948 Erasmi
1122 3911 1177 3964 p.
1212 3894 1328 3949 168.
2623 3893 2893 3967 (Sum.)

718 3981 893 4037 Lond.
917 3980 1073 4039 xxxi.
1098 3997 1167 4052 9:
1202 3980 1313 4038 LB.
1338 3981 1486 4052 App.
1515 3983 1639 4049 408.
2539 3980 2726 4056 (June
2759 3984 2894 4052 1489
2909 3982 2980 4054 ‘?)

752 4095 1068 4172 naasuvs
1112 4094 1611 4143 Romaomnvs
1655 4094 1997 4144 commmo
2043 4095 2207 4144 vmo
2251 4095 2848 4151 ELoovssn‘roesmo
2894 4099 2950 4148 s·

729 4217 1016 4278 Gnarus
1051 4235 1165 4293 ago
1204 4215 1593 4277 immortales
1623 4219 1769 4276 tuae
1808 4216 2207 4294 humanitati,
2239 4216 2493 4278 Corneli
2530 4217 2910 4293 dulcissime,
2946 4218 3056 4278 cui

645 4333 747 4375 me
778 4334 975 4393 Vsque
1014 4313 1167 4374 adeo
1206 4332 1389 4374 curae
1428 4334 1560 4374 esse
1592 4314 1794 4390 video,
1827 4317 1898 4375 vt
1938 4315 2166 4374 inermi
2200 4315 2360 4375 mihi
2402 4315 2691 4393 iaculum,
2725 4336 2852 4394 quo
2894 4315 3058 4376 deri-

643 4433 855 4474 sorum
883 4412 1078 4473 latera
1103 4412 1445 4490 perfodiam
1473 4413 1586 4489 (sic
1613 4413 1784 4474 enim
1812 4412 2072 4491 scribis),
2105 4417 2284 4475 tanto
2311 4415 2517 4476 studio
2544 4415 2879 4492 paraueris.
2965 4415 3055 4476 Et

710 4523 1211 4636 &sibvtcunque
1233 4526 1415 4585 scripsi,
1442 4521 1510 4572 ef.
1541 4522 1636 4585 Ep.
1664 4538 1745 4586 49.
1776 4538 1870 4585 723
1903 4525 2197 4586 vtrumque
2224 4527 2327 4573 ΕΒ.
2524 4540 2600 4585 72.
2638 4526 2816 4574 notari
2840 4527 3015 4584 σοι-ἱροί
3038 4542 3054 4573 :

646 4602 718 4636 no
942 4624 955 4636 .

706 4708 786 4755 21.
811 4719 891 4767 55.
930 4705 1094 4769 Iulio]
1119 4706 1324 4767 Caesar,
1351 4708 1406 4753 B.
1434 4708 1487 4756 G.
1514 4704 1610 4758 vii.
1633 4706 1714 4758 80.
1872 4707 1955 4755 ⁶6.
1985 4706 2199 4771 Egates]
2217 4706 2314 4757 Sil.
2337 4706 2461 4756 Ital.
2482 4723 2523 4758 1.
2541 4708 2625 4771 61,
2643 4722 2702 4772 ⁹3
2738 4708 2848 4758 and
2861 4707 2930 4759 cf.
2953 4711 3046 4771 63.
