3355 5380
288 388 472 475 1524]
818 395 1218 458 ERASMUS
1274 399 1383 460 TO
1435 399 1661 461 JOHN
1726 403 2171 468 BOTZHEIM
2623 416 2700 471 43

288 551 599 612 affirmans
624 552 797 613 mihi
834 553 980 631 plus
1016 554 1169 615 satis
1203 573 1336 615 esse
1367 556 1792 632 pecuniarum.
1884 561 2007 622 Eas
2044 583 2239 639 quum
2277 563 2502 624 scirem
2538 566 2700 627 mihi

287 650 591 711 amicitiae
616 651 762 712 iure
789 671 938 712 cum
965 652 1077 713 illo
1104 673 1488 726 communes,
1522 655 1725 715 tutius
1759 656 2094 720 arbitratus
2132 679 2274 719 sum
2310 660 2474 738 apud
2512 661 2698 724 illum

286 750 595 811 custodiri.
687 752 756 811 A
809 750 1021 811 Leone
1074 750 1333 825 decimo,
1395 752 1497 813 0111
1558 753 1844 815 dedicaui
1897 755 2151 817 Nouum
2199 758 2691 836 Testamentum,

288 847 579 908 ducatum
620 868 831 909 vnum
874 869 989 909 nec
1030 850 1353 927 expectaui
1396 869 1512 911 nec
1552 852 1775 929 accepi.
1867 854 2268 915 Tantundem
2304 856 2384 917 ab
2420 858 2698 920 Adriano

282 949 473 1020 sexto,
537 946 640 1006 cui
687 947 839 1007 misi
895 946 1198 1023 libellum,
1260 947 1439 1010 cuius
1491 954 1827 1027 apparatus
1881 951 2043 1012 mihi
2100 955 2382 1016 constitit
2435 962 2700 1032 quatuor
2720 986 2750 1037 ⁵

282 1044 554 1123 florenis,
587 1045 843 1107 additus
869 1050 965 1107 est
990 1066 1154 1107 vnus
1182 1048 1359 1108 eunti
1384 1048 1633 1122 nunci0‚
1670 1068 1886 1109 rursus
1924 1051 2138 1110 reduci
2178 1051 2490 1113 nonnihil.
2573 1054 2698 1116 Ille

280 1143 560 1205 codicem
597 1144 762 1206 laeta
794 1144 1004 1205 fronte
1038 1145 1290 1223 accepit,
1321 1149 1387 1207 et
1428 1144 1636 1207 baiulo
1672 1148 2030 1209 numerauit
2067 1149 2325 1212 ducatos
2351 1170 2495 1227 sex;
2535 1152 2697 1214 mihi

280 1241 510 1303 detulit
568 1243 984 1304 sacerdotium
1041 1245 1197 1305 satis
1247 1244 1685 1320 honorificum,
1746 1246 1911 1323 quod
1967 1247 2338 1325 simpliciter
2391 1250 2690 1314 recusaui.

280 1340 427 1401 Misi
464 1340 779 1403 Clementi
815 1341 1085 1419 septimo
1119 1361 1301 1403 suam
1338 1342 1800 1420 Paraphrasim‚
1837 1364 1917 1405 ne
1943 1345 2136 1405 verbo
2174 1348 2429 1424 quidem
2456 1348 2560 1409 vel
2586 1369 2697 1426 per

279 1458 381 1501 me
402 1440 508 1500 vel
543 1459 655 1517 per
679 1439 916 1501 amicos
942 1440 1302 1517 significans
1338 1460 1442 1502 me
1470 1440 1804 1519 quiequam
1832 1443 2114 1503 muneris
2145 1443 2224 1504 ab
2252 1465 2325 1506 eo
2351 1449 2688 1523 expectare.
2725 1476 2785 1514 ιο

278 1537 363 1598 Et
379 1538 540 1599 adeo
561 1558 690 1600 non
717 1538 1053 1616 expectaui,
1078 1542 1149 1600 vt
1170 1538 1453 1600 Adriano
1478 1541 1729 1617 paranti
1754 1559 1986 1602 munus
2013 1541 2417 1605 honorarium
2443 1545 2694 1607 mittere

277 1636 661 1713 stu-ipserim,
682 1656 764 1697 ne
792 1636 943 1715 quid
971 1636 1279 1713 mitteret3
1321 1637 1499 1698 misit
1526 1640 1738 1698 tamen
1760 1637 2050 1700 Clemens
2079 1640 2347 1704 florenos
2373 1643 2689 1719 ducentos,

278 1753 408 1795 non
450 1734 577 1795 alio
618 1736 876 1796 nomine
902 1755 1090 1813 quam
1130 1735 1210 1796 ob
1254 1735 1622 1813 inscriptam
1666 1734 2103 1813 paraphrasim
2138 1739 2464 1817 Actorum,
2507 1740 2694 1818 plane

276 1836 640 1895 recusaturo
681 1834 738 1894 si
780 1833 1045 1895 missum
1088 1834 1312 1895 fuisset
1350 1833 1475 1895 alio
1514 1833 1723 1895 titulo.
1797 1833 1874 1895 Id
1919 1836 2054 1912 ipso
2096 1836 2432 1913 diplomate
2475 1839 2693 1902 docere

274 1951 553 2009 possum.
640 1933 727 1993 Et
763 1936 982 1994 tamen
1008 1951 1137 1993 non
1164 1932 1366 1993 defuit
1403 1930 1636 2008 rabula,
1669 1932 1781 2010 qui
1808 1952 2010 1995 sacras
2046 1933 2268 1996 literas
2304 1956 2434 1997 non
2470 1939 2691 2001 didicit
2719 1966 2781 2019 15

277 2031 402 2091 nisi
428 2031 510 2092 ad
538 2030 1059 2107 maledicendum,
1092 2031 1200 2109 qui
1227 2051 1332 2092 me
1355 2050 1432 2091 ex
1461 2031 1726 2091 Erasmo
1753 2031 1982 2093 faceret
2010 2033 2288 2096 Balaam.

357 2130 711 2191 cardinalis
759 2129 1118 2205 deanus,
1175 2129 1278 2191 cui
1331 2130 1537 2190 dicaui
1582 2130 2026 2208 Paraphrasim
2081 2132 2150 2191 in
2205 2132 2551 2210 Epistulam
2609 2135 2687 2197 ad

278 2230 613 2304 Romanos,
645 2228 994 2290 teruntium
1024 2247 1152 2289 non
1182 2228 1373 2303 misit,
1407 2248 1521 2289 nec
1556 2247 1668 2306 ego
1706 2230 2042 2306 expectaui.
2132 2230 2307 2306 Quod
2334 2231 2689 2296 ambiebam

275 2328 607 2405 praestitit,
669 2328 953 2388 fauorem
1008 2347 1080 2388 ac
1140 2326 1663 2401 beneuolentiam,
1727 2347 1857 2388 non
1925 2327 2104 2403 mihi,
2166 2329 2274 2391 sed
2343 2330 2570 2392 studiis
2624 2336 2690 2393 et

278 2426 646 2487 Reuchlino.
731 2427 907 2489 Card.
964 2425 1337 2504 Campegius
1380 2428 1528 2486 ante
1570 2426 1925 2504 complures
1964 2446 2165 2489 annos
2205 2427 2469 2489 anulum
2511 2430 2689 2492 misit
2715 2458 2778 2496 20

274 2545 349 2585 ex
389 2525 648 2603 Angli&
698 2524 1012 2586 amicitiae
1058 2524 1327 2602 pignus3
1383 2524 1484 2585 cui
1527 2527 1742 2602 postea
1793 2525 1997 2585 dicaui
2043 2524 2501 2603 Paraphrasim,
2557 2548 2687 2589 non

273 2627 548 2704 captans,
599 2624 707 2684 sed
750 2622 1089 2700 rependere
1128 2622 1389 2683 studens
1429 2622 1823 2684 beneficium.
1911 2623 2263 2685 cardinalis
2304 2625 2688 2688 Sedunensis

273 2723 511 2785 obtulit
548 2722 878 2801 permulta,
912 2722 968 2784 si
996 2722 1263 2783 Romam
1296 2720 1650 2796 venissem;
1704 2726 2017 2783 caeterum
2058 2723 2114 2783 is
2153 2743 2264 2800 per
2294 2742 2397 2783 me
2433 2743 2562 2785 non
2590 2728 2686 2785 est

273 2822 556 2887 tei-uncio
607 2822 808 2882 factus
863 2821 1207 2898 pauperior.
1295 2821 1511 2897 Neque
1563 2840 1667 2881 me
1720 2821 1825 2881 vel
1879 2841 2007 2881 vna
2055 2821 2351 2882 drachma
2396 2821 2685 2882 ditiorem

274 2923 422 2982 fecit
463 2920 641 2981 Card.
692 2920 1067 2980 Sanctorum
1109 2921 1388 2997 quatuor,
1436 2918 1537 2980 cui
1585 2919 1787 2981 dicaui
1836 2919 2219 2997 Cyprianum
2261 2918 2678 2980 emendatum.
2715 2950 2739 2986 2
2746 2951 2776 3002 5

275 3022 348 3080 Β..
398 3019 471 3080 P.
523 3017 785 3080 Ioannis
824 3017 1221 3091 Carondileti,
1265 3017 1712 3096 archiepiscopi
1753 3017 2209 3093 Panormitani,
2257 3016 2505 3078 scriniis
2557 3037 2684 3078 non

275 3117 539 3180 decessit
581 3116 804 3177 obolus
844 3117 924 3177 ob
966 3117 1304 3192 Hilarium,
1337 3136 1535 3194 quum
1573 3136 1687 3194 ego
1728 3117 1827 3178 illi
1866 3137 1977 3195 per
2014 3117 2337 3194 proprium
2374 3115 2682 3177 famulum

271 3218 588 3279 misissem
645 3214 964 3276 volumen.
1079 3215 1404 3277 Praestitit
1458 3216 1566 3277 ille
1620 3217 1830 3277 totum
1888 3216 2052 3294 quod
2108 3215 2395 3292 venabar,
2455 3234 2683 3293 nempe

270 3317 551 3377 fauorem
619 3334 690 3374 ac
758 3313 1281 3375 beneuolentiam.
1390 3314 1727 3392 Philippus
1793 3335 1831 3376 a
1899 3313 2285 3393 Burgundia,
2358 3313 2683 3391 episcopus

268 3413 703 3488 Traiectensis,
757 3413 838 3473 ad
892 3413 1070 3473 cuius
1123 3412 1400 3474 diocesin
1456 3433 1571 3490 ego
1627 3413 1930 3491 pertinse,
1981 3415 2122 3490 post
2170 3411 2440 3472 dicatam
2496 3411 2683 3472 Pacis
2707 3440 2773 3491 30

264 3511 751 3591 querimoniam,
785 3529 982 3588 quum
1023 3509 1439 3588 praebendam
1483 3510 1758 3572 oblatam
1799 3529 2199 3585 recusassem,
2231 3510 2491 3571 donauit
2531 3529 2682 3571 anu·

264 3611 402 3673 lum
444 3611 695 3672 incluso
736 3609 1050 3687 sapphiro,
1100 3627 1287 3687 quem
1327 3608 1482 3669 olim
1522 3612 1794 3686 gestarat
1835 3609 2039 3670 Dauid
2084 3608 2282 3686 ipsius
2326 3626 2676 3685 germanus,

263 3708 586 3786 quondam
633 3707 913 3769 eiusdem
959 3706 1249 3768 ecclesiae
1295 3706 1562 3785 praesul.
1644 3708 1860 3785 Atque
1907 3706 2025 3768 hoc
2072 3725 2307 3767 munus
2351 3705 2526 3767 misit
2566 3725 2680 3766 nec

262 3807 575 3868 ambienti
603 3826 716 3867 nec
742 3806 1113 3884 expectanti.
1187 3805 1404 3867 Nihilo
1431 3805 1635 3885 magis
1659 3804 1762 3866 vel
1790 3805 2137 3883 expetitum
2156 3804 2260 3865 vel
2286 3806 2678 3882 expectatum

262 3911 360 3968 est
386 3904 688 3983 poculum
715 3904 960 3979 amoris,
994 3904 1159 3982 quod
1186 3904 1364 3966 misit
1392 3904 1573 3966 Card.
1606 3903 2034 3980 Moguntinus.
2111 3902 2429 3965 Cardinali
2457 3901 2679 3964 Ebora·
2707 3929 2769 3980 35

262 4004 450 4079 censi,
483 4003 585 4064 0111
614 4002 1043 4064 dedicauimus
1073 4001 1364 4064 libellum
1402 4001 1745 4076 Plutarchi,
1777 4003 1928 4079 puto
1967 4020 2072 4061 me
2107 3999 2275 4061 nihil
2300 4021 2427 4062 non
2456 4001 2680 4064 debere

263 4100 344 4161 ob
399 4100 787 4180 singularem
831 4100 1110 4162 fauorem
1153 4121 1279 4177 quo
1327 4120 1430 4160 me
1475 4101 1601 4161 iam
1656 4099 1812 4161 olim
1867 4099 2302 4178 prosequitur;
2356 4103 2420 4161 et
2460 4102 2676 4161 tamen

261 4199 565 4261 hactenus
591 4218 669 4259 ex
700 4198 876 4260 illius
904 4198 1338 4261 munificentia
1365 4218 1492 4259 non
1520 4217 1665 4259 sum
1693 4198 1822 4276 pilo
1849 4200 2053 4260 factus
2081 4198 2285 4260 ditior.
2372 4198 2677 4277 Episcopo

260 4294 591 4358 Leodiensi
631 4316 802 4357 1111110
837 4296 1038 4372 Card.‚
1086 4295 1187 4358 cui
1226 4295 1659 4374 inscripsimus
1690 4296 2008 4375 Epistulas
2047 4297 2124 4357 ad
2153 4295 2528 4372 Corinthios,
2575 4298 2676 4358 0111

260 4394 549 4456 h'bellum
603 4395 967 4456 inauratum
1014 4394 1321 4469 misimus,
1369 4394 1469 4455 cui
1525 4394 1899 4456 donauimus
1952 4395 2077 4456 duo
2133 4392 2462 4456 volumina
2509 4394 2675 4455 Noui
2699 4422 2768 4473 40

260 4494 645 4556 Testamenti
702 4494 773 4554 in
828 4493 1217 4554 membranis
1270 4512 1400 4552 non
1455 4492 1841 4570 ineleganter
1894 4494 2193 4554 adornata
2233 4511 2438 4570 neque
2482 4491 2675 4568 precii

261 4592 605 4669 mediocris,
650 4594 726 4652 vt
776 4591 1047 4652 libenter
1086 4590 1384 4651 debemus
1423 4610 1535 4669 pro
1576 4589 1924 4669 splendidis
1979 4588 2306 4668 promissis
2345 4608 2503 4667 quae
2542 4608 2674 4649 non

259 4691 448 4752 semel
503 4690 756 4766 obtulit,
810 4690 902 4750 ita
957 4708 1084 4749 non
1139 4692 1236 4750 est
1280 4688 1444 4767 quod
1496 4688 1593 4750 illi
1648 4708 1764 4767 pro
1819 4688 2050 4749 donato
2105 4686 2391 4748 teruncio
2444 4685 2674 4764 gratias
