3355 5380
641 401 758 455 310
1331 394 1710 455 LETTERS
1765 394 1874 454 OF
1929 394 2329 456 ERASMUS
2842 389 3033 472 [1500

640 553 871 626 homo;
945 571 1170 612 verum
1229 551 1340 629 qui
1397 552 1604 613 multa
1666 550 2078 623 mentiuntur,
2143 571 2272 612 non
2331 555 2570 629 queunt
2626 545 2881 627 semper
2939 552 3038 611 sui

547 678 610 728 45
638 669 951 712 memores
968 670 1122 710 esse.
1195 649 1360 726 Quid
1384 650 1590 710 multa
1605 652 1640 710 Ῥ
1698 650 2101 726 Deprehendi
2123 649 2407 710 animum
2430 647 2651 722 hostis,
2677 648 3034 726 proditoris,

639 748 903 809 latronis
946 749 1027 821 et,
1075 752 1148 808 vt
1189 749 1382 808 verbo
1430 747 1759 809 absoluam
1809 749 2038 821 omnia,
2084 747 2448 826 Augustini,
2493 746 2728 808 veteris
2774 745 3035 824 inquam

638 846 816 907 illius
842 846 1188 923 Augustini
1213 866 1401 923 quem
1430 847 1548 907 tibi
1574 866 1650 906 ex
1683 849 1860 924 parte
1892 846 2208 924 descripsi.

720 944 959 1004 Olfacio
995 944 1177 1004 illum
1215 964 1440 1019 amara,
1480 945 1732 1021 perfida,
1766 944 2045 1017 subdola
2085 944 2355 1023 denique
2391 964 2459 1004 se
2500 944 2695 1021 digna
2721 945 3036 1021 cogitas-03

637 1043 918 1120 illudque
944 1045 1012 1102 in
1041 1042 1267 1118 primis
1293 1043 1457 1120 quod
1489 1042 1849 1103 dissimulat
1877 1042 2166 1120 maxime,
2198 1046 2273 1104 vt
2309 1043 2603 1104 iuuenem
2632 1043 2701 1101 in
2729 1042 3034 1119 Angliam

554 1168 616 1218 50
640 1160 826 1219 quem
854 1141 1164 1217 misimus,
1199 1161 1301 1201 me
1327 1143 1490 1201 clam
1522 1140 1804 1219 excipiat,
1838 1141 2137 1219 pecunias
2174 1141 2472 1202 literasue
2495 1141 2551 1200 si
2579 1160 2733 1219 quas
2770 1141 3034 1215 adferat,

639 1240 914 1312 auferat;
971 1239 1125 1317 quid
1174 1241 1313 1300 tum
1361 1243 1578 1317 postea
1593 1242 1626 1300 ⁶?
1687 1239 1912 1300 deinde
1960 1240 2232 1301 eundem
2276 1239 2400 1300 alio
2443 1239 2710 1316 ableget.
2797 1239 3037 1301 Multas

638 1339 764 1398 scio
805 1357 1024 1398 causas
1066 1338 1295 1414 quibus
1335 1337 1399 1397 id
1442 1337 1741 1398 facillime
1781 1338 1997 1413 possit.
2086 1338 2247 1399 Mihi
2285 1338 2476 1398 verba
2515 1336 2850 1411 dabuntur,
2899 1357 3035 1413 pro·

635 1436 873 1514 fugisse
915 1436 1229 1510 iuuenem,
1281 1456 1593 1514 nusquam
1640 1455 2007 1512 comparere.
2098 1435 2351 1496 Interea
2397 1436 2509 1496 fiet
2552 1434 2811 1512 aliquid.
2897 1436 3036 1497 Aut

636 1534 769 1612 ipse
806 1534 1207 1611 Augustinus
1247 1533 1459 1611 aliquo
1500 1554 1567 1594 se
1608 1534 1679 1594 in
1716 1535 1931 1612 fugam
1968 1534 2275 1609 coniiciet,
2310 1538 2421 1594 aut
2460 1537 2626 1594 certe
2665 1554 2783 1594 nos
2821 1534 3033 1612 aliquo

549 1660 610 1708 55
636 1636 817 1710 pacto
856 1632 1087 1708 perdet.
1187 1631 1348 1692 Mihi
1389 1633 1587 1707 crede,
1625 1633 1832 1707 Batte,
1880 1631 2044 1693 nihil
2085 1634 2165 1694 ab
2206 1652 2280 1693 eo
2319 1634 2576 1710 expecto
2619 1632 2743 1692 nisi
2787 1634 2957 1710 quod
2995 1653 3033 1695 a

635 1730 1055 1809 perfidissimo
1107 1729 1326 1789 sicario
1381 1729 1574 1791 soleat
1625 1729 1957 1808 expectari.
2067 1733 2159 1792 At
2214 1731 2444 1791 misere
2498 1749 2716 1792 vereor
2766 1751 2850 1792 ne
2903 1730 3031 1792 iam

634 1828 889 1890 redierit
928 1828 1179 1888 iuuenis
1216 1848 1286 1888 ac
1329 1829 1621 1904 praedam
1662 1829 1893 1905 praedo
1933 1830 2283 1907 possideat3
2332 1832 2646 1907 captatam
2689 1831 2861 1889 certo
2901 1830 3033 1890 scio

634 1928 735 1989 vel
784 1927 900 1987 hoc
956 1929 1340 2003 argumento.
1432 1925 1594 1988 Nam
1643 1927 1765 2003 ipsi
1809 1927 2171 2005 Augustino
2218 1946 2421 2005 nuper
2466 1927 2779 1988 exciderat
2826 1928 3034 1990 multa

634 2023 985 2099 mentienti,
1037 2028 1109 2084 vt
1152 2024 1325 2098 solet,
1376 2045 1442 2085 se
1485 2025 1695 2085 nescio
1743 2025 1894 2103 quid
1947 2025 2024 2085 de
2072 2025 2322 2086 iuuenis
2367 2025 2643 2085 aduentu
2686 2026 3033 2102 inaudisse,

546 2130 611 2180 60
634 2125 819 2186 illum
861 2124 986 2183 iam
1029 2123 1099 2182 in
1141 2123 1364 2183 itinere
1405 2127 1557 2198 esse,
1590 2143 1705 2183 nec
1743 2122 2002 2185 Parisiis
2038 2125 2147 2184 sed
2184 2123 2309 2184 alia
2344 2123 2449 2183 via
2487 2122 2861 2185 rediturum.
2953 2124 3032 2186 Id

635 2244 708 2284 eo
757 2222 1073 2298 spectabat
1126 2241 1207 2280 ne
1260 2241 1374 2281 nos
1429 2241 1889 2282 occurreremus
1942 2222 2428 2299 redeuntemque
2484 2221 3023 2297 interciperemus.

636 2323 767 2398 Ego
823 2319 1121 2380 continuo
1168 2338 1385 2397 vrgere
1429 2320 1603 2397 coepi
1648 2341 1687 2380 a
1731 2319 2111 2397 quibusnam
2166 2320 2231 2380 id
2287 2320 2640 2396 accepisset.
2734 2319 3032 2382 Primum

633 2420 824 2481 homo
880 2417 1244 2495 nugabatur,
1294 2417 1449 2477 alias
1502 2437 1600 2477 res
1654 2417 2106 2492 interficiebat3
2169 2417 2394 2478 deinde
2441 2418 2552 2478 vbi
2607 2437 2738 2477 non
2794 2419 3033 2483 desisto

631 2516 936 2579 sciscitari
963 2536 1031 2575 ac
1067 2535 1364 2591 premere,
1398 2516 1486 2576 ait
1522 2536 1588 2577 se
1625 2536 1700 2577 ex
1739 2517 2014 2594 quodam
2052 2517 2377 2595 accepisse,
2407 2536 2677 2594 eumque
2714 2517 3024 2579 nominat.

542 2622 604 2685 65
633 2617 768 2694 Ego
802 2614 1091 2692 protinus
1128 2615 1205 2674 ad
1243 2635 1392 2673 eum
1429 2614 1634 2688 mitto,
1668 2616 1890 2694 ecquid
1929 2615 2005 2676 de
2042 2615 2285 2676 Ioanne
2321 2613 2614 2676 audisset.
2700 2615 2819 2675 Ait
2862 2617 3033 2679 nihil

632 2715 759 2775 nisi
796 2713 959 2791 quod
999 2714 1077 2773 ab
1116 2713 1252 2788 ipso
1278 2714 1641 2790 Augustino
1679 2714 2028 2776 instructus
2059 2713 2405 2775 videbatur.
2496 2713 2846 2790 Expostulo
2879 2736 3031 2776 cum

630 2813 1007 2893 Augustino,
1067 2812 1219 2889 quid
1275 2812 1438 2873 mihi
1489 2833 1638 2873 eum
1691 2813 1910 2873 nuncii
1963 2816 2245 2874 autorem
2299 2816 2871 2887 commeasti-asset,
2930 2817 3032 2875 cui

631 2914 944 2972 narrasset
996 2910 1145 2987 ipse.
1235 2910 1454 2971 Variat
1501 2911 1692 2972 homo
1746 2911 2034 2985 colorem,
2090 2914 2297 2972 mutat
2342 2930 2715 2985 sermonem,
2765 2914 3031 2974 tandem

629 3013 952 3087 premente
994 3028 1097 3068 me
1135 3008 1223 3070 ait
1263 3009 1510 3069 ebrium
1548 3009 1741 3070 fuisse
1783 3010 1890 3087 qui
1938 3010 2002 3070 id
2053 3010 2352 3085 dixisset;
2410 3029 2561 3070 nam
2614 3029 2681 3069 se
2725 3010 3027 3088 quicquid

544 3134 605 3186 70
630 3111 795 3169 esset
820 3108 919 3167 illi
945 3107 1195 3167 dixisse.

711 3205 1096 3266 Huiusmodi
1119 3204 1376 3265 technas
1400 3206 1745 3281 permultas
1776 3226 2021 3281 possem
2048 3225 2554 3267 commemorare.
2637 3207 2878 3267 Verum
2909 3208 3031 3269 hoc

630 3304 805 3376 habe,
832 3304 924 3363 mi
946 3303 1185 3378 Iacobe,
1209 3302 1374 3362 nihil
1394 3323 1673 3382 vnquam
1695 3304 1859 3365 mihi
1884 3305 2077 3365 fuisse
2104 3304 2492 3381 exploratius
2521 3324 2711 3382 quam
2729 3306 3032 3384 Augusti-

630 3422 802 3474 num‚
827 3402 880 3461 si
901 3402 1062 3461 clam
1081 3401 1296 3477 possit,
1315 3402 1656 3479 perniciem
1679 3402 1840 3461 mihi
1862 3403 2251 3476 moliturum,
2277 3403 2345 3463 in
2373 3402 2598 3481 primis
2613 3402 2718 3463 his
2744 3406 3033 3479 pecuniis

628 3499 1092 3560 insidiaturum.
1180 3500 1383 3575 Quare
1423 3501 1479 3561 si
1520 3521 1624 3561 me
1665 3501 1917 3561 saluum
1953 3501 2068 3575 vis,
2108 3521 2310 3579 neque
2345 3500 2760 3562 indormisces
2799 3502 2921 3564 hac
2957 3504 3028 3565 in

542 3627 601 3677 75
631 3618 697 3658 re
740 3617 940 3674 neque
979 3597 1096 3656 vlli
1139 3597 1338 3658 labori
1378 3604 1487 3659 aut
1529 3600 1812 3675 sumptui
1853 3619 2084 3676 parces.
2183 3599 2347 3659 Nam
2387 3599 2444 3659 si
2483 3599 2653 3660 hunc
2694 3601 3029 3678 scopulum

629 3694 1183 3772 praeternauigaro,
1216 3698 1454 3756 caetera
1494 3700 1636 3757 tuta
1677 3698 1808 3758 fore
1847 3698 2107 3758 confido.
2201 3697 2344 3757 Hoc
2379 3697 2577 3775 igitur
2615 3701 2714 3758 est
2754 3701 2924 3776 quod
2963 3703 3031 3760 te

626 3794 773 3853 volo
799 3793 1009 3864 facere,
1041 3797 1151 3853 aut
1176 3794 1233 3853 si
1261 3794 1413 3870 quid
1442 3794 1635 3856 habes
1672 3796 1918 3856 melius.
2009 3795 2077 3856 Si
2116 3795 2366 3856 iuuenis
2400 3796 2685 3857 nondum
2717 3795 2912 3859 rediit
2945 3818 3028 3858 ex

627 3891 880 3968 Angli&
914 3893 1118 3967 potest
1146 3892 1284 3951 fieri
1309 3896 1382 3952 vt
1418 3891 1528 3952 ille
1565 3893 1691 3954 alio
1719 3894 1931 3954 littore
1966 3893 2393 3954 transmiserit
2429 3894 2497 3953 in
2527 3894 2820 3969 Galliam,
2854 3896 3029 3956 vide·

625 3990 774 4050 licet
812 4009 850 4049 a
889 3989 1190 4065 magistro
1229 4009 1344 4049 suo
1389 3990 1771 4052 admonitus.
1858 3993 2058 4068 Qum-e
2107 3991 2165 4052 si
2208 3991 2406 4052 libros
2447 3996 2559 4053 aut
2601 3992 2902 4069 pecunias
2947 4014 3027 4055 ex

538 4102 601 4150 8ο
626 4087 808 4148 libris
852 4086 1146 4148 collectas
1189 4107 1380 4163 penes
1417 4090 1485 4149 te
1526 4088 1735 4164 habes,
1766 4110 1916 4150 caue
1959 4111 1994 4150 e
2036 4110 2230 4150 manu
2277 4090 2572 4164 emittas;
2629 4110 2815 4152 serua
2858 4092 3025 4170 quod

624 4186 856 4247 habes:
896 4186 998 4245 sin
1028 4207 1175 4246 eum
1203 4186 1271 4246 in
1295 4184 1651 4247 Selandiam
1682 4192 1790 4249 aut
1819 4189 1941 4249 alio
1969 4187 2252 4263 emisisti,
2287 4189 2463 4266 isque
2495 4189 2783 4250 nondum
2810 4191 3028 4266 rediit,

625 4285 861 4347 enitere
915 4284 1091 4345 omni
1140 4305 1289 4345 cura
1335 4289 1409 4345 vt
1458 4285 1755 4346 iuuenem
1810 4287 1890 4347 ad
1937 4291 2001 4348 te
2049 4307 2303 4348 reuoces
2356 4290 2423 4347 et
2477 4283 2776 4366 quicquid
2833 4289 3033 4350 habet

626 4385 871 4461 eripias,
905 4383 1177 4445 maxime
1206 4384 1372 4462 quod
1399 4384 1477 4444 ad
1508 4403 1611 4445 me
1636 4385 1995 4465 pertinebit,
2028 4406 2111 4446 ne
2138 4388 2541 4447 nummulum
2570 4386 2831 4465 quidem
2857 4406 3031 4448 com·

1178 4542 1257 4600 64.
1298 4555 1356 4590 se
1378 4545 1489 4590 add.
1517 4544 1580 4591 H.
1595 4562 1604 4581 ν
1781 4544 1862 4591 82.
1900 4543 2065 4592 habet
2087 4547 2165 4600 EA:
2197 4544 2364 4593 habes
2386 4547 2448 4594 N.

1344 4710 1423 4755 47.
1463 4692 1745 4758 descripsi]
1781 4694 1911 4758 Epp.
1939 4694 2006 4744 80
2027 4696 2136 4744 and
2157 4709 2238 4757 95.
