3355 5380
659 334 777 388 460
1357 322 1734 385 LETTERS
1789 324 1896 385 ΟΡ
1951 321 2348 386 ΕΒΑΒΜΠΒ
2863 318 2924 403 [1
2938 338 3009 396 51
3030 337 3057 378 1

657 486 753 536 the
778 482 1025 533 addition
1049 479 1108 528 of
1127 480 1252 540 1508
1273 492 1333 528 as
1352 493 1385 527 a
1404 480 1684 542 year-date
1706 483 1764 530 to
1784 479 1882 529 the
1903 478 2114 543 presses
2136 479 2197 528 in
2224 492 2350 541 1522
2371 493 2387 538 ς
2419 478 2518 527 but
2540 477 2587 527 it
2620 478 2669 527 is
2698 480 2756 526 to
2788 478 2854 525 be
2886 474 3061 526 noted

656 553 780 602 that
804 549 1061 599 Erasmus
1082 559 1194 595 was
1218 547 1278 594 in
1301 545 1460 595 Basle
1483 545 1647 596 when
1669 547 1795 595 that
1815 544 2025 596 edition
2048 560 2159 595 was
2180 546 2240 594 in
2264 544 2360 593 the
2381 542 2574 609 press.]

1127 677 1443 725 ERASMVS
1486 678 1637 726 Ro'r.
1684 678 1975 726 THOMAE
2020 676 2217 726 Mono
2259 677 2382 725 SVO
2426 679 2475 726 S.
2521 677 2588 724 1).

735 802 1194 864 Svrnmomsvs
1231 797 1450 860 diebus
1485 818 1630 859 cum
1667 818 1769 859 me
1804 819 1883 860 ex
1919 798 2109 860 Italia
2142 798 2212 859 in
2252 798 2552 877 Angliam
2590 797 2941 877 reciperem,
2975 817 3059 858 ne

654 904 861 963 totum
898 899 1017 959 hoc
1052 900 1305 975 tempus
1336 916 1457 974 quo
1496 917 1654 976 equo
1692 897 1816 958 fuit
1856 897 2261 959 insidendum
2302 899 2576 975 ἀμούσοις
2607 900 2674 958 et
2708 896 3058 957 illitteratis

653 999 886 1061 fabulis
912 999 1233 1070 tereretur,
1267 994 1461 1056 malui
1489 1015 1736 1056 mecum
1763 995 2090 1074 aliquoties
2116 997 2218 1056 vel
2248 995 2324 1056 de
2352 995 2794 1057 communibus
2824 993 3057 1055 studiis

655 1095 890 1157 nostris
915 1092 1156 1171 aliquid
1184 1092 1434 1171 agitare,
1468 1092 1571 1153 vel
1601 1093 1961 1168 amicorum,
1994 1113 2149 1171 quos
2185 1092 2290 1153 hic
2320 1097 2393 1154 vt
2428 1092 2824 1154 doctissimos
2860 1092 2952 1152 ita
2985 1095 3055 1152 et

599 1216 627 1264 5
653 1193 1056 1255 suauissimos
1097 1191 1491 1270 reliqueram,
1535 1192 1965 1253 recordatione
2005 1191 2149 1252 frui.
2234 1190 2413 1252 Inter
2452 1191 2568 1252 hos
2608 1193 2696 1266 tu,
2737 1191 2828 1250 mi
2857 1190 3051 1265 More,

653 1292 754 1353 vel
796 1293 866 1353 in
907 1291 1131 1370 primis
1171 1289 1570 1365 occurrebas;
1627 1289 1808 1350 cuius
1842 1290 2129 1369 equidem
2166 1289 2446 1352 absentis
2487 1289 2713 1350 absens
2750 1288 3057 1350 memoria

654 1407 782 1449 non
823 1387 1007 1447 aliter
1049 1385 1177 1446 frui
1216 1383 1493 1446 solebam
1542 1403 1723 1463 quam
1772 1384 2080 1462 presentis
2123 1404 2379 1463 presens
2420 1383 2870 1446 consuetudine
2913 1403 3059 1444 con-

652 1504 1015 1558 sueueram;
1056 1504 1180 1562 qua
1208 1473 1566 1560 dispeream
1592 1482 1647 1543 si
1686 1482 1840 1561 quid
1866 1502 2147 1561 vnquam
2173 1484 2243 1543 in
2271 1483 2405 1544 vita
2430 1482 2695 1561 contigit
2720 1482 3055 1545 mellitius.

652 1584 820 1663 Ergo
848 1582 1146 1662 quoniam
1175 1582 1433 1642 omnino
1461 1580 1699 1660 aliquid
1729 1581 2044 1660 agendum
2063 1580 2233 1652 duxi,
2258 1584 2321 1642 et
2349 1580 2413 1642 id
2441 1584 2693 1659 tempus
2718 1582 2796 1642 ad
2825 1581 3053 1641 seriam

568 1705 628 1741 ιο
652 1680 1246 1744 commentationem
1273 1701 1492 1757 parum
1519 1679 1850 1741 videbatur
1874 1681 2430 1755 accommodatum,
2456 1679 2667 1741 visum
2693 1683 2794 1741 est
2819 1679 3055 1741 Moriae

650 1782 1027 1843 Encomium
1063 1778 1293 1841 ludere.
1358 1781 1492 1855 Que
1516 1779 1730 1840 Pallas
1758 1779 1918 1840 istuc
1944 1778 2067 1840 tibi
2100 1779 2276 1839 misit
2304 1780 2373 1839 in
2402 1782 2684 1840 mentem
2701 1781 2734 1838 ⁴?
2781 1777 3049 1857 inquies.

652 1880 945 1940 Primum
992 1879 1325 1939 admonuit
1367 1896 1471 1937 me
1516 1877 1681 1938 Mori
1724 1896 2073 1956 cognomen
2121 1877 2241 1938 tibi
2284 1876 2534 1954 gentile,
2583 1877 2749 1956 quod
2795 1881 2927 1938 tam
2969 1877 3052 1938 ad

652 1978 885 2040 Moriae
921 1976 1293 2038 vocabulum
1331 1976 1568 2037 accedit
1606 1996 1795 2054 quam
1835 1996 1903 2036 es
1938 1976 2071 2055 ipse
2107 1995 2144 2036 a
2180 1995 2247 2035 re
2284 1974 2563 2049 alienus3
2603 1994 2672 2036 es
2707 1978 2919 2037 autem
2948 1976 3051 2037 vel

649 2077 936 2136 omnium
991 2074 1308 2151 suffragiis
1362 2075 1804 2136 alienissimus.
1893 2074 2139 2135 Deinde
2184 2073 2540 2151 suspicabar
2584 2074 2757 2135 hunc
2810 2073 3054 2152 ingenii

567 2198 624 2248 ¹5
651 2174 849 2235 nostri
875 2174 1090 2235 lusum
1117 2173 1238 2233 tibi
1274 2173 1564 2252 precipue
1592 2172 1928 2251 probatum
1955 2173 2050 2248 iri,
2084 2176 2406 2251 propterea
2442 2173 2605 2251 quod
2632 2172 2831 2233 soleas
2857 2173 3052 2235 huius

649 2272 897 2349 generis
922 2271 1093 2348 iocis,
1118 2272 1238 2333 hoc
1263 2274 1360 2333 est
1387 2292 1502 2333 nec
1531 2272 1814 2346 indoctis,
1843 2272 1914 2333 ni
1940 2271 2141 2349 fallor,
2167 2293 2282 2334 nec
2302 2292 2744 2351 vsquequaque
2770 2272 3045 2347 insulsis,

651 2371 971 2449 impendio
1014 2370 1320 2446 delectari,
1366 2372 1431 2432 et
1470 2369 1734 2431 omnino
1778 2370 1844 2430 in
1886 2371 2210 2432 communi
2251 2371 2617 2432 mortalium
2659 2371 2789 2432 vita
2826 2371 3051 2432 Demo·

649 2466 878 2526 critum
925 2466 1239 2543 quendam
1285 2485 1483 2544 agere.
1567 2466 1937 2544 Quanquam
1993 2469 2063 2527 tu
2120 2466 2394 2543 quidem,
2447 2468 2520 2526 vt
2573 2486 2686 2545 pro
2739 2465 3049 2542 singulari

648 2563 915 2641 quadam
957 2563 1199 2641 ingenii
1239 2563 1338 2624 tui
1379 2563 1848 2642 perspicacitate
1894 2564 2084 2641 longe
2122 2561 2369 2644 lateque
2411 2584 2448 2624 a
2486 2564 2678 2643 vulgo
2720 2563 3048 2626 dissentire

564 2688 625 2725 πο
647 2662 826 2740 soles,
858 2662 949 2724 ita
972 2682 1085 2741 pro
1114 2661 1462 2724 incredibili
1490 2682 1741 2724 morum
1768 2662 2079 2724 suauitate
2114 2662 2534 2742 facilitateque
2570 2683 2718 2725 cum
2752 2663 3051 2726 omnibus

649 2761 937 2822 omnium
975 2761 1275 2822 horarum
1311 2760 1638 2823 hominem
1672 2780 1853 2839 agere
1887 2764 1951 2822 et
1992 2765 2171 2839 potes
2207 2765 2270 2823 et
2306 2763 2553 2840 gaudes.
2637 2762 2821 2824 Hanc
2853 2763 3051 2841 igitur

646 2859 1280 2921 declamatiunculam
1328 2878 1458 2920 non
1506 2860 1714 2921 solum
1770 2859 1995 2920 lubens
2048 2860 2315 2939 accipies
2368 2881 2482 2921 ceu
2535 2863 2898 2938 μνημόοννον
2951 2862 3050 2923 tui

646 2956 890 3033 sodalis,
923 2976 1144 3019 verum
1181 2957 1369 3018 etiam
1407 2956 1710 3019 tuendam
1736 2956 2052 3036 suscipies,
2083 2961 2301 3037 vtpote
2338 2959 2458 3019 tibi
2491 2958 2761 3020 dicatam
2799 2960 3049 3039 iamque

646 3058 825 3117 tuam
854 3075 984 3116 non
1013 3075 1240 3117 meam.

562 3179 585 3213 2
593 3177 620 3226 5
731 3153 986 3214 Etenim
1047 3173 1177 3214 non
1240 3154 1505 3215 deerunt
1566 3154 1826 3214 fortasse
1880 3153 2357 3233 vitilitigatores,
2421 3155 2529 3233 qui
2584 3156 3049 3218 calumnientur

646 3251 879 3327 partim
907 3251 1170 3312 leuiores
1196 3271 1331 3313 esse
1358 3271 1559 3328 nugas
1585 3270 1777 3330 quam
1804 3254 1878 3312 vt
1904 3253 2267 3331 theologum
2304 3253 2582 3329 deceant,
2614 3255 2847 3332 partim
2887 3275 3047 3316 mor·

647 3347 925 3409 daciores
966 3367 1155 3427 quam
1193 3352 1265 3410 vt
1302 3349 1658 3412 Christiane
1698 3351 2075 3413 conueniant
2109 3350 2452 3427 modestie;
2502 3372 2737 3430 nosque
2774 3353 3047 3413 clamita·

646 3445 808 3506 bunt
823 3449 1099 3508 veterem
1120 3448 1471 3510 comediam
1490 3451 1602 3510 aut
1622 3448 1972 3510 Lucianum
1992 3450 2353 3527 quempiam
2373 3451 2599 3511 referre
2624 3454 2810 3529 atque
2829 3450 3046 3511 omnia

647 3543 963 3605 mordicus
1016 3545 1305 3623 arripere.
1404 3546 1644 3607 Verum
1701 3567 1858 3625 quos
1913 3548 2274 3625 argumenti
2328 3548 2557 3610 leuitas
2609 3551 2672 3610 et
2731 3548 3043 3610 ludicrum

561 3667 623 3715 30
647 3638 925 3718 offendit,
952 3644 1225 3722 cogitent
1252 3644 1446 3706 velim
1474 3665 1604 3705 non
1633 3664 1845 3705 meum
1875 3647 1994 3707 hoc
2022 3646 2383 3725 exemplum
2409 3667 2556 3723 eme,
2582 3648 2692 3710 sed
2720 3648 2890 3710 idem
2918 3647 3047 3710 iam

647 3738 800 3799 olim
843 3760 880 3800 a
923 3741 1171 3820 magnis
1217 3743 1573 3804 auctoribus
1616 3744 2009 3819 factitatum3
2066 3764 2210 3806 cum
2253 3748 2400 3806 ante
2442 3748 2539 3807 tot
2580 3746 2789 3809 secula
2835 3752 3046 3825 Βατρα-

647 3839 1040 3918 χομυομαχίαν
1094 3840 1313 3900 luserit
1370 3841 1707 3917 Homerus,
1752 3841 1928 3903 Maro
1976 3842 2258 3904 Culicem
2311 3845 2376 3903 et
2423 3844 2749 3919 Horetum,
2806 3845 3043 3906 Nucem
3093 3889 3097 3892 ψ

647 3935 948 4011 Ouidius3
1006 3956 1153 3998 cum
1200 3938 1580 4016 Busyridem
1627 3938 1904 4001 laudarit
1953 3939 2315 4018 Polycrates
2362 3945 2428 4002 et
2475 3942 2667 4002 huius
2714 3942 3045 4020 castigator

647 4032 968 4111 Isocrates,
1002 4034 1386 4097 iniustitiam
1408 4038 1659 4112 Glauco,
1686 4037 2021 4099 Thersiten
2050 4042 2114 4099 et
2141 4043 2510 4118 quartanam
2538 4040 2763 4100 febrim
2795 4039 3043 4099 Fauori·

557 4162 618 4211 35
647 4153 782 4208 nus,
836 4132 1164 4194 caluitium
1213 4133 1529 4212 Synesius,
1590 4155 1871 4198 muscam
1925 4139 1991 4197 et
2044 4137 2436 4215 parasiticam
2481 4137 2833 4212 Lucianus;
2895 4157 3042 4199 cum

647 4232 878 4293 Seneca
939 4231 1186 4294 Claudii
1241 4232 1464 4293 luserit
1517 4233 1851 4310 ἀποθέωσιν,
1910 4235 2285 4297 Plutarchus
2343 4235 2549 4313 Grylli
2615 4255 2759 4295 cum
2813 4234 3044 4313 Vlysse

647 4330 984 4409 dialogum,
1031 4330 1345 4391 Lucianus
1393 4333 1456 4391 et
1504 4331 1815 4410 Apuleius
1861 4332 2155 4410 Asinum,
2201 4336 2265 4395 et
2321 4332 2526 4394 nescio
2581 4332 2722 4412 quis
2771 4335 3045 4395 Grunnii

717 4519 791 4555 11.
825 4504 1122 4554 Encomion
1147 4506 1199 4558 β.
1359 4518 1438 4566 ²9·
1472 4508 1528 4553 et
1552 4503 1823 4554 ludicrum
1836 4508 2019 4560 adda.
2136 4520 2215 4568 3¹·
2251 4518 2374 4555 cum
2395 4508 2524 4555 ante
2548 4542 2561 4555 .
2589 4541 2603 4556 .
2629 4540 2643 4554 .
2670 4507 2752 4569 38.
2777 4505 3047 4569 Hierony·

646 4583 783 4620 mus.
819 4573 890 4625 B:
934 4585 1057 4620 cum
1097 4570 1415 4632 Busyridem
1459 4568 1699 4620 laudarit
1739 4571 2062 4634 Polycrates,
2096 4573 2427 4621 iniusticlam
2466 4572 2687 4633 Glauco,
2721 4577 3045 4634 quartanam

645 4635 843 4685 febrim
869 4637 1186 4699 Fauorinus,
1202 4636 1489 4686 caluicium
1513 4637 1788 4699 synesius,
1817 4650 2052 4687 muscam
2077 4637 2364 4688 Lucianus.
2388 4655 2436 4688 α.
