3355 5380
652 375 768 438 ³52
1349 370 1725 434 LETTERS
1777 371 1884 433 or
1937 365 2335 429 ERAsmus
2852 358 3035 441 [1501

649 529 878 596 iterum
905 537 1090 610 atque
1125 532 1352 593 iterum
1379 529 1653 608 expertis
1683 532 1934 590 tantum
1962 526 2219 587 fiduciae
2246 522 2528 598 accreuit,
2559 525 2631 583 vt
2654 519 2933 581 audeant
2968 519 3043 579 ad

650 625 820 692 tuam
865 627 1342 709 amplitudinem
1390 633 1454 690 et
1500 627 1953 705 extemporales
1998 624 2227 697 venire,
2278 641 2438 700 quae
2484 624 2667 681 antea
2712 638 2792 680 ne
2843 618 3046 678 multa

597 758 624 806 5
649 730 902 808 quidem
929 741 1073 790 cura
1100 729 1385 805 comptae
1412 726 1477 787 id
1506 727 1698 786 facere
1724 722 2050 784 audebant.
2130 722 2330 797 Quam
2359 722 2571 780 tamen
2598 716 3046 795 negligentiam

650 825 848 890 nolim
888 825 1206 888 securitati
1239 827 1491 885 nostrae
1521 821 1780 896 tribuas
1817 820 1927 882 sed
1960 817 2254 880 literariis
2293 815 2851 890 lucubrationibus,
2890 834 3046 892 quae

651 944 752 986 me
791 945 936 985 cum
977 941 1236 1001 semper,
1283 924 1589 1000 quatenus
1630 939 1741 996 per
1778 917 2208 980 valetudinem
2246 915 2411 989 licet,
2455 917 2663 976 totum
2703 914 3045 993 possident,

651 1026 789 1083 tum
833 1023 900 1083 in
941 1021 1291 1100 praesentia
1332 1019 1423 1081 ita
1461 1017 1849 1097 distringunt
1876 1020 1950 1078 vt
1982 1035 2062 1076 ne
2088 1013 2437 1075 valetudini
2471 1013 2730 1091 quidem
2766 1016 3043 1089 parcant.

652 1120 816 1181 Nam
857 1120 1092 1181 Graeca
1131 1118 1433 1197 quaedam
1475 1117 1635 1177 forte
1674 1116 1927 1176 fortuna
1966 1133 2110 1175 sum
2150 1116 2388 1186 nactus,
2430 1112 2502 1173 in
2550 1111 2779 1190 quibus
2826 1110 3049 1171 furtim

571 1248 629 1284 10
651 1216 1138 1280 transcribendis
1178 1219 1244 1278 et
1283 1235 1515 1294 pernox
1556 1235 1699 1275 sum
1741 1218 1806 1275 et
1846 1213 2112 1291 perdius.
2196 1212 2395 1289 Roget
2435 1209 2593 1289 quis,
2632 1209 2784 1287 quid
2823 1211 2918 1270 ita
2953 1229 3052 1269 me

590 1344 594 1347 ’
654 1318 907 1381 Catonis
945 1315 1211 1378 censorii
1252 1315 1515 1376 delectet
1556 1312 1916 1391 exemplum
1963 1316 2037 1373 vt
2075 1312 2193 1372 hoc
2234 1309 2459 1372 aetatis
2504 1308 2698 1371 libeat
2738 1309 3048 1370 Graecari.

656 1415 1006 1495 Siquidem
1035 1431 1226 1492 puero
1260 1412 1435 1487 mihi,
1474 1415 1645 1490 pater
1680 1404 1931 1489 optime,
1964 1413 2075 1470 aut
2108 1408 2262 1470 haec
2298 1427 2481 1470 mens
2509 1407 2744 1481 fuisset,
2780 1413 2894 1468 aut
2929 1428 3052 1468 non

656 1511 1001 1575 defuissent
1028 1511 1236 1590 potius
1271 1511 1433 1571 mihi
1459 1513 1754 1586 tempora,
1786 1508 1969 1586 longe
2006 1506 2404 1568 felicissimus
2432 1525 2654 1568 essem.
2744 1506 2937 1567 Nunc
2972 1506 3058 1566 ita

654 1614 878 1688 statuo,
913 1611 1113 1673 satius
1151 1629 1284 1670 esse
1319 1608 1420 1670 vel
1462 1608 1660 1669 serius
1702 1607 1937 1669 discere
1973 1626 2164 1684 quam
2205 1605 2443 1667 newire
2474 1625 2630 1683 quae
2667 1625 2815 1667 cum
2835 1606 3060 1683 primis

574 1739 630 1789 ¹5
656 1713 899 1789 oportet
960 1713 1187 1770 tenere.
1302 1706 1736 1768 Delibauimus
1800 1709 1866 1767 et
1920 1706 2077 1767 olim
2142 1706 2261 1766 has
2326 1704 2551 1778 literas,
2608 1705 2719 1765 sed
2788 1705 3059 1765 summis

656 1811 958 1870 duntaxat
993 1807 1108 1884 (vti
1147 1806 1351 1883 aiunt)
1382 1805 1599 1875 labiis;
1655 1809 1723 1865 at
1763 1823 1962 1882 nuper
1996 1803 2185 1882 paulo
2217 1803 2405 1863 altius
2445 1803 2730 1881 ingressi,
2765 1803 3059 1864 videmus

655 1907 720 1968 id
763 1906 924 1985 quod
975 1923 1418 1983 saepenumero
1475 1903 1642 1981 apud
1683 1902 2089 1981 grauissimos
2133 1905 2383 1962 autores
2427 1900 2715 1979 legimus,
2761 1902 3057 1963 Latinam

657 2004 1089 2078 eruditionem,
1120 2002 1414 2081 quamuis
1450 2001 1921 2079 impendiosam‚
1952 2001 2108 2061 citra
2133 2000 2566 2062 Graecismum
2602 2019 2897 2062 mancam
2929 2021 3058 2061 esse

657 2123 726 2163 ac
751 2100 1162 2162 dimidiatam.
1246 2099 1438 2178 Apud
1466 2120 1581 2160 nos
1607 2099 1781 2161 enim
1810 2098 2004 2161 riuuli
2030 2098 2140 2160 vix
2165 2098 2421 2177 quidam
2458 2103 2606 2160 sunt
2640 2103 2705 2161 et
2733 2098 3063 2159 lacunulae

577 2227 636 2262 20
658 2198 1040 2275 lutulentae;
1088 2199 1253 2277 apud
1280 2198 1427 2259 illos
1464 2198 1671 2259 fontes
1708 2197 2033 2276 purissimi
2067 2199 2132 2258 et
2166 2197 2431 2259 fiumina
2467 2217 2691 2259 aurum
2717 2198 3059 2260 voluentia.

659 2298 858 2360 Video
905 2295 1288 2358 dementiam
1333 2316 1467 2358 esse
1513 2298 1877 2372 extremam,
1920 2296 2269 2375 theologiae
2315 2299 2558 2374 partem
2605 2317 2762 2376 quae
2808 2297 2888 2358 de
2937 2317 3065 2373 my·

660 2395 865 2458 steriis
892 2398 991 2457 est
1014 2396 1341 2474 praecipua
1376 2395 1646 2472 digitulo
1682 2395 2004 2474 attingere,
2034 2395 2159 2455 nisi
2186 2395 2326 2474 quis
2352 2396 2728 2457 Graecanica
2756 2396 2950 2457 etiam
2979 2397 3069 2455 sit·

661 2496 1010 2556 instructus
1049 2493 1452 2572 supellectile,
1496 2513 1640 2554 cum
1693 2493 1741 2553 ii
1782 2494 1892 2573 qui
1932 2493 2183 2555 diuinos
2220 2496 2465 2555 vertere
2509 2493 2720 2568 libros,
2763 2494 3060 2571 religione

660 2593 1075 2655 transferendi
1102 2593 1193 2654 ita
1221 2594 1487 2655 Graecas
1513 2592 1777 2653 reddant
1804 2593 2051 2670 figuras,
2082 2595 2155 2654 vt
2181 2613 2258 2653 ne
2290 2592 2627 2671 primarius
2651 2593 2902 2672 quidem
2932 2592 3060 2665 ille,

581 2719 605 2752 2
612 2718 639 2768 5
664 2714 849 2773 quem
891 2695 1201 2755 nostrates
1240 2692 1515 2770 theologi
1555 2692 1866 2753 literalem
1910 2692 2256 2770 nominant,
2302 2713 2521 2754 sensus
2560 2693 2942 2771 percipiatur
2987 2693 3067 2753 ab

664 2793 746 2855 iis
787 2792 896 2871 qui
936 2792 1166 2853 Graece
1208 2790 1512 2852 nesciunt.
1602 2791 1757 2867 Quis
1798 2791 1969 2852 enim
2009 2790 2168 2853 illud
2211 2791 2280 2851 in
2323 2790 2576 2852 Psalmo
2617 2791 2953 2869 intelligat,
2987 2790 3069 2852 Et

666 2893 986 2970 peccatum
1015 2910 1230 2952 meum
1259 2892 1477 2950 contra
1503 2908 1604 2950 me
1632 2891 1727 2950 est
1747 2909 2005 2967 semper,
2030 2890 2157 2950 nisi
2179 2890 2411 2951 Graeca
2437 2890 2658 2969 legerit
2674 2892 2707 2950 ⁴?
2735 2910 2897 2967 quae
2923 2891 3066 2951 sunt

669 2988 1046 3065 huiusmodi,
1092 2990 1185 3050 καὶ
1224 2991 1260 3065 ἡ
1304 2989 1546 3067 ἁμαρτία
1582 3014 1694 3064 μου
1743 2989 1974 3048 ἐνώπιόν
2020 3014 2131 3065 μου
2173 2989 2297 3048 ἐστὶ
2342 2987 2653 3051 διαπαντός.
2740 2988 2869 3049 Hic
2912 2989 3071 3050 mihi

636 3088 997 3182 'theologus
1046 3086 1356 3165 quispiam
1426 3085 1681 3164 longam
1730 3086 2003 3147 texuerit
2048 3086 2325 3147 fabulam
2373 3086 2685 3165 quomodo
2734 3106 2879 3148 caro
2929 3108 3071 3148 cum

582 3210 646 3259 30
669 3182 898 3264 spiritu
963 3189 1198 3263 pugnet
1266 3185 1528 3259 assidue,
1593 3172 2087 3303 praepositionis,
2159 3184 2400 3246 scilicet
2466 3188 2703 3260 contra,
2776 3171 3075 3264 deceptus

669 3282 1144 3362 amphibologia,
1190 3304 1335 3344 cum
1377 3283 1620 3344 illude
1596 3283 1830 3344 ἐνώπιον
1872 3302 2000 3344 11011
2040 3302 2316 3362 pugnam
2350 3282 2458 3345 sed
2499 3284 2695 3343 situm
2734 3282 3070 3361 significet,

671 3381 925 3459 perinde
972 3401 1043 3441 ac
1092 3382 1147 3441 si
1196 3381 1379 3456 dicas,
1417 3403 1452 3442 e
1493 3381 1762 3460 regione,
1815 3381 1878 3442 id
1924 3385 2021 3442 est
2062 3381 2130 3441 in
2170 3384 2530 3459 conspectu:
2587 3387 2658 3442 vt
2700 3381 3075 3460 significarit

673 3480 986 3556 Propheta
1025 3479 1274 3557 culpam
1314 3500 1496 3540 suam
1538 3481 1885 3559 vsqueadeo
1926 3480 2048 3540 sibi
2089 3479 2427 3557 displicere,
2477 3486 2547 3541 vt
2586 3479 2724 3542 eius
2772 3482 3081 3542 memoria

675 3595 997 3655 nunquam
1017 3577 1095 3637 ab
1115 3577 1329 3638 animo
1347 3579 1670 3654 recederet,
1698 3579 1805 3639 sed
1825 3598 2072 3657 semper
2092 3577 2293 3639 veluti
2314 3597 2603 3656 praesens
2620 3578 3077 3641 obuersaretur.

588 3693 648 3746 35
676 3676 851 3752 Quod
887 3678 1101 3736 autem
1127 3672 1278 3735 alibi
1304 3679 1417 3751 est,
1450 3676 1622 3737 Bene
1650 3676 1959 3754 patientes
1986 3681 2168 3736 erunt
2197 3679 2269 3737 vt
2303 3676 2685 3737 annuncient
2709 3698 2724 3752 ;
2765 3678 2909 3756 quis
2948 3697 3078 3738 non

676 3775 906 3851 figurae
952 3771 1192 3834 lubrico
1239 3772 1596 3852 decipietur,
1648 3776 1772 3835 nisi
1817 3795 1856 3836 a
1902 3774 2157 3836 Graecis
2208 3773 2496 3836 didicerit
2549 3776 3081 3854 quemadmodum

677 3869 945 3933 Romani
972 3873 1275 3933 sermonis
1302 3874 1755 3935 consuetudine
1794 3873 1954 3935 bene
1980 3874 2181 3934 facere
2214 3873 2478 3934 dicimus
2507 3894 2614 3935 eos
2638 3874 2748 3952 qui
2776 3874 3083 3936 beneficio

679 3969 1039 4048 quempiam
1100 3970 1399 4047 afficiunt,
1446 3972 1538 4032 ita
1578 3972 1847 4033 Graecos
1887 3973 2261 4036 εὐπαθοῦντας
2300 3974 2455 4033 bene
2510 3974 2820 4051 patientes
2877 3974 3082 4035 dicere

678 4069 786 4147 qui
840 4068 1141 4130 beneficio
1195 4070 1596 4131 afficiantur?
1661 4075 1734 4132 vt
1777 4071 1863 4132 sit
1911 4091 2146 4147 sensus,
2199 4071 2374 4132 Bene
2421 4058 2730 4150 patientes
2771 4076 2963 4133 erunt
3010 4077 3084 4133 vt

591 4183 658 4237 4ο
679 4167 1085 4244 annuncient,
1116 4168 1290 4229 Bene
1330 4188 1476 4229 cum
1518 4169 1647 4229 illis
1677 4172 1898 4247 agetur
1928 4175 1989 4232 et
2031 4169 2348 4231 beneficiis
2383 4169 2543 4230 meis
2573 4168 2979 4257 iuuabuntur,
3011 4176 3083 4231 vt

682 4284 888 4327 meam
915 4266 983 4326 in
1012 4286 1078 4327 se
1104 4265 1578 4327 beneficentiam
1607 4268 1979 4346 praedicent.

715 4598 720 4601 a
752 4564 828 4613 15.
847 4510 1022 4615 911111]
1044 4552 1121 4601 Cf.
1145 4552 1201 4599 ii.
1226 4566 1294 4613 39
1316 4566 1369 4600 11.
1388 4552 1497 4601 and
1521 4552 1657 4615 App.
1686 4553 1735 4603 6.
1932 4553 2043 4602 and
2071 4568 2163 4602 122
2185 4568 2240 4603 11.

748 4632 828 4677 24.
864 4618 1160 4679 primarius
1197 4653 1209 4666 .
1234 4650 1248 4666 .
1280 4652 1292 4665 .
1327 4617 1541 4680 sensus]
1577 4619 1675 4667 See
1710 4620 1834 4667 See·
2001 4621 2081 4669 26.
2119 4618 2359 4684 Psalmo]
2385 4634 2466 4681 50.
2488 4634 2522 4680 4
2546 4622 2651 4681 (5¹·
2677 4619 2753 4681 3).

687 4682 867 4744 bohm,
911 4687 1085 4742 Θεία-α
1123 4684 1388 4742 ΒςΙοηηινε
1426 4684 1602 4747 (1887)
1641 4700 1728 4747 pp.
1767 4699 1834 4747 30
1999 4698 2080 4746 35.
2114 4684 2275 4749 alibi]
2298 4684 2380 4736 ΡΒ.
2407 4700 2469 4747 91
2496 4688 2628 4749 (911).
2660 4700 2736 4745 14.
