3355 5380
682 355 802 414 236
1416 346 1794 410 LETTERS
1835 345 1943 409 OF
1981 344 2383 410 ERASMUS
2896 339 3083 423 [1499

1378 521 1698 569 EBASMVS
1747 519 2007 568 FAVSTO
2052 518 2178 566 SVO
2223 518 2279 565 S.
2324 519 2391 564 D.

763 644 863 705 V‘r
902 647 990 719 tu,
1024 642 1406 705 iocosissime
1444 643 1688 717 Fauste,
1721 640 1939 702 eadem
1977 659 2161 718 opera
2192 643 2257 700 et
2289 638 2454 700 mihi
2489 636 2779 699 ruborem
2816 639 2882 697 et
2916 635 3088 696 theo-

683 744 827 823 logo
881 743 977 804 illi
1030 741 1427 809 stomachum
1483 740 1839 815 excitabas3
1893 738 2104 800 aderat
2150 738 2322 799 enim
2367 738 2438 798 in
2487 736 2704 798 eodem
2755 734 3082 796 auditorio.

684 843 922 903 Verum
952 859 1081 901 non
1109 838 1375 918 expedit,
1408 839 1644 917 opinor,
1677 837 1922 898 irritare
1949 837 2292 898 crabrones.
2377 835 2553 896 Beue
2579 833 2732 896 vale.

1378 1003 1680 1052 FAVS'rvs
1723 1002 2004 1050 ERASMO
2048 1001 2172 1049 SVO
2217 1002 2269 1049 8.
2316 1002 2382 1049 D.

770 1124 1073 1186 Favs‘rvn
1115 1144 1230 1203 pro
1273 1145 1386 1186 suo
1427 1125 1695 1186 Erasmo
1736 1125 1838 1184 vel
1876 1123 2073 1184 emori
2111 1123 2397 1184 audacter
2433 1141 2613 1198 posse
2653 1118 2796 1198 quis
2837 1120 3041 1181 nescit
3061 1121 3095 1180 2>

685 1223 1056 1285 Blaterones
1093 1223 1253 1284 istos
1291 1224 1457 1286 tanti
1500 1223 1760 1284 omnino
1798 1222 2101 1283 faciamus
2142 1221 2364 1300 quanti
2403 1220 2665 1280 culicem
2716 1217 3095 1297 elephantus

690 1320 964 1383 Indicus.
1048 1322 1226 1384 Vale.

1990 1401 2257 1462 Faustus
2284 1400 2491 1462 inuito
2516 1400 2713 1461 liuore
2739 1403 2910 1461 tuus.

1446 1622 1593 1685 101.
1684 1621 1781 1686 To
1825 1621 2058 1687 JAMES
2104 1620 2313 1685 Bia-er.

759 1710 1010 1780 Farrago
1033 1724 1091 1779 p.
1115 1723 1202 1777 91.
2758 1704 2937 1761 Paris.

763 1798 822 1855 F.
848 1816 904 1869 p.
933 1810 1077 1867 251·
1104 1793 1244 1850 HN.
1280 1794 1457 1851 Lond.
1479 1795 1555 1852 iv.
1580 1798 1684 1867 36:
1722 1796 1831 1852 LB.
1857 1810 1947 1867 37.
2628 1791 2799 1865 <May
2829 1791 3023 1863 1499.)

759 1934 894 1999 [Not
917 1935 1045 1996 long
1066 1933 1206 1982 after
1232 1932 1329 1994 Ep.
1361 1947 1429 1995 95
1456 1934 1683 1984 because
1713 1934 1773 1984 of
1799 1934 1893 1984 the
1921 1933 2027 1983 lost
2057 1921 2278 1983 bundle.
2350 1931 2464 1982 The
2486 1931 2785 1981 references
2807 1934 2864 1980 to
2887 1929 3103 1979 Natalis

691 2000 802 2049 and
827 2000 1070 2050 Louvain
1094 1998 1209 2047 also
1229 2012 1385 2061 agree
1406 2000 1547 2049 with
1570 2001 1666 2062 Ep.
1692 1999 1799 2064 95]

1255 2130 1574 2180 ERASMVS
1620 2132 1873 2181 IACOBO
1918 2131 2143 2180 BAT'ro
2188 2130 2313 2179 SVO
2358 2130 2411 2178 8.
2459 2129 2527 2179 1).

774 2250 976 2312 Imm
1017 2254 1091 2312 tu
1133 2251 1419 2312 reuixisti
1456 2255 1531 2313 vt
1575 2273 1677 2313 me
1717 2251 2172 2314 contumeliosa
2211 2252 2477 2330 epistola
2516 2249 2827 2314 occideres
2840 2249 2873 2310 ⁸?
2955 2248 3100 2309 Iam

693 2348 1031 2410 nunciatus
1072 2369 1212 2412 eras
1258 2349 1416 2410 lecto
1463 2350 1684 2411 affixus
1733 2368 1882 2425 esse,
1929 2351 2058 2411 iam
2106 2350 2393 2429 empirici
2436 2349 2670 2411 secturi
2721 2348 2960 2408 ferrum
3005 2364 3104 2406 ex·

692 2450 954 2525 pectare.
1040 2446 1172 2508 Nos
1207 2447 1479 2508 luctuosi
1515 2467 1586 2509 ac
1620 2449 1832 2509 tristes
1869 2448 2260 2527 epitaphium
2304 2446 2785 2509 meditabamur.
2877 2445 2963 2508 Et
3006 2447 3099 2518 tu,

694 2546 751 2606 si
775 2546 898 2607 diis
922 2547 1141 2624 placet,
1169 2546 1378 2607 subito
1404 2548 1657 2607 exortus
1684 2546 1765 2608 ad
1792 2545 2174 2608 inuectiuam
2203 2565 2306 2606 me
2330 2564 2643 2624 prouocas.
2729 2544 3105 2631 Quanquam

637 2669 666 2719 5
694 2645 882 2723 longe
911 2645 1148 2721 malim,
1184 2645 1274 2704 mi
1304 2645 1502 2719 Batte,
1532 2645 1638 2706 vel
1663 2645 1983 2707 acerrimis
2009 2644 2344 2707 inuectiuis
2369 2643 2609 2707 bellum
2634 2646 2845 2707 tecum
2872 2660 3104 2721 gerere,

696 2762 887 2822 quam
913 2742 1218 2822 epitaphii
1244 2742 1561 2804 scribendi
1587 2743 1788 2805 officio
1815 2744 1995 2821 pium
2022 2744 2210 2805 etiam
2237 2744 2510 2804 amicum
2529 2762 2722 2821 agere.
2789 2742 3105 2820 Agedum,

693 2843 1091 2920 accingamur
1126 2842 1334 2921 igitur,
1377 2842 1624 2920 quando
1660 2846 1733 2903 tu
1770 2842 1943 2921 prior
1976 2841 2053 2902 ad
2090 2861 2267 2904 arma
2297 2862 2613 2920 prouocas.
2701 2842 2753 2902 Ο
2792 2840 3106 2919 perditam

694 2940 1055 3002 audaciam!
1102 2939 1319 3003 Audes
1340 2941 1551 3001 virum
1578 2945 1714 3001 tam
1741 2940 2069 3018 magnifice
2098 2943 2502 3001 nummatum
2527 2939 2744 3002 tremis
2768 2936 3108 3000 homuncio

695 3038 1094 3100 contumeliis
1134 3038 1438 3101 lacessere
1452 3040 1485 3098 *Ρ
1560 3038 1739 3114 Quod
1783 3039 1840 3098 si
1885 3057 2034 3115 opes
2080 3057 2251 3099 meas
2293 3037 2747 3116 contempsisti,
2796 3056 2955 3097 num
2999 3037 3107 3097 vel

612 3160 673 3197 10
695 3138 1007 3199 calamum
1043 3137 1293 3198 Erasmi
1338 3136 1660 3197 metuebas
1674 3138 1708 3198 ⁴?
1778 3135 1916 3197 Scis
1960 3135 2189 3214 quibus
2235 3136 2546 3197 machinis
2585 3136 2828 3197 soleant
2876 3133 3109 3196 bellare

698 3236 928 3313 poetae,
976 3254 1131 3312 quas
1171 3233 1230 3294 si
1268 3234 1467 3295 iratus
1505 3236 1575 3295 in
1615 3237 1681 3294 te
1718 3237 1971 3309 torsero‚
2019 3237 2230 3295 actum
2272 3233 2349 3294 de
2388 3235 2452 3294 te
2491 3233 2724 3309 fuerit3
2768 3233 3003 3294 frustra
3045 3237 3111 3294 te

698 3334 898 3393 fossae
934 3332 1109 3408 istae,
1139 3332 1246 3393 isti
1282 3351 1548 3411 aggeres,
1600 3333 1722 3393 ista
1756 3332 2002 3393 moenia
2038 3333 2443 3409 quantumuis
2480 3331 2729 3393 munita
2772 3331 3109 3392 cinxerint.

699 3429 823 3491 Sed
854 3430 1155 3491 hactenus
1190 3430 1620 3507 praeluserunt
1658 3430 1896 3492 velites.
1983 3431 2078 3491 Tu
2115 3429 2237 3490 nisi
2269 3450 2483 3508 pacem
2518 3431 2686 3492 Vltro
2717 3434 2908 3509 petes,
2941 3431 3117 3492 iusta

698 3531 910 3588 tecum
933 3527 1065 3589 acie
1097 3527 1447 3590 decernam.

614 3649 672 3700 ¹5
780 3623 1020 3686 Verum
1072 3627 1247 3686 extra
1299 3626 1522 3703 iocum,
1564 3627 1803 3704 gaudeo
1856 3625 2083 3704 oppido
2130 3645 2320 3704 quam
2367 3648 2444 3687 ex
2484 3630 2711 3704 animo,
2757 3627 2851 3689 mi
2903 3627 3118 3701 Batte,

701 3723 821 3784 tibi
842 3722 1091 3784 ridendi
1114 3724 1320 3785 ocium
1342 3744 1471 3785 non
1490 3725 1719 3788 deesse.
1807 3725 1971 3786 Nam
2000 3726 2271 3785 mendax
2296 3727 2409 3786 illa
2423 3726 2690 3789 Adriani
2715 3727 2980 3805 epistola
3005 3748 3118 3788 me

699 3820 925 3884 misere
973 3821 1375 3896 exanimaret,
1425 3823 1516 3883 ita
1560 3826 1634 3884 vt
1676 3844 1927 3886 mecum
1983 3823 2389 3885 deliberarem
2437 3846 2593 3887 num
2648 3825 2857 3887 isthuc
2911 3845 3120 3888 recur-

699 3919 971 3981 rendum
1018 3922 1198 3981 esset.
1306 3921 1482 3997 Quod
1544 3923 1621 3983 de
1675 3924 1918 3984 sarcina
1962 3923 2172 4001 elapsa
2221 3922 2455 4000 scripsi,
2508 3922 2758 3985 vtinam
2800 3923 3116 3986 eiusmodi

701 4017 787 4078 sit
828 4021 902 4079 vt
946 4019 1081 4080 ioco
1127 4019 1428 4096 scriptum
1476 4021 1685 4082 fuerit.
1790 4021 2107 4097 Quorsum
2155 4020 2412 4082 tendam
2460 4024 2524 4082 te
2578 4021 2809 4083 sentire
2868 4022 3116 4085 scribis.

614 4143 676 4178 20
702 4114 782 4177 Id
817 4135 932 4193 ego
967 4115 1084 4177 tibi
1118 4117 1310 4177 verbo
1346 4119 1688 4195 expediam.
1774 4120 2044 4197 Pergam
2081 4140 2212 4181 non
2246 4140 2368 4199 quo
2404 4140 2658 4181 cursum
2692 4121 3117 4198 institueram,

701 4212 814 4274 sed
870 4233 993 4291 quo
1047 4234 1149 4276 me
1198 4217 1536 4294 tempestas
1583 4217 1715 4296 agit
1757 4221 2203 4295 transuersum,
2253 4218 2377 4279 nisi
2425 4221 2497 4280 tu
2543 4239 2740 4281 nouas
2791 4222 3128 4299 suppetias

703 4311 970 4373 miseris.
1062 4313 1236 4374 Haec
1277 4316 1644 4393 neutiquam
1686 4315 1822 4378 ioco
1862 4317 2042 4393 dicta,
2087 4317 2180 4379 mi
2218 4317 2425 4393 Batte,
2470 4337 2538 4378 re
2577 4318 2714 4397 ipsa
2751 4319 3129 4396 propediem

693 4410 1051 4491 experieris.
1157 4413 1523 4492 Quanquam
1571 4433 1689 4477 nos
1744 4416 2000 4494 quidem
2053 4414 2283 4493 probos
2327 4416 2650 4478 naucleros
2696 4417 3131 4502 imitabimur,

700 4513 771 4570 et
811 4513 946 4572 arte
985 4529 1129 4574 cum
1170 4514 1537 4593 tempestate
1577 4514 2014 4595 pugnabimus.
2100 4515 2187 4577 Et
2225 4514 2330 4576 vel
2369 4514 2547 4578 iratis
2584 4516 2808 4592 ventis,
2848 4515 2905 4577 si
2949 4522 3139 4581 recto

1564 4661 1673 4697 101.
1703 4661 1780 4711 ¹3·
1818 4645 2180 4711 praeluserint
2201 4650 2258 4697 F.
