3355 5380
202 361 419 448 ,ης-1]
570 367 738 428 ron
791 364 1099 426 ΗΕΝΒΥ
1153 364 1606 429 Nonmorr
1658 365 1766 426 ro
1822 365 2290 429 cnsm'mm
2503 370 2614 427 185

228 524 435 586 Aulus
461 522 726 598 Gellius,
755 523 1068 584 Macrobio
1095 523 1326 584 lautior
1350 523 1592 601 hospes,
1623 522 1735 600 qui
1762 523 2032 584 multam
2060 524 2254 587 etiam
2281 524 2350 584 in
2369 527 2616 586 noctem
2645 544 2738 595 140

228 643 345 685 nos
385 622 518 683 suis
565 620 1026 683 candidissimis
1074 620 1203 681 illis
1248 620 1549 682 Noctibus
1594 621 1883 682 detineat.
1971 621 2132 697 Quid
2175 623 2231 681 si
2277 622 2616 700 Apuleium

229 723 507 795 citemus,
555 721 998 799 philosophum
1045 720 1315 798 quidem
1333 719 1520 780 illum
1561 720 1667 780 sed
1708 720 1914 781 fronte
1951 721 2315 799 neutiquam
2352 722 2570 784 tetrica
2586 725 2620 785 ⁴?

230 820 301 881 Si
324 821 541 897 poetas
564 818 901 893 malumus,
933 818 1148 880 veniat
1173 818 1454 881 Catullus
1490 822 1599 879 aut
1636 818 1981 892 Martialis3
2028 822 2137 879 aut
2166 819 2222 879 si
2248 820 2619 880 recentiores

229 918 406 978 iuuat
473 917 707 992 audire,
778 919 1035 978 vocetur
1102 917 1475 994 Campanus,
1546 915 1737 977 homo
1806 917 2001 993 lepori
2067 916 2341 994 iocisque
2410 920 2612 979 natus.

229 1113 615 1192 potationem
661 1132 791 1174 non
836 1111 1206 1174 adhibemus
1258 1114 1367 1174 sed
1417 1113 1486 1173 in
1533 1112 1929 1191 colloquium.
2015 1117 2122 1174 An
2166 1114 2502 1192 quicquam
2545 1117 2618 1176 tu

229 1210 432 1272 cmdis
473 1210 576 1271 vel
615 1210 924 1272 conuiuiis
965 1210 1199 1272 nostris
1241 1229 1377 1271 esse
1421 1211 1654 1272 lautius
1699 1209 1800 1270 vel
1849 1210 2135 1271 conuiuis
2182 1212 2569 1273 commodius
2586 1214 2619 1273 ⁴?

229 1310 395 1370 Nam
424 1310 585 1371 alios
611 1310 864 1387 quidem
900 1310 1197 1370 conuiuas
1233 1330 1362 1370 non
1396 1310 1656 1387 sumptu
1685 1308 1889 1369 solum
1924 1312 2138 1370 nostro
2177 1330 2399 1371 verum
2425 1311 2618 1372 etiam

228 1408 656 1470 sollicitudine
688 1428 934 1470 necesse
966 1412 1060 1470 est
1099 1408 1388 1486 accipere.
1476 1408 1568 1469 Hi
1609 1427 1866 1469 coenam
1904 1428 1982 1468 ex
2022 1408 2192 1469 tristi
2229 1409 2511 1484 hilarem,
2542 1429 2619 1471 ex

226 1506 406 1567 tenui
433 1507 771 1585 opiperam‚
805 1526 882 1567 ex
915 1526 1140 1584 parum
1181 1506 1432 1566 condita
1465 1506 1959 1567 conditissimam
1997 1505 2292 1567 efficiunt.
2377 1508 2463 1569 Et
2488 1511 2621 1569 tan·
2651 1525 2743 1576 150

226 1608 369 1665 tum
418 1605 598 1665 abest
643 1607 716 1665 vt
761 1608 978 1666 nostro
1024 1605 1253 1665 damno
1294 1604 1567 1679 veniant,
1621 1607 1692 1665 vt
1739 1605 2095 1682 sumptibus
2139 1605 2375 1683 aliquid
2424 1605 2615 1667 etiam

225 1703 580 1777 detrahant,
609 1702 881 1764 lauticiis
905 1703 1163 1764 addant.
1219 1701 1402 1763 Adde
1427 1703 1936 1764 commoditatem
1964 1707 2149 1779 atque
2175 1701 2613 1764 vrbanitatem.

223 1801 452 1863 Vocati
485 1820 616 1862 non
662 1803 1018 1880 grauantur,
1061 1800 1219 1861 iussi
1261 1800 1473 1860 venire
1510 1803 1757 1877 praesto
1799 1804 1973 1874 sunt,
2001 1799 2278 1861 inuocati
2320 1819 2453 1862 sese
2489 1818 2619 1860 non

222 1900 543 1976 ingerunt,
577 1898 897 1961 neminem
935 1897 1246 1972 mordent,
1275 1898 1517 1958 nemini
1553 1897 1920 1973 obtrectant,
1951 1898 2176 1959 iniussi
2200 1900 2431 1972 tacent,
2464 1898 2620 1959 iussi

222 1997 587 2075 loquuntur,
639 2000 711 2057 vt
754 1996 1064 2070 volumus,
1118 2016 1276 2073 quae
1330 1996 1640 2070 volumus,
1696 1997 1896 2073 quoad
1953 1996 2258 2071 volumus,
2313 1999 2620 2073 quantum
2649 2016 2741 2068 15⁵

220 2095 541 2157 volumus.
628 2094 809 2155 Nihil
843 2113 1060 2155 eorum
1094 2114 1255 2171 quae
1286 2094 1544 2155 liberius
1577 2094 1742 2155 inter
1782 2095 1932 2155 vina
1972 2095 2177 2156 solent
2217 2094 2471 2183 effudi-i,
2503 2094 2620 2156 sub

220 2194 408 2255 dium
452 2193 746 2271 rapiunt3
803 2212 950 2253 suos
996 2192 1240 2253 animos
1283 2192 1547 2254 candide
1592 2195 2083 2268 communicant,
2132 2196 2348 2255 nostra
2396 2213 2622 2255 arcana

219 2311 482 2354 summa
535 2310 681 2351 cum
737 2290 860 2351 fide
914 2289 1257 2350 continent.
1370 2290 1578 2366 Quum
1625 2290 1986 2369 loquuntur,
2047 2290 2213 2351 nihil
2261 2289 2613 2365 barbarum,

221 2389 392 2450 nihil
437 2388 765 2462 insulsum,
815 2388 979 2448 nihil
1033 2388 1422 2449 ineruditum
1474 2389 1761 2449 efferunt.
1864 2388 2125 2466 Aliquid
2176 2390 2455 2464 narrant,
2510 2390 2621 2449 aut

219 2487 392 2565 quod
421 2487 800 2565 antiquitate
823 2486 1099 2560 delectet,
1131 2489 1240 2547 aut
1266 2487 1430 2564 quod
1459 2486 1743 2548 nouitate
1770 2487 2027 2565 placeat,
2061 2490 2172 2547 aut
2202 2486 2511 2563 elegantia
2538 2487 2623 2547 sit
2649 2492 2744 2543 160

216 2586 517 2663 politum,
542 2588 654 2647 aut
694 2585 968 2647 vtilitate
1010 2586 1494 2646 commendetur.
1582 2586 1756 2646 Haec
1795 2588 1975 2647 tanta
2014 2585 2180 2645 bona
2220 2604 2416 2661 quum
2459 2585 2621 2646 mihi

217 2705 305 2746 ne
332 2683 614 2762 speranti
640 2683 890 2762 quidem
917 2683 1309 2762 contigerint,
1342 2683 1493 2761 quid
1515 2685 1549 2745 *Ρ
1601 2703 1760 2744 num
1782 2682 1900 2743 tibi
1927 2683 2143 2745 videor
2169 2683 2324 2744 satis
2351 2682 2625 2745 fortuna-

216 2787 335 2843 tus
352 2783 421 2842 ‘2’

308 2881 439 2941 Hic
463 2884 537 2941 tu
583 2882 598 2911 ‘
614 2879 862 2941 Videris
884 2882 900 2906 ’
936 2879 1262 2958 inquiebas
1305 2882 1320 2910 ‘
1339 2880 1601 2942 omnino
1628 2880 1731 2940 vel
1766 2880 1903 2957 ipsa
1942 2880 2196 2941 fortuna
2225 2879 2617 2952 fortunatior,

222 2979 518 3042 Henrice.
604 2979 845 3039 Verum
891 2979 1032 3058 quis
1071 2982 1204 3039 tam
1253 2979 1566 3057 propicius
1615 2978 1782 3054 deus,
1829 2978 2038 3052 frater,
2086 2982 2149 3039 te
2190 2980 2369 3039 tanto
2414 2978 2624 3040 beauit
2651 2979 2740 3044 ¹⁶5

219 3078 537 3156 hospite?’
595 3077 835 3155 ‘Longa
854 3080 979 3139 est’
1006 3078 1264 3156 inquam
1291 3078 1368 3139 ‘0
1388 3078 1762 3152 Christiane,
1788 3077 2033 3150 iniuria,
2059 3077 2282 3155 longae
2308 3076 2618 3156 ambages.

217 3176 461 3236 Vemor
495 3177 706 3234 autem
732 3177 805 3234 vt
839 3174 945 3236 hic
972 3176 1209 3237 solidus
1244 3176 1323 3237 ad
1361 3177 1747 3237 narrandum
1775 3175 1909 3236 dies
1940 3178 2244 3253 suppetat,
2275 3175 2382 3236 sed
2410 3178 2624 3236 tamen

218 3273 515 3350 accingar
551 3292 686 3333 rem
722 3273 791 3333 in
825 3293 1021 3350 pauca
1054 3275 1345 3336 conferre.
1431 3274 1693 3336 Nostine
1729 3274 1976 3335 senium
2013 3273 2326 3352 quoddam
2367 3275 2623 3335 nomine

218 3370 299 3432 N.
321 3373 357 3431 ⁴?
374 3371 392 3395 ²
460 3370 557 3430 Τιι
582 3390 729 3431 vero
745 3371 1029 3433 vocabuli
1054 3372 1353 3434 inusitata
1378 3372 1661 3433 barbarie
1688 3373 1973 3447 offensus,
1993 3392 2190 3449 quum
2217 3372 2626 3434 exclamasses

218 3469 402 3530 cuius
450 3468 774 3530 daemonis
819 3469 884 3529 id
929 3490 1161 3531 nomen
1208 3472 1387 3545 esset,
1446 3473 1460 3502 ‘
1480 3470 1748 3544 Desine,'
1789 3470 2049 3547 inquam
2106 3471 2121 3500 ‘
2136 3489 2260 3531 vox
2306 3470 2460 3531 haec
2505 3470 2625 3532 tibi
2652 3479 2746 3534 170

214 3587 449 3645 parum
489 3566 751 3628 barbara
790 3568 1092 3643 videatur,
1136 3569 1194 3629 si
1231 3568 1508 3630 hominis
1554 3568 1903 3629 barbariem
1944 3568 2120 3629 omni
2165 3568 2452 3630 barbarie
2491 3567 2626 3631 bar·

216 3666 492 3727 barioris
544 3666 645 3726 vel
699 3686 775 3727 ex
824 3670 999 3743 parte
1047 3686 1458 3746 cognosceres.
1571 3667 1699 3728 Hic
1751 3686 1894 3726 cum
1943 3665 2300 3728 vniuersam
2356 3669 2623 3729 aetatem

216 3784 406 3825 suam
442 3764 618 3823 omni
654 3765 957 3825 scelerum
995 3785 1215 3844 genere
1252 3769 1548 3826 strennue
1579 3765 1967 3838 exercuisset,
2001 3764 2091 3825 ita
2113 3768 2185 3826 vt
2213 3764 2344 3825 iam
2371 3765 2623 3826 nullum

216 3881 427 3939 neque
468 3861 774 3922 latronem
806 3880 1005 3940 neque
1030 3863 1436 3941 impostorem
1464 3865 1768 3923 metueret
1791 3861 2115 3940 3-quibus
2155 3861 2395 3924 artibus
2436 3864 2515 3925 ad
2554 3864 2621 3924 id

216 3960 632 4037 magistratus
662 3960 1035 4036 ascenderat,
1067 3963 1138 4021 vt
1177 3960 1439 4022 Parisiis
1467 3961 1630 4039 regis
1655 3961 1757 4022 sui
1781 3960 2038 4021 nomine
2064 3961 2400 4039 proditoris
2434 3963 2624 4039 parti·
2650 3972 2740 4025 ¹75

215 4057 343 4116 bus
381 4057 760 4134 fungeretur,
796 4058 960 4136 quod
1003 4058 1148 4120 huic
1188 4059 1439 4119 muneri
1478 4078 1665 4120 nemo
1709 4059 1794 4120 sit
1834 4058 2172 4120 admodum
2213 4059 2473 4120 idoneus
2511 4060 2622 4138 qui

296 4207 403 4266 ¹⁵⁶·
452 4207 527 4253 P:
559 4204 778 4254 effntnri
802 4208 881 4254 E:
914 4207 1128 4257 effutire
1150 4209 1197 4254 Ε
1215 4211 1375 4268 corr-ia.
1540 4210 1648 4270 167.
1685 4212 1732 4257 F
1746 4212 1934 4268 cor-riva
1957 4208 2072 4258 dies
2092 4222 2202 4256 non
2224 4209 2473 4271 suppetat
2495 4211 2552 4256 Ε.

1033 4274 1137 4334 ι76.
1178 4274 1394 4322 muneri
1415 4277 1496 4322 E.
1527 4288 1756 4324 numero
1777 4277 1839 4323 N.

296 4419 405 4465 14⁴·
419 4405 1021 4470 campanus](1427-15
1042 4405 1176 4467 July
1202 4405 1579 4469 1477).His
1633 4405 1729 4454 life
1785 4407 1833 4454 is
1886 4405 2124 4469 prefixed
2190 4409 2247 4454 to
2301 4406 2391 4456 his
2445 4406 2620 4454 works

208 4469 373 4519 John
404 4471 648 4535 Antony,
685 4486 719 4520 a
760 4471 1094 4548 Campanian
1126 4472 1368 4534 peasant,
1471 4472 1682 4535 (Rome,
1706 4472 1875 4535 1495),
1892 4471 2002 4521 and
2020 4472 2111 4521 hia
2128 4472 2319 4522 letters
2332 4472 2471 4522 have
2483 4471 2618 4520 been

212 4535 348 4585 who
369 4536 451 4585 for
479 4537 569 4585 his
590 4536 755 4599 ready
776 4550 849 4585 wi
830 4537 877 4583 it
899 4550 1008 4585 was
1038 4535 1197 4584 made
1219 4540 1373 4586 court
1471 4537 1654 4586 edited
1666 4537 1802 4600 byJ.
1821 4537 2101 4586 Burchard
2118 4536 2613 4615 Menckessaeipzig,

208 4605 347 4664 poet
389 4602 448 4649 to
491 4601 623 4652 Pius
666 4616 713 4650 11
753 4600 865 4651 and
910 4616 1026 4652 rose
1064 4604 1122 4650 to
1169 4603 1233 4651 be
1273 4602 1370 4664 Bp.
1476 4604 1639 4667 1707).
1708 4603 1806 4652 See
1843 4603 2152 4665 Greighton,
2190 4603 2248 4652 ii.
2290 4617 2374 4665 pp.
2412 4602 2528 4665 496,
2568 4616 2615 4663 7,

205 4665 284 4715 01
298 4666 541 4731 Cottone,
574 4669 715 4729 1460,
740 4666 853 4716 and
882 4666 942 4714 of
960 4668 1194 4731 Tei-amo,
1226 4669 1367 4730 1463.
1468 4668 1547 4718 vo
1518 4669 1644 4732 oigt,
1670 4668 1780 4718 and
1802 4668 1964 4720 NBG.

322 4766 479 4798 mn
1403 4769 1440 4811 0
