3355 5380
665 392 785 458 400
1369 386 1748 456 LETTERS
1801 386 1909 448 or
1963 383 2360 447 ERAsts
2868 381 3053 464 [1504

747 542 907 621 Quid
939 544 1157 624 quod
1139 564 1272 623 ipse
1299 544 1536 606 Paulus
1566 542 1909 621 Apostolus
1942 563 2071 604 non
2112 562 2248 604 raro
2282 541 2402 602 hoc
2437 540 2701 602 artificio
2737 540 2917 620 quasi
2956 540 3060 619 pia

662 644 930 724 quadam
963 644 1162 706 vtitur
1189 643 1560 719 adulatione,
1592 642 1855 703 laudans
1878 645 1951 704 vt
1977 642 2268 703 emendet
2283 642 2317 702 ⁶?
2386 640 2528 702 Iam
2551 658 2700 701 vero
2726 639 2833 720 qui
2860 640 3062 717 possis

654 739 922 804 scelesto
967 741 1235 821 principi
1278 743 1416 802 tum
1468 739 1845 820 impunitius
1883 743 2023 800 tum
2071 738 2355 800 acerbius
2393 737 2765 816 exprobrare
2803 738 3063 799 crudeli·

570 848 636 899 60
660 841 859 902 tatem
888 859 1074 919 quam
1102 839 1156 901 si
1183 839 1253 900 in
1290 859 1364 900 eo
1398 839 1795 908 clementiam
1835 837 2189 918 praedices;
2229 837 2339 917 qui
2373 837 2796 915 rapacitatem,
2828 835 3063 898 violen-

661 939 833 1015 tiam,
871 937 1202 1006 libidinem
1241 953 1434 1016 ‘quam
1477 938 1531 999 si
1573 937 2046 1015 benignitatem,
2081 935 2591 1012 moderationem,
2623 935 3063 997 castimoniam

657 1037 779 1099 effe
2592 1097 2595 1100 ,

780 1049 897 1112 ms,
1107 1116 1434 1179 Virtutem
1474 1120 1545 1178 vt
1584 1117 1811 1193 videat,
1859 1116 2325 1195 intabescatque
2366 1114 2581 1177 relicta
2597 1117 2631 1176 Ῥ

742 1231 866 1294 Sed
901 1231 1300 1312 Augustinus
1335 1231 1683 1310 (inquiunt)
1718 1232 1923 1293 multa
1960 1251 2028 1292 se
2063 1231 2297 1291 fatetur
2334 1229 2717 1292 ementitum
2757 1229 2954 1291 fuisse
2997 1230 3066 1291 in

570 1333 634 1400 ⁶5
661 1330 1006 1396 referendis
1061 1329 1353 1392 laudibus
1411 1330 1838 1408 Imperatoris.
1924 1329 2239 1405 Quorsum
2285 1328 2495 1391 isthuc
2543 1329 2850 1407 pertineat
2895 1329 3067 1407 quod

658 1428 768 1494 ille
812 1428 1057 1507 scripsit
1093 1428 1197 1490 vir
1238 1428 1610 1489 obstinatius
1650 1428 1843 1489 etiam
1882 1427 2170 1490 infensus
2208 1426 2550 1504 mendacio,
2582 1445 2711 1487 non
2747 1430 2845 1488 est
2870 1427 3068 1488 huius

661 1527 782 1590 loci
821 1527 1155 1605 disputare.
1195 1557 1200 1560 v
1245 1528 1426 1590 Certe
1457 1527 1656 1602 Plato,
1689 1529 1855 1588 certe
1881 1525 2080 1587 Stoici
2113 1525 2523 1586 mendacium·
2548 1525 2892 1587 officiosum
2931 1546 3064 1604 per·

661 1626 929 1688 mittunt
970 1624 1258 1702 sapienti.
1344 1626 1453 1685 An
1496 1644 1625 1685 non
1668 1627 1833 1686 recte
1881 1623 2189 1702 puerilem
2234 1621 2514 1684 indolem
2552 1623 2731 1685 falsis
2770 1623 3068 1686 laudibus

660 1743 1114 1801 nonnunquam
1140 1721 1220 1784 ad
1247 1721 1503 1783 virtutis
1528 1722 1812 1784 studium
1839 1722 2307 1783 inflammamus
2322 1722 2356 1782 ⁶?
2436 1721 2663 1782 Nonne
2689 1725 2754 1783 et
2782 1723 3068 1800 optimus

573 1820 925 1902 702quisque
962 1818 1243 1881 medicus
1280 1819 1349 1882 in
1385 1820 1616 1898 egrotis
1649 1821 1966 1882 affirmant
2000 1818 2123 1881 sibi
2158 1819 2400 1896 placere
2427 1819 2696 1881 colorem
2722 1823 2912 1899 atque
2937 1821 3069 1882 oris

645 1919 972 1993 habitum,
1001 1925 1130 1980 non
1161 1918 1328 1996 quod
1356 1918 1513 1980 tales
1545 1919 1692 1993 sint,
1724 1919 1833 1980 sed
1859 1921 1932 1980 vt
1962 1917 2121 1979 tales
2157 1917 2431 1980 efficiat?
2511 1916 2696 1979 Adde
2730 1916 2858 1978 hiis
2894 1918 3065 1997 quod

662 2016 913 2096 candidi
955 2016 1229 2095 pectoris
1270 2019 1366 2077 est
1409 2016 1480 2076 in
1524 2016 1622 2077 sui
1668 2015 1973 2095 principis
2013 2014 2426 2079 admiratione
2464 2014 2568 2076 vel
2606 2015 2957 2093 allucinari,
3002 2020 3068 2078 et

661 2114 732 2175 in
765 2134 841 2196 eo
877 2113 1193 2176 laudando
1228 2113 1488 2176 modum
1527 2114 1881 2190 obliuisci,
1862 2135 1931 2176 ιιι
1973 2135 2096 2194 quo
2134 2114 2402 2178 amando
2427 2113 2662 2176 nullus
2700 2114 2887 2175 debet
2929 2135 3068 2177 esse

662 2192 904 2275 modus.
991 2213 1156 2275 Tum
1195 2214 1413 2274 autem
1445 2213 1797 2291 publicitus
1836 2211 2098 2275 interest
2139 2215 2211 2273 vt
2252 2211 2331 2272 de
2372 2211 2658 2290 principe
2695 2212 2890 2274 etiam
2934 2234 3068 2275 non

577 2332 634 2383 *5
663 2310 916 2388 optimc,
955 2313 1170 2374 tamen
1213 2311 1548 2389 plusquam
1589 2311 1831 2389 optime
1870 2289 2146 2372 sentiant
2184 2310 2232 2370 ii
2272 2309 2503 2389 quibus
2544 2311 2826 2389 imperat.
2916 2312 3071 2374 Hiis

662 2408 986 2472 nimirum
995 2408 1403 2488 panegyricus
1420 2408 1735 2485 scribitur,
1762 2429 1890 2470 non
1920 2408 2205 2487 principi,
2230 2409 2284 2470 si
2306 2408 2391 2470 sit
2410 2408 2769 2471 illaudatus.
2840 2409 3070 2488 Neque

661 2506 834 2567 enim
872 2506 984 2567 vni
1023 2510 1334 2586 prestatur
1372 2507 1446 2567 de
1490 2528 1612 2585 quo
1656 2508 1899 2583 dicitur,
1945 2510 2053 2570 sed
2090 2506 2383 2587 plurimis
2419 2507 2584 2585 apud
2622 2527 2772 2587 quos
2806 2509 3064 2583 dicitur,

663 2625 928 2684 quorum
955 2604 1212 2668 auribus
1247 2605 1560 2684 permulta
1577 2635 1578 2638 ¹
1593 2607 1837 2668 tribuas
1873 2626 2121 2668 necesse
2155 2611 2253 2668 est
2265 2629 2289 2685 3
2331 2606 2855 2688 quemadmodum
2882 2609 3010 2670 fit
2987 2629 3067 2672 ιιι

662 2705 1082 2781 concionibus,
1115 2707 1216 2766 cui
1254 2706 1772 2784 panegyricorum
1809 2726 2007 2786 genus
2040 2727 2174 2767 esse
2207 2705 2611 2768 simillimum
2638 2707 2741 2768 vel
2776 2707 2912 2785 ipsa
2937 2728 3071 2771 vox

572 2815 636 2865 8ο
661 2803 974 2881 admonet,
1006 2812 1164 2882 quae
1204 2803 1455 2864 Graecis
1489 2810 1540 2866 a'
1566 2808 1884 2866 conuentu
1918 2805 2307 2883 promiscuae
2342 2804 2774 2866 multitudinis
2811 2806 3066 2869 dicitur.

660 2901 842 2964 Vnde
878 2905 942 2963 et
968 2900 1201 2963 Fabius
1238 2901 1416 2963 nullo
1453 2902 1520 2962 in
1560 2923 1784 2981 genere
1827 2907 2079 2965 tantum
2119 2923 2253 2964 esse
2293 2902 2582 2964 licentiae
2622 2903 2834 2980 credit,
2876 2925 3072 2985 quan-

657 3002 801 3062 tum
828 3000 897 3062 in
926 3000 1006 3061 iis
1032 2999 1363 3078 inquibus
1397 3000 1495 3063 fas
1522 3004 1616 3062 est
1647 3002 1725 3063 ad
1754 3001 2196 3063 demulcendas
2229 3001 2591 3063 auditorum
2622 3021 2806 3064 aures
2843 3024 3073 3069 omnes

659 3098 1001 3160 rhetorices
1036 3099 1226 3170 fucos,
1261 3117 1480 3161 omnes
1499 3098 1773 3162 delicias
1811 3100 2018 3178 palam
2050 3102 2379 3161 ostentare.
2466 3099 2752 3179 Denique
2792 3107 3072 3181 posteris

665 3218 909 3277 quoque
955 3196 1321 3260 scribuntur
1367 3197 1505 3273 ista,
1554 3197 1918 3259 scribuntur
1971 3198 2147 3272 orbi;
2203 3217 2407 3276 neque
2459 3198 2549 3260 ita
2600 3202 2819 3279 magni
2873 3205 3072 3266 refert

574 3300 634 3365 85
657 3294 786 3355 huc
834 3294 1141 3373 spectanti
1195 3293 1373 3355 cuius
1427 3294 1688 3355 nomine
1741 3294 1896 3355 boni
1945 3295 2254 3375 principis
2303 3297 2623 3376 exemplar
2675 3306 3070 3378 proponatur

661 3393 730 3454 in
782 3391 1124 3470 publicum,
1173 3392 1359 3453 modo
1409 3391 1473 3451 id
1521 3393 1693 3471 scite
1719 3393 1928 3469 facias,
1973 3397 2045 3455 vt
2091 3395 2361 3456 cordatis
2408 3414 2551 3467 non,
2584 3396 2915 3471 inescasse,
2954 3403 3068 3463 sed

653 3490 977 3551 monuisse
1004 3488 1272 3551 videare.
1826 3546 1831 3551 .
2844 3554 2849 3559 ,

743 3588 983 3648 Verum
1021 3586 1131 3666 qui
1172 3586 1412 3648 crimen
1453 3588 1832 3650 adulationis
1871 3587 2251 3667 impingunt,
2281 3590 2559 3668 primum
2598 3613 2841 3671 parum.
2867 3598 3072 3659 anim·

662 3680 986 3749 aduertere
1014 3681 1315 3742 videntur
1342 3700 1477 3743 sese
1503 3702 1630 3744 non
1662 3686 1796 3743 tam
1823 3682 1986 3743 mihi
2022 3703 2210 3760 quam
2238 3683 2361 3761 ipsi
2386 3684 2676 3765 Principi
2702 3690 3069 3753 conuicium

570 3804 636 3858 90
666 3778 881 3855 facere,
913 3777 1141 3839 deinde
1170 3797 1299 3839 non
1327 3779 1693 3858 intelligunt
1719 3782 1791 3842 in
1817 3800 1951 3842 sese
1976 3782 2249 3842 recidere
2276 3785 2736 3863 contumeliam,
2769 3808 2916 3849 cum
2944 3788 3071 3868 ipsi

663 3875 1016 3961 adulatores
1039 3876 1174 3936 sint
1200 3876 1480 3938 maximi.
1509 3944 1510 3947 ,
1565 3879 1673 3938 An
1701 3898 1864 3954 vero,
1895 3878 2071 3940 iuxta
2101 3879 2465 3957 Hesiodum,
2499 3882 2604 3944 hic
2629 3905 2874 3964 quoque

1106 3992 1372 4068 κεραμεὺς
1401 3995 1643 4070 κεραμεῖ
1680 3992 1946 4069 φθονέει;
2003 3995 2095 4055 καὶ
2131 3993 2348 4056 τέκτονι
2385 3994 2594 4058 τίκτων

660 4104 912 4166 Verum·
946 4103 1219 4164 nimium
1259 4107 1355 4165 est
1402 4105 1723 4168 interualli
1763 4107 1933 4168 inter
1978 4108 2250 4171 istorum
2291 4110 2654 4172 teterimum
2700 4118 3067 4178 assentandi

593 4212 600 4217 “
665 4222 864 4283 genus
897 4205 962 4264 et
995 4202 1112 4263 hoc
1150 4221 1278 4263 non
1289 4223 1547 4317 ‘meum,
1577 4207 1685 4267 sed
1727 4206 2117 4268 eruditorum
2158 4207 2464 4270 omnium.
2549 4198 2675 4271 1111
2700 4211 2963 4277 laudant
3003 4222 3071 4277 et

725 4367 809 4416 59.
845 4354 904 4401 δε
937 4351 1227 4415 exprobare
1251 4369 1298 4400 a.
1519 4355 1665 4415 63.α
1634 4371 1737 4416 αεγ
1770 4369 1824 4403 vi
1808 4354 2010 4417 i,deant
2039 4355 2483 4418 intabescantque
2506 4357 2559 4410 β.
2779 4362 3067 4422 ⁴¹11·th-

663 4434 738 4482 75.
774 4418 904 4468 Hiis
934 4435 967 4466 α
959 4416 1128 4543 ⁸01?
1161 4420 1228 4470 β.
1276 4417 1349 4466 Hi
1332 4433 1380 4467 is
1416 4434 1466 4479 γ.
1726 4434 1802 4481 77.
1842 4421 1909 4470 de
1952 4434 2059 4483 quo
2092 4421 2149 4469 di
2154 4423 2298 4471 citur
2328 4437 2433 4483 aq.
2474 4421 2544 4471 de
2577 4438 2684 4486 quo
2716 4427 2979 4479 scribitur
3010 4433 3069 4483 8.

657 4501 739 4548 9ο.
773 4499 937 4534 sessa

725 4619 805 4678 63.
839 4613 1141 4678 Virtutem]
1167 4616 1308 4664 Pers.
1331 4631 1380 4678 3.
1407 4619 1489 4677 38.
1976 4621 2057 4668 81.
2093 4619 2382 4685 FabiusJQ
2339 4620 2524 4683 Quint.
2548 4624 2672 4673 Inue.
2696 4624 2745 4673 6.
2772 4638 2820 4674 a.
2846 4641 2909 4688 5-
2918 4642 2962 4688 7.

723 4684 807 4742 64.
833 4679 1207 4757 Augustinus]
1229 4686 1352 4743 Cous.
1376 4683 1425 4732 6.
1446 4684 1494 4734 6.
1688 4714 1711 4757 f,
1975 4700 2057 4747 91,
2097 4685 2422 4752 Hesiodum]
2449 4691 2531 4747 Op.
2556 4701 2637 4749 ⁰5·
