3355 5380
333 394 509 480 1493]
920 396 1149 459 FRoM
1204 396 1606 459 WILLIAM
1663 396 2038 459 HERMAN
2606 400 2720 457 129

495 635 925 687 GVILIELMVS
969 637 1331 686 GOVDANVS
1374 637 1648 685 ERASMO
1694 637 1818 685 SVO
1864 636 2029 685 VIRO
2075 634 2532 692 VNDEOVNQVE

1255 740 1663 790 DOCTISSIMO
1708 742 1760 790 Β.

401 862 661 924 Vmsu
688 863 805 923 illo
840 863 1068 924 itinere
1104 881 1232 924 vna
1268 881 1403 924 eme
1438 863 1735 938 licuisset,
1768 862 2060 943 equidem
2091 881 2392 940 magnam
2425 881 2503 922 ex
2541 881 2615 921 ea
2651 882 2718 923 re

322 962 619 1039 cepissem
671 960 1080 1039 voluptatem,
1134 961 1510 1023 nonnullam
1570 963 1763 1023 etiam
1809 961 2071 1023 fortasse
2125 964 2214 1035 tu,
2264 959 2514 1038 vtrique
2566 980 2718 1022 vero

321 1059 664 1138 plurimum
717 1058 1033 1120 vtilitatis.
1140 1059 1302 1120 Sane
1358 1062 1688 1138 postquam
1751 1078 2109 1137 acceperam
2151 1061 2339 1120 tuum
2391 1059 2713 1133 nuntium,

318 1159 489 1235 coepi
526 1157 856 1219 hominem
896 1158 1152 1233 hortari,
1185 1178 1419 1236 rogare,
1453 1159 1721 1236 denique
1760 1157 1950 1218 etiam
1992 1159 2325 1232 obsecrare,
2355 1160 2429 1218 vt
2468 1158 2718 1235 permit·

317 1259 472 1318 teret
492 1279 509 1331 3
555 1260 702 1334 post
742 1256 1068 1318 decessum
1106 1277 1255 1317 vero
1294 1276 1365 1318 ac
1405 1258 1721 1335 repulsam
1759 1257 2055 1318 acerrime
2089 1258 2187 1317 est
2221 1274 2259 1316 a
2293 1254 2476 1317 nobis
2517 1256 2719 1317 obiur·
2745 1273 2773 1323 5

313 1358 495 1433 gatus
523 1355 603 1415 de
631 1358 810 1415 tanta
841 1355 1321 1417 inhumanitate.
1409 1355 1533 1418 Sed
1567 1355 1722 1434 quid
1763 1374 1910 1434 agas
1931 1357 1965 1416 ⁴?
2018 1356 2110 1414 ita
2140 1355 2334 1415 homo
2369 1356 2484 1415 est.
2573 1354 2716 1416 Non

315 1452 659 1526 ferendum,
716 1452 785 1512 ni
840 1454 1043 1531 magis
1096 1457 1305 1514 metus
1360 1455 1614 1533 quidam
1662 1454 2045 1532 (quanquam
2094 1453 2151 1513 is
2205 1451 2598 1513 subrusticus
2652 1456 2717 1514 et

313 1565 537 1623 parum
564 1550 864 1626 liberalis)
885 1570 1075 1629 quam
1103 1551 1544 1613 maleuolentia
1568 1553 1731 1613 foret
1755 1551 1824 1611 in
1851 1570 2050 1612 causa„
2142 1551 2475 1613 Molestum
2504 1553 2717 1611 tamen

313 1666 516 1723 genus
542 1648 880 1710 hominum
908 1650 1017 1728 qui
1042 1649 1154 1711 vbi
1180 1650 1344 1712 nihil
1371 1670 1530 1729 opus
1555 1655 1666 1724 est,
1697 1653 2012 1723 verentur,
2034 1650 2144 1711 vbi
2172 1668 2329 1728 opus
2358 1651 2467 1723 est,
2500 1647 2715 1710 minus

314 1747 515 1808 nihilo
561 1747 800 1808 habent
843 1748 1267 1811 verecundiae.
1357 1749 1489 1810 Nos
1528 1749 1758 1828 egressi
1799 1748 2018 1810 vrbem
2069 1768 2197 1810 non
2237 1749 2453 1809 minus
2491 1747 2713 1809 horam
2747 1765 2806 1801 ιο

309 1846 823 1922 exspectabamus
850 1850 1037 1908 tuum
1057 1847 1417 1922 aduentum,
1440 1848 1727 1909 sedentes
1745 1847 1838 1924 (vt
1863 1846 2151 1922 iusseras)
2170 1847 2248 1907 ad
2275 1846 2508 1908 esseda.
2570 1846 2716 1908 Non

312 2061 675 2122 quanquam
700 2043 990 2122 equidem
1025 2043 1200 2105 facile
1233 2044 1592 2121 suspicabar
1617 2047 1683 2105 te
1708 2044 1990 2105 inuitum
2018 2042 2324 2117 detineri;
2365 2043 2472 2104 sed
2501 2046 2715 2104 tamen

312 2159 443 2201 non
467 2142 647 2219 potui
676 2161 806 2203 non
832 2160 1193 2203 succensere
1222 2144 1386 2221 quod
1415 2144 1501 2204 sis
1527 2161 1749 2221 passus
1776 2140 2060 2203 detineri.
2151 2141 2320 2202 Tuas
2353 2161 2453 2202 res
2485 2141 2589 2201 hic
2625 2142 2715 2203 ita

313 2256 473 2313 curo,
504 2242 578 2300 vt
604 2259 872 2318 aequum
905 2243 1003 2301 est
1028 2261 1139 2319 pro
1167 2243 1380 2303 nostra
1414 2241 1692 2302 amicitia
1716 2243 1781 2301 et
1805 2261 1846 2301 a
1870 2260 1974 2301 me
2000 2240 2139 2300 fieri
2174 2242 2240 2301 et
2276 2261 2317 2301 a
2353 2243 2418 2301 te
2456 2242 2712 2319 sperari.
2746 2258 2803 2308 15

309 2336 696 2398 Commodus
735 2338 858 2398 tibi
894 2339 1015 2399 erit
1056 2339 1519 2415 Theodericus3
1560 2340 1752 2401 habet
1780 2339 2019 2418 aliquid
2056 2338 2493 2415 vrbanitatis,
2475 2359 2544 2400 m
2578 2339 2714 2401 loco

312 2436 378 2493 te
422 2434 718 2511 laudabit,
765 2436 857 2496 rei
893 2437 1190 2498 familiari
1228 2458 1354 2498 non
1387 2438 1511 2499 erit
1546 2438 1813 2513 inutilis,
1857 2436 2227 2516 perpulchre
2263 2435 2446 2498 callet
2484 2438 2713 2499 culina·

311 2532 489 2593 riam.
575 2534 861 2613 Denique
900 2535 957 2595 si
996 2535 1115 2595 erit
1152 2536 1327 2596 oneri
1360 2539 1470 2598 aut
1502 2536 1842 2612 molestiae,
1875 2536 2057 2597 facile
2092 2534 2445 2610 extruseris,
2476 2537 2710 2615 quippe

309 2632 419 2711 qui
446 2631 689 2695 inuitus
717 2633 880 2695 istuc
906 2635 1171 2698 accedat.

392 2731 573 2806 Quod
613 2732 793 2793 iubes
833 2752 949 2793 nos
987 2732 1154 2794 bono
1193 2754 1328 2795 esse
1368 2735 1596 2810 animo,
1629 2735 1762 2795 fore
1802 2733 1975 2794 enim
2015 2735 2088 2794 vt
2128 2734 2198 2793 tu
2242 2751 2371 2791 non
2408 2734 2710 2810 perpetuo
2741 2760 2801 2796 ιο

307 2827 492 2906 absis,
522 2834 700 2910 grata
724 2831 887 2892 mihi
914 2832 1269 2909 consolatio,
1302 2853 1459 2911 quae
1486 2853 1615 2894 non
1643 2835 1850 2911 potest
1880 2851 2006 2893 non
2035 2849 2113 2891 ex
2139 2849 2351 2890 amore
2377 2829 2706 2908 proficisci.

308 2925 469 2988 Volo
509 2931 725 2990 tamen
768 2949 952 3008 super
979 2929 1096 2990 hac
1132 2950 1202 2992 re
1241 2951 1447 2992 meam
1484 2932 1868 2993 sententiam
1903 2937 1967 2992 te
1994 2949 2124 2990 non
2161 2929 2371 3004 latere,
2405 2929 2712 3009 pauloque

309 3025 502 3087 altius
538 3026 716 3088 lubet
742 3027 954 3090 ordiri.
1043 3028 1336 3104 Emirari,
1366 3031 1460 3091 mi
1499 3029 1777 3105 Erasme,
1808 3028 2093 3090 nondum
2125 3026 2305 3105 potui
2340 3030 2408 3088 te
2451 3028 2531 3088 de
2574 3047 2712 3106 pro·

311 3123 575 3187 sectione
620 3145 751 3188 non
796 3127 1001 3190 solum
1055 3128 1378 3191 neminem
1425 3128 1829 3204 consuluisse,
1875 3127 1985 3188 sed
2034 3146 2113 3187 ne
2155 3144 2404 3186 mecum
2453 3124 2709 3204 quidem

311 3223 459 3299 quid
487 3225 624 3303 ipse
651 3225 1084 3288 constituisses
1110 3228 1600 3288 communicasse
1625 3247 1640 3301 ;
1681 3245 1881 3305 quum
1907 3226 2177 3286 alterum
2205 3227 2436 3298 tamen,
2470 3224 2587 3284 hoc
2615 3228 2712 3285 est
2741 3237 2798 3286 25

309 3322 647 3396 consulere,
677 3327 822 3384 tuae
853 3323 1076 3385 fuisset
1112 3325 1482 3402 prudentiae
1518 3327 1982 3404 argumentum,
2014 3322 2284 3385 alterum
2319 3326 2463 3384 tuae
2497 3323 2568 3382 in
2596 3342 2713 3384 nos

308 3420 797 3485 beneuolentiae.
886 3422 1109 3500 Itaque
1136 3443 1340 3502 neque
1374 3424 1706 3502 prudentis
1737 3442 1940 3501 neque
1979 3422 2166 3484 amici
2194 3422 2429 3484 videris
2454 3420 2710 3484 functus

308 3520 526 3583 officio.
611 3520 1045 3582 Veruntamen
1100 3525 1288 3584 tuum
1341 3523 1412 3583 in
1469 3541 1585 3584 nos
1635 3541 1915 3583 amorem
1957 3525 2067 3583 tua
2121 3520 2420 3581 beneficia
2466 3522 2712 3598 egregie

308 3618 641 3694 declarant,
664 3619 1060 3696 prudentiam
1082 3640 1325 3699 quoque
1351 3623 1492 3682 tum
1514 3621 1800 3681 doctrina
1819 3619 2161 3680 admodum
2187 3618 2545 3697 singularis,
2569 3623 2710 3680 tum

305 3719 545 3777 caetera
598 3720 710 3777 tua
754 3717 918 3777 facta
960 3719 1111 3779 satis
1159 3719 1460 3780 indicant.
1546 3718 1733 3780 Vnde
1775 3719 2155 3779 arbitramur
2197 3718 2424 3777 idcirco
2469 3736 2603 3778 rem
2645 3721 2708 3778 te
2736 3727 2800 3777 30

305 3814 553 3891 celasse,
587 3835 668 3876 ne
695 3835 811 3877 nos
835 3835 1112 3878 essemus
1145 3817 1612 3895 impedimento,
1643 3816 1843 3877 futuri
1867 3815 2083 3894 vtique
2112 3815 2170 3875 si
2201 3815 2704 3894 praescissemus.

305 3913 447 3975 Dici
488 3931 620 3973 non
657 3916 866 3992 potest
892 3933 1080 3992 quam
1117 3916 1255 3990 sim,
1286 3917 1379 3975 mi
1415 3916 1691 3990 Erasme,
1725 3914 1990 3993 cupidus
2026 3914 2284 3975 videndi
2316 3917 2381 3975 te
2415 3914 2707 3975 reducem

302 4013 583 4089 (quicum
618 4013 790 4072 enim
826 4009 1126 4073 libentius
1166 4014 1380 4074 vinam
1397 4014 1452 4090 ?)
1491 4033 1716 4075 verum
1755 4014 1847 4073 ita
1876 4015 1950 4074 vt
1984 4013 2053 4072 in
2091 4031 2226 4072 rem
2257 4017 2435 4073 tuam
2469 4012 2553 4073 sit
2589 4013 2710 4074 iste

304 4109 558 4185 reditus,
587 4129 704 4171 nec
729 4112 945 4171 minus
968 4113 1180 4172 tamen
1209 4112 1527 4174 honestus.
1616 4110 1782 4188 Quid
1804 4110 2098 4188 effugeris
2115 4110 2500 4172 incommodi
2519 4130 2707 4173 nemo

367 4321 415 4357 α.
447 4306 695 4372 vtrique]
720 4307 882 4356 From
905 4307 963 4358 ll.
985 4310 1131 4370 31—6‚
1161 4325 1225 4372 49
1247 4309 1307 4358 in
1333 4308 1450 4357 this
1550 4322 1676 4356 new
1728 4308 2100 4372 employment
2152 4308 2336 4358 would
2387 4309 2544 4358 affect
2588 4309 2705 4359 this

304 4370 466 4421 letter
493 4374 603 4422 and
626 4373 726 4435 Ep
750 4388 832 4434 34.
858 4388 1031 4436 9-131
1013 4375 1058 4423 it
1081 4388 1207 4437 may
1231 4374 1296 4422 be
1327 4389 1449 4422 con·
1551 4373 1771 4437 project.

296 4436 539 4497 jectured
581 4439 709 4489 that
753 4438 1012 4488 Erasmus
1054 4439 1163 4488 and
1203 4439 1448 4489 Hermen
1623 4442 1699 4488 16.
1736 4438 2127 4503 Theodoricus]
2173 4438 2275 4489 hir.
2323 4439 2546 4488 Nichols
2584 4454 2705 4501 sug·

304 4503 410 4552 had
442 4504 689 4567 planned
727 4509 787 4553 to
820 4504 1009 4553 obtain
1048 4504 1198 4555 leave
1238 4508 1294 4553 to
1318 4520 1431 4617 ’iqu
1406 4506 1452 4555 it
1551 4510 1696 4567 gests
1731 4504 1952 4553 ancis
1984 4504 2284 4554 Theodoric
2322 4505 2440 4569 (Ep.
2479 4507 2578 4566 ιο).
2650 4505 2711 4554 1f

304 4569 468 4634 Steyn
490 4572 603 4621 and
626 4585 697 4634 go
719 4570 967 4633 together
989 4573 1046 4619 to
1069 4585 1215 4620 some
1232 4572 1400 4620 unive
1552 4571 1668 4621 this
1700 4571 1749 4619 is
1782 4572 2000 4632 correct,
2034 4571 2105 4620 he
2140 4585 2238 4620 can
2277 4570 2411 4632 only
2442 4571 2580 4619 have
2619 4584 2702 4618 ac-

302 4635 437 4699 sit53
499 4637 614 4687 and
672 4634 800 4685 that
854 4634 1101 4684 Herman
1155 4650 1264 4685 was
1325 4651 1449 4685 now
1552 4634 1875 4699 companied
1916 4635 2170 4685 Erasmus
2207 4650 2278 4684 on
2315 4634 2414 4684 the
2447 4634 2702 4698 journey,

295 4704 520 4754 anxious
566 4707 628 4753 to
674 4701 844 4750 know
885 4701 1008 4750 how
1052 4701 1136 4750 far
1179 4702 1447 4751 Erasmus’
1551 4701 1636 4750 for
1655 4703 1717 4749 in
1740 4701 1838 4763 Ep.
1867 4716 1933 4763 35
1955 4703 2024 4751 he
2050 4703 2096 4752 is
2119 4702 2178 4749 in
2203 4701 2373 4762 Steyn
2396 4702 2570 4763 again.
