3355 5380
660 419 775 475 110
1370 404 1749 467 LETTERS
1804 403 1911 464 oF
1963 401 2370 464 ERASMUS
2861 398 3055 483 [1489

652 570 828 633 enim
865 565 1239 643 iampridem
1265 583 1342 625 ex
1366 566 1430 623 te
1468 562 1622 640 petii
1655 562 1720 621 et
1755 558 2049 621 omnibus
2084 578 2330 637 semper
2355 558 2522 620 votis
2557 578 2888 635 exposcere
2926 578 3055 619 non

654 667 955 740 desinam,
986 684 1099 742 pro
1123 666 1236 725 tua
1262 661 1570 740 singulari
1596 658 2039 720 beneuolentia
2064 662 2128 719 et
2156 659 2348 718 insita
2374 658 2703 735 suauitate,
2736 677 2815 717 ne
2849 657 3057 718 dicam

596 787 625 838 5
654 767 1052 843 spontaneus,
1098 759 1437 836 assensisti‚
1473 758 1580 819 sed
1620 759 1685 819 et
1725 756 1803 818 ad
1846 776 2057 835 preces
2098 758 2343 816 nostras
2381 754 2705 816 cumulum
2747 754 3052 817 adiecisti.

656 863 891 926 Scribis
921 860 1092 922 enim
1125 860 1263 937 (nec
1291 862 1355 919 te
1387 857 1662 918 inaniter
1697 854 2013 932 scripsisse
2052 853 2443 932 crediderim)
2469 853 2635 914 nihil
2668 873 2882 914 rerum
2918 874 3058 915 esse

657 959 823 1039 quod
851 963 915 1021 te
942 957 1168 1019 maiori
1193 954 1467 1017 affecerit
1492 953 1734 1032 gaudio,
1769 972 1960 1032 quam
1987 956 2058 1014 vt
2092 951 2349 1030 paribus
2376 971 2490 1012 nos
2516 951 2741 1012 studiis
2765 952 3060 1013 exercite·

656 1077 817 1131 mus,
836 1060 902 1117 et
928 1054 1163 1117 crebris
1190 1053 1471 1132 epistolis
1499 1054 1783 1113 nostram
1810 1050 1994 1112 nobis
2019 1048 2370 1112 absentiam
2388 1049 2798 1111 vindicemus.
2885 1050 3059 1127 Quae

655 1153 887 1229 omnia,
925 1151 1018 1213 mi
1058 1152 1334 1225 Erasme,
1364 1153 1439 1211 vt
1476 1151 1542 1208 te
1582 1147 2121 1227 quamplurimum
2163 1166 2371 1208 amem
2411 1147 2703 1220 efficiunt,
2741 1152 2807 1207 et
2844 1149 3059 1209 tecum

574 1275 634 1310 10
656 1272 767 1332 per
793 1252 1039 1313 litteras
1073 1250 1319 1328 saepius
1349 1246 1525 1325 loqui
1558 1266 1690 1306 non
1717 1246 2026 1321 omittam,
2062 1250 2125 1307 et
2153 1246 2406 1325 quidem
2433 1245 2614 1306 iuste.
2704 1246 2868 1306 Nam
2895 1245 3061 1307 sicut

658 1349 1089 1413 contumeliosi
1128 1350 1238 1423 est,
1279 1348 1440 1408 teste
1479 1344 1704 1419 Tullio,
1739 1344 1902 1405 male
1942 1344 2328 1423 respondere,
2367 1345 2458 1405 ita
2497 1348 2560 1405 et
2601 1344 2856 1423 superbi
2895 1343 3061 1405 nibil

659 1448 823 1510 velle
876 1448 1159 1527 responsi
1212 1444 1561 1523 rependere.
1653 1444 1920 1504 Gratum
1974 1443 2169 1521 igitur
2222 1442 2384 1503 mihi
2429 1447 2524 1504 est
2574 1447 2637 1504 et
2689 1443 3054 1517 iucundum,

658 1568 870 1610 meum
911 1568 949 1609 a
980 1550 1046 1607 te
1084 1545 1357 1607 officium
1395 1540 1645 1620 requiri,
1679 1544 1744 1602 et
1782 1562 1884 1602 me
1924 1542 2146 1604 rudem
2187 1563 2259 1604 ac
2298 1542 2728 1604 discalciatum
2766 1563 2806 1603 a
2842 1545 2923 1617 te,
2952 1544 3062 1621 qui

659 1646 1004 1726 plurimum
1020 1644 1191 1705 vales
1208 1643 1273 1704 et
1294 1660 1438 1703 vere
1464 1638 1802 1718 praecellis,
1826 1660 1956 1701 non
1982 1641 2359 1718 adspernari.
2434 1643 2488 1703 O
2510 1642 2717 1703 nobile
2732 1642 3062 1721 ingenium

578 1763 634 1813 15
661 1748 725 1806 et
764 1745 996 1806 amoris
1035 1740 1450 1821 amplitudine
1486 1759 1677 1819 quam
1714 1739 2182 1815 gratissimum!
2265 1741 2319 1800 Ο
2350 1740 2839 1801 sincerissimam
2865 1741 3062 1803 chari·

660 1846 854 1904 tatem
880 1844 943 1902 et
980 1840 1264 1901 animum
1294 1836 1780 1899 suauissimum!
1864 1836 2007 1897 Non
2034 1838 2206 1899 enim
2234 1839 2478 1899 suffecit
2508 1840 2626 1900 tibi
2663 1840 2814 1900 haec
2843 1839 3064 1900 eadem

658 1940 869 2002 verbis
904 1939 1254 2018 ingessisse,
1292 1936 1417 1996 nisi
1454 1935 1647 1996 etiam
1673 1937 1961 1995 veterum
2001 1935 2210 1996 studio
2252 1955 2386 1997 rem
2427 1936 2628 2015 ipsam
2669 1935 3068 1998 manifestius

659 2043 724 2100 et
750 2039 1050 2100 efficacius
1070 2035 1466 2098 contenderis
1493 2033 1879 2112 persuadere.
1966 2034 2140 2095 Duos
2166 2034 2377 2112 itaque
2401 2036 2690 2097 ecclesiae
2710 2036 2897 2097 duces
2917 2055 3063 2096 cum

661 2137 919 2198 scientia
944 2139 1084 2196 tum
1105 2135 1238 2195 vita
1265 2132 1770 2210 perfectissimos,
1793 2131 2262 2210 Hieronymum
2285 2134 2507 2212 loquor
2525 2137 2587 2194 et
2609 2135 3062 2211 Augustinum,

573 2256 638 2292 20
661 2234 822 2296 mihi
868 2232 1153 2312 exemplo
1204 2231 1521 2311 proponiS,
1575 2230 1687 2309 qui
1731 2250 1876 2291 cum
1923 2251 2058 2292 esse
2104 2252 2230 2292 vna
2277 2231 2493 2292 minus
2537 2233 2829 2309 poterant
2876 2251 3066 2310 quam

661 2334 973 2410 volebant,
1019 2333 1378 2392 animorum
1421 2330 1864 2391 coniunctione
1911 2331 2288 2409 paribusque
2333 2331 2562 2393 studiis
2606 2331 2699 2391 ita
2746 2332 3067 2392 coniuncti

663 2435 812 2494 sunt
839 2434 911 2492 vt
936 2431 1097 2491 alter
1121 2430 1379 2492 alterius
1404 2426 1694 2489 animum
1721 2430 1786 2489 et
1813 2428 2316 2490 beneuolentiam
2346 2449 2475 2490 non
2506 2429 2791 2490 nesciret.

742 2529 1074 2590 Praeterea
1107 2527 1183 2589 ad
1213 2529 1358 2588 tuae
1386 2526 1711 2588 charitatis
1742 2526 1978 2588 accedit
2014 2527 2340 2588 cumulum
2369 2527 2534 2606 quod
2562 2547 2665 2588 me
2704 2547 2832 2587 non
2860 2526 3068 2588 solum

663 2630 1022 2689 sanctorum
1061 2626 1347 2705 exemplo
1395 2626 1664 2687 excitare
1705 2625 1977 2687 volueris
2023 2626 2102 2686 ad
2149 2626 2567 2701 scribendum,
2613 2644 2834 2686 verum
2874 2625 3070 2686 etiam

579 2746 637 2797 25
663 2729 1123 2806 praeceptorem
1189 2725 1433 2786 tradere
1511 2744 1702 2803 quem
1770 2725 1982 2785 imiter
2051 2725 2130 2786 ad
2200 2728 2510 2787 ornatum.
2626 2725 2804 2802 Quod
2873 2727 3072 2803 igitur

664 2825 1070 2887 Laurentium
1094 2823 1458 2885 Vallensem
1485 2843 1588 2884 me
1614 2823 1892 2884 lectitare
1918 2826 2051 2884 tam
2080 2824 2486 2886 vehementer
2509 2844 2745 2900 exoras,
2779 2826 2845 2884 et
2869 2824 3072 2884 risum

662 2923 827 2985 mihi
864 2925 1012 2986 fecit
1046 2926 1112 2984 et
1138 2923 1432 2985 fructum.
1520 2922 1744 2983 Nescio
1774 2943 1895 3001 quo
1925 2921 2137 2983 oculos
2161 2924 2306 2982 tuos
2343 2922 2688 3001 perdideris
2714 2921 2863 2989 (iam
2891 2922 3071 2982 enim

663 3023 800 3083 ioco
835 3020 1135 3098 ludimus)
1160 3023 1232 3081 vt
1267 3021 1450 3081 illum
1486 3020 1648 3080 mihi
1685 3021 2077 3098 proposueris
2115 3021 2516 3097 imitandum,
2546 3020 2845 3082 aduersus
2881 3040 3074 3099 quem

664 3120 924 3199 plurimi
951 3140 1082 3181 non
1110 3118 1601 3179 contemnendae
1629 3117 1946 3180 doctrinae
1966 3119 2088 3179 viri
2115 3119 2437 3195 consertis,
2459 3123 2532 3181 vt
2555 3120 2752 3196 aiunt,
2776 3118 3076 3180 manibus

578 3233 643 3282 30
665 3217 867 3279 iurata
891 3217 1240 3278 noscuntur
1273 3216 1509 3294 praelia
1535 3215 1897 3293 suscepisse.
1988 3217 2286 3295 Nunquid
2323 3217 2442 3279 tibi
2477 3217 2707 3278 excidit
2737 3220 2972 3296 quanta
2998 3216 3074 3277 in

664 3315 849 3377 illum
891 3314 1183 3393 Poggius,
1227 3314 1329 3374 vir
1373 3313 1764 3391 eloquentiae
1805 3313 2146 3376 admodum
2195 3316 2454 3394 perituS‚
2499 3317 2686 3376 iactet
2733 3313 3078 3376 incendia?

666 3416 775 3475 An
825 3414 978 3475 vtile
1024 3413 1143 3474 tibi
1190 3412 1509 3474 videbitur
1555 3415 1738 3472 tuum
1786 3412 1879 3472 illi
1936 3414 2209 3474 amicum
2258 3415 2657 3489 commisisse,
2711 3414 2888 3475 cuius
2935 3413 3080 3475 sine

667 3511 911 3572 inuidia
948 3509 1176 3571 studiis
1216 3530 1346 3570 non
1386 3510 1616 3588 poterit
1655 3511 2031 3573 inhaerere?
2112 3512 2556 3575 Circumlstrat
2593 3513 2939 3574 multorum
2979 3513 3085 3574 in·

666 3610 906 3671 stantia
952 3609 1137 3670 illum
1182 3607 1489 3670 definiens
1536 3609 1704 3671 haud
1751 3609 1876 3689 legi
1925 3611 2164 3687 debere,
2212 3612 2322 3690 qui
2369 3613 2582 3687 nescit,
2636 3615 2708 3674 vt
2752 3613 3078 3692 inquiunt,

582 3719 643 3771 35
668 3708 794 3769 nisi
830 3707 1075 3769 litteras
1115 3710 1180 3767 et
1221 3707 1428 3786 apices
1469 3707 1779 3771 cauillare.
1868 3707 1950 3769 In
1992 3709 2400 3771 Laurentium
2441 3711 2764 3773 inuehitur
2800 3712 3086 3790 Poggius

669 3807 782 3868 tali
808 3806 1206 3868 tetrasticho:

911 3946 1096 4007 Nunc
1135 3949 1461 4024 postquam
1504 3967 1722 4008 manes
1761 3947 2094 4009 defunctus
2128 3948 2313 4011 Valla
2351 3951 2598 4027 petiuit,

992 4043 1138 4105 Non
1178 4044 1366 4106 audet
1406 4045 1597 4107 Pluto
1636 4046 1827 4108 verba
1867 4046 2095 4108 Latina
2135 4048 2322 4127 loqui.

918 4140 1203 4221 Iuppiter
1241 4142 1413 4205 hunc
1455 4144 1698 4222 superis
1741 4144 2038 4223 dignatus
2076 4145 2315 4208 honore
2356 4147 2596 4224 fuisset,

583 4253 649 4304 40
994 4241 1330 4302 Censorem
1372 4242 1623 4320 linguae
1666 4244 1775 4304 sed
1817 4244 2003 4305 timet
2043 4244 2174 4322 ipse
2213 4265 2384 4306 suae.

769 4497 818 4547 6.
852 4497 1076 4562 Scribis]
1099 4497 1195 4561 Ep.
1221 4514 1301 4560 23·
1333 4500 1503 4547 18-21.
1989 4515 2067 4561 31.
2109 4499 2361 4566 Poggius]
2378 4501 2481 4551 For
2501 4501 2592 4550 his
2613 4505 3088 4567 invoctt'vaeagainst

745 4577 821 4613 11.
857 4563 1062 4628 Tullio]
1086 4567 1179 4623 Ep.
1202 4569 1337 4614 Fam.
1363 4580 1408 4613 1.
1437 4579 1512 4613 ιο.
1922 4566 2082 4615 Valla
2097 4581 2185 4615 see
2202 4567 2378 4630 Voigt,
2396 4567 2456 4616 ii.
2483 4569 2576 4628 148
2592 4583 2706 4630 seq.
2757 4568 2873 4618 The
2895 4584 3087 4620 verses

741 4645 820 4679 πο.
861 4628 1138 4693 proponis]
1163 4630 1259 4692 Ep.
1283 4645 1361 4691 23.
1391 4632 1532 4691 13-8.
1924 4633 1983 4681 in
2007 4632 2065 4680 11.
2094 4646 2258 4693 37-40
2279 4647 2370 4681 are
2392 4636 2489 4682 not
2512 4633 2574 4682 in
2593 4633 2832 4697 Poggio’s
2853 4636 3088 4697 printed

739 4696 819 4744 26.
856 4694 1063 4760 exoras]
1088 4695 1183 4758 Ep.
1211 4710 1289 4757 23.
1322 4698 1527 4747 106-10.
1925 4697 2119 4748 works.
