3355 5380
313 363 498 449 ¹50¹]
961 371 1069 432 ΤΟ
1124 370 1478 433 ANTONY
1536 372 1642 432 OF
1697 371 2045 435 BERGEN
2585 378 2704 435 335

303 523 374 571 de
413 522 586 572 Ponte
623 523 682 573 of
713 525 918 587 Bruges
954 525 1145 588 (Paris,
1183 525 1247 576 D.
1281 525 1435 588 Roce,
1464 542 1492 589 7
1529 527 1660 577 Mar.
1705 527 1851 590 1510)
1893 528 1938 575 is
1976 526 2259 576 dedicated
2305 531 2363 576 to
2403 528 2541 578 him.
2606 529 2704 578 See

303 587 583 652 Goethals,
604 593 730 639 Hist.
752 594 865 640 Lete.
887 591 922 640 i.
942 591 1123 653 85-94,
1142 591 1251 639 and
1276 592 1354 640 De
1379 591 1631 655 Laplane,
1652 597 1740 642 Lea
1760 596 1909 642 Abbe's
1932 599 1986 641 de
2010 597 2080 642 St.
2098 597 2276 655 Bertae'n,
2300 593 2361 642 ii.
2377 594 2557 656 59·88.
2617 594 2705 644 He

304 668 416 702 was
427 669 459 703 a
475 660 672 717 patron
686 653 826 706 from
843 655 1026 705 whom
1046 657 1299 706 Erasmus
1317 658 1509 722 hoped,
1526 659 1625 707 but
1640 658 1738 706 did
1755 663 1851 708 not
1867 658 2071 718 obtain,
2089 658 2253 708 much
2265 662 2322 708 at
2339 660 2454 708 this
2471 660 2702 723 period]

349 775 819 826 ORNATISSIMO
865 777 1077 825 PATRI
1124 777 1461 826 PRAESVLI
1507 778 1663 825 mvl
1715 777 2006 826 BER'I'INI
2054 779 2366 826 ERASMVS
2410 781 2460 828 S.
2504 781 2563 828 P.
2603 781 2668 829 D.

386 873 528 935 ΟΠ(
557 872 946 935 incredibilis
974 874 1339 936 humanitas
1377 878 1509 947 tua,
1537 879 1714 953 pater
1749 874 2157 954 amplissime,
2191 874 2704 939 cumulatioribus

302 971 623 1034 beneficiis
661 992 763 1033 me
799 972 920 1033 sibi
958 976 1171 1035 teneat
1207 972 1567 1035 obaeratum
1610 992 1798 1052 quam
1836 977 1907 1035 vt
1935 974 2207 1051 (etiamsi
2254 974 2475 1053 capitis
2516 976 2704 1037 huius

301 1068 657 1131 auctionem
697 1069 915 1147 fecero)
959 1070 1057 1131 vel
1104 1072 1256 1132 sorti
1302 1071 1635 1132 soluendae
1683 1091 1798 1149 par
1842 1091 1975 1133 esse
2020 1071 2273 1151 possim,
2325 1092 2442 1150 ego
2488 1077 2703 1134 tamen

301 1168 468 1247 grati
504 1168 703 1230 animi
730 1172 1024 1230 conatum
1062 1190 1352 1248 cuperem
1389 1170 1589 1231 officio
1623 1168 1951 1231 literarum
1987 1174 2302 1250 vtcunque
2337 1170 2703 1250 significare,

303 1286 388 1326 ne
434 1265 778 1344 pessimum
819 1287 1052 1329 nomen
1094 1268 1227 1329 iure
1266 1267 1464 1329 videri
1506 1288 1771 1346 possem,
1817 1269 1873 1329 si
1912 1289 2015 1329 aes
2055 1269 2333 1330 alienum
2375 1271 2473 1331 vel
2517 1271 2705 1350 quali·
2729 1300 2756 1348 5

299 1383 545 1442 cunque
619 1384 804 1443 opera
870 1365 1175 1427 redimere
1244 1365 1754 1428 dissimulassem.
1869 1367 2161 1429 Contatio
2235 1387 2338 1429 me
2405 1369 2703 1447 quaedam

296 1462 751 1541 aliquantisper
813 1463 1036 1538 tenuit,
1095 1467 1419 1525 verentem
1468 1464 1760 1527 videlicet
1826 1465 2123 1527 nonnihil
2178 1486 2259 1527 ne
2314 1466 2703 1545 grauissimis

297 1562 444 1622 istis
490 1562 1021 1641 sanctissimisque
1065 1563 1590 1641 occupationibus,
1628 1584 1785 1642 quae
1821 1564 2076 1641 quidem
2115 1584 2241 1625 non
2278 1584 2420 1625 sum
2462 1564 2703 1626 nescius

294 1681 488 1739 quam
525 1660 969 1739 paternitatem
1005 1665 1183 1723 tuam
1221 1661 1414 1736 domi,
1451 1661 1620 1736 foris,
1657 1661 1976 1741 priuatim,
2009 1661 2253 1740 publice
2291 1660 2695 1739 distringant,

296 1759 490 1838 nugis
537 1759 696 1820 meis
743 1759 1208 1839 intempestiuis
1257 1758 1693 1838 obstreperem,
1742 1780 1813 1821 ac
1862 1762 2015 1821 dum
2065 1759 2348 1838 impense
2394 1759 2701 1821 officiosus
2732 1787 2790 1822 10

293 1858 519 1918 studeo
565 1856 783 1933 videri,
834 1858 1047 1919 fierem
1106 1859 1368 1922 odiosus.
1482 1858 1821 1937 Eleganter
1874 1860 2044 1919 enim
2102 1860 2334 1921 Graeca
2387 1858 2702 1936 paroemia

296 1957 540 2018 dictum
578 1960 688 2030 est,
735 1959 959 2035 ἄκαιρος
997 1955 1157 2017 εὔνοι’
1192 1957 1351 2018 οὐδὲν
1386 1958 1590 2038 ἔχθρας
1618 1958 1888 2035 διαφέρει·
1956 1977 2079 2034 qua
2108 1977 2251 2018 vere
2278 1956 2699 2035 significatum

294 2059 392 2115 est
447 2054 614 2115 nihil
667 2054 966 2116 interesse
1023 2054 1543 2117 maleuolentiane
1598 2076 1677 2117 an
1735 2055 2175 2117 beneuolentia
2237 2055 2327 2116 sis
2379 2056 2698 2116 molestus.

292 2153 536 2213 Verum
583 2152 692 2213 vbi
741 2173 777 2214 e
823 2153 1073 2215 diuerso
1121 2158 1501 2215 succurreret
1555 2154 1675 2215 ista
1729 2154 2002 2233 corporis
2047 2152 2296 2215 heroica
2349 2151 2584 2232 species
2631 2172 2699 2212 ac

294 2252 592 2313 valetudo
651 2251 1032 2328 felicissima,
1086 2252 1466 2331 quibuslibet
1522 2254 1713 2314 etiam
1768 2250 2087 2313 laboribus
2138 2250 2323 2313 facile
2377 2272 2504 2329 par,
2560 2255 2695 2313 tum
2731 2274 2788 2324 ¹5

292 2351 547 2411 animus
572 2353 695 2413 isto
723 2350 960 2412 scilicet
988 2371 1237 2429 corpore
1262 2350 1507 2430 dignuS,
1534 2353 1776 2433 εὐγενής,
1800 2350 1864 2412 id
1890 2355 1985 2412 est
2013 2349 2194 2413 albus
2214 2354 2278 2413 et
2304 2350 2463 2411 bene
2493 2355 2699 2424 natus,

293 2449 536 2527 ingens,
587 2448 853 2527 amplus,
906 2453 1225 2511 tantarum
1272 2448 1462 2510 simul
1513 2470 1721 2511 rerum
1780 2469 1985 2528 capax,
2038 2450 2268 2525 dexter,
2321 2450 2400 2511 ad
2450 2450 2701 2529 quiduis

291 2547 610 2609 versatilis
634 2551 698 2608 et
731 2552 1025 2625 tanquam
1065 2548 1142 2609 ad
1172 2548 1384 2609 omnia
1420 2547 1657 2624 factum
1701 2548 1978 2627 miraque
2018 2552 2273 2610 naturae
2307 2548 2701 2627 indulgentia

291 2646 415 2709 tibi
458 2646 790 2725 contigisse
833 2650 903 2708 vt
946 2650 1077 2708 tam
1121 2646 1455 2726 multiplex
1505 2647 1906 2726 negociorum
1947 2647 2207 2724 sarcina,
2254 2666 2517 2727 quorum
2560 2666 2699 2726 pars

291 2745 686 2825 quantalibet
728 2745 925 2807 alium
974 2745 1262 2823 quemuis
1309 2745 1489 2806 facile
1541 2746 1780 2824 obruat,
1827 2749 1891 2806 te
1938 2745 2046 2806 vix
2092 2746 2288 2807 etiam
2335 2744 2463 2806 leui
2509 2765 2698 2807 sensu
2727 2767 2788 2803 πο

290 2842 675 2923 perstringat
695 2843 860 2906 z—id
911 2843 1078 2922 quod
1128 2864 1242 2922 ego
1289 2863 1398 2904 ceu
1441 2843 1625 2922 stirpi
1674 2846 1817 2905 tuae
1869 2841 2252 2922 gentilitium
2303 2844 2455 2907 olim
2511 2846 2576 2904 et
2631 2841 2698 2903 in

292 2942 604 3005 Pontifice
628 2941 823 3002 fratre
850 2943 974 3016 tuo,
1008 2942 1363 3003 Mecoenate
1398 2962 1555 3017 meo,
1587 2961 1731 3002 cum
1760 2942 1828 3001 in
1856 2941 2275 3003 familiaribus
2302 2942 2438 3003 eius
2471 2960 2692 3013 essem,

286 3038 748 3113 animaduerti;
803 3058 1007 3117 neque
1054 3060 1193 3100 raro
1240 3060 1382 3100 sum
1430 3039 1777 3101 admiratus
1818 3040 2077 3101 vnicum
2124 3039 2283 3102 illud
2338 3043 2553 3119 pectus
2604 3041 2700 3099 tot

289 3141 528 3218 pariter
565 3138 753 3199 rebus
792 3139 1086 3200 sufficere.
1176 3139 1291 3199 Est
1331 3138 1503 3199 istud
1545 3138 1802 3217 quidem
1843 3137 2224 3201 Herculeum
2265 3138 2463 3200 animi
2511 3136 2701 3207 robur

287 3238 409 3299 tibi
451 3258 596 3298 cum
638 3237 900 3298 caeteris
943 3236 1285 3315 gentilibus
1323 3236 1454 3298 tuis
1500 3257 1851 3312 commune,
1895 3237 2156 3299 Praesul
2203 3237 2697 3311 humanissime;
2728 3259 2785 3309 ²5

288 3341 605 3398 caeterum
641 3336 710 3396 in
745 3338 828 3409 te,
860 3335 1067 3396 nescio
1098 3356 1220 3414 quo
1244 3336 1449 3411 modo,
1482 3338 1728 3413 praeter
1763 3340 2035 3397 caeteros
2071 3333 2469 3413 peculiariter
2494 3334 2697 3395 elucet

290 3435 534 3497 mellita
554 3434 857 3514 quaedam
877 3453 1126 3496 morum
1156 3433 1455 3508 suauitas,
1479 3436 1542 3495 et
1558 3454 1633 3494 ea
1651 3434 1901 3512 quidem
1929 3455 2183 3495 summa
2202 3455 2345 3495 cum
2366 3433 2698 3504 ,maiestate

285 3534 640 3609 coniuncta,
671 3536 744 3594 vt
770 3532 838 3594 in
866 3532 1170 3594 obeundis
1196 3531 1468 3612 negociis
1495 3531 1766 3610 publicis
1796 3531 1957 3594 nihil
1984 3553 2109 3593 vno
2136 3536 2201 3595 te
2225 3533 2311 3594 sit
2337 3533 2659 3612 augustius
2683 3554 2698 3603 3

288 3653 543 3693 rursum
588 3632 656 3692 in
713 3630 1162 3693 consuetudine
1215 3630 1508 3692 familiari
1563 3631 1730 3692 nihil
1785 3631 2043 3708 comius,
2098 3631 2261 3692 nihil
2316 3630 2693 3710 popularius,

289 3731 455 3793 nihil
499 3729 887 3809 elegantius:
949 3732 1019 3791 vt
1066 3728 1197 3790 illic
1248 3728 1412 3791 nulli
1467 3750 1597 3790 non
1652 3729 2054 3807 admirabilis,
2108 3729 2199 3792 ita
2246 3730 2349 3791 hic
2405 3729 2698 3791 omnibus
2725 3760 2787 3807 30

286 3828 595 3905 amabilis,
629 3826 964 3906 vtrobique
1007 3827 1460 3901 dexterrimus3
1515 3828 1861 3906 vsqueadeo
1902 3828 2022 3889 tibi
2061 3827 2129 3890 in
2172 3831 2467 3908 promptu
2509 3847 2695 3908 quam

285 3927 448 3989 velis
511 3946 841 4007 personam
894 3929 1004 3987 aut
1058 3946 1284 3987 exuere
1337 3930 1446 3988 aut
1499 3946 1761 4001 sumere,
1808 3927 2062 4006 parique
2117 3928 2336 3989 decoro
2390 3929 2494 3990 vel
2550 3947 2692 3989 cum

284 4024 620 4104 purpureis
679 4024 970 4103 tyrannis
1024 4045 1207 4103 agere
1269 4025 1372 4087 vel
1426 4044 1570 4086 cum
1624 4026 1751 4086 mei
1805 4025 2121 4087 similibus
2173 4027 2429 4089 infimae
2482 4027 2695 4088 classis

284 4123 693 4186 homunculis
739 4121 981 4201 plebeia
1027 4123 1297 4202 quadam
1347 4124 1713 4186 affabilitate
1758 4125 1870 4200 vti,
1918 4126 1989 4184 vt
2036 4124 2201 4187 haud
2253 4126 2446 4188 sciam
2495 4146 2576 4187 an
2626 4125 2692 4184 in
2756 4192 2757 4195 Ἴ

285 4221 492 4283 vllum
535 4221 865 4283 mortalem
910 4221 1136 4283 melius
1171 4222 1432 4301 quadret
1468 4224 1745 4284 Graecus
1788 4222 1897 4284 ille
1936 4224 2313 4301 παροιμιώδης
2352 4223 2692 4285 versiculus
2719 4251 2780 4303 35

282 4324 467 4399 (feret
486 4321 662 4383 enim
685 4340 786 4382 me
807 4324 916 4381 tua
937 4320 1392 4401 aequanimitas
1421 4321 1615 4383 nimis
1634 4321 1920 4384 fortassis
1944 4325 2007 4383 et
2033 4321 2311 4401 ineptius
2337 4322 2406 4381 in
2430 4319 2698 4402 epistola

352 4440 460 4490 Trr.
505 4453 734 4489 amnuo
767 4453 803 4487 A
837 4452 1042 4498 annom,
1075 4453 1262 4488 Anam
1299 4452 1416 4488 nm
1448 4452 1661 4489 annm
1684 4443 1745 4489 H.
2102 4456 2150 4503 9.
2198 4439 2581 4504 paternitatem
2616 4441 2688 4486 E:

281 4506 673 4556 celsitudinem
695 4508 750 4556 P.
978 4519 1059 4555 πο.
1098 4504 1209 4554 leui
1231 4508 1306 4554 F:
1339 4505 1454 4554 leni
1479 4510 1537 4557 Ε.
1790 4521 1871 4569 29.
1912 4510 1985 4557 H:
2022 4506 2272 4567 nihilque
2296 4504 2606 4575 popularius
2630 4506 2686 4554 E.

279 4586 367 4635 35.
398 4571 501 4622 N’:
535 4570 877 4634 παροιμιώδης
898 4569 1028 4621 EM

752 4702 827 4738 ιο.
859 4686 1073 4752 ἄκαιρος]
1094 4687 1362 4736 Zenobius
1387 4689 1445 4737 in
1471 4691 1779 4747 Par-omnivm.
1807 4691 1984 4749 Graeci,
2014 4689 2046 4736 i.
2077 4703 2124 4750 p.
2151 4702 2230 4736 20.
