3355 5380
667 387 742 445 32
1250 394 1253 399 ·
1370 380 1749 444 LETTERS
1805 382 1912 445 or
1966 381 2367 444 ERASMUS
2875 374 3073 463 [1524

664 544 729 602 et
755 561 912 619 opus
938 541 1017 602 de
1044 540 1513 619 quatuordecim
1546 540 1824 616 spectris,
1856 540 2016 600 addo
2052 560 2157 600 eos
2193 539 2389 600 libros
2416 537 2606 598 etiam
2641 537 2771 598 illis
2796 537 3067 614 probari,

663 639 772 716 qui
813 639 1082 717 reliquos
1123 640 1536 711 damnarent;
1597 639 1988 716 ‘quanquam
2028 641 2090 698 et
2136 638 2203 697 in
2247 636 2383 698 his’
2427 637 2684 712 inquam
2733 637 3075 697 ‘admiscet

664 740 967 814 quaedam
1001 739 1154 799 sua.’
1235 738 1356 797 Ille
1393 740 1681 815 repetens
1718 756 2069 815 pronomen
2105 739 2252 796 ‘sua
2272 736 2287 760 ’
2313 736 2470 796 risit.
2557 735 2697 795 Hoc
2722 735 2844 794 fuit
2882 735 3076 795 nobis

664 837 944 915 primum
989 837 1370 914 colloquium
1417 837 1491 897 de
1536 837 1782 909 Lutero,
1813 855 1891 895 ex
1932 855 2055 912 quo
2097 855 2211 894 nec
2252 833 2362 894 ille
2402 834 2554 894 satis
2601 835 2874 910 percepit
2913 834 3073 910 quid

609 958 637 1006 5
664 935 825 995 mihi
879 938 1044 995 esset
1086 937 1286 995 animi
1328 935 1397 996 in
1447 935 1771 1002 Luterum,
1822 953 1934 994 nec
1977 953 2091 1010 ego
2137 934 2285 1010 quid
2342 932 2456 992 illi.
2545 932 2822 993 Rursum
2872 953 3075 1010 quum

663 1034 894 1094 iterum
939 1034 1240 1094 inuiseret
1285 1052 1403 1108 me,
1456 1033 1617 1092 forte
1661 1032 1898 1093 iacebat
1944 1032 2014 1092 in
2064 1051 2284 1092 mensa
2337 1031 2502 1091 inter
2550 1032 2784 1091 multas
2825 1032 3078 1091 chartas

663 1133 928 1209 epistola
966 1152 1156 1208 quam
1187 1133 1500 1192 Lutherus
1527 1150 1740 1191 recens
1776 1131 1854 1190 ad
1885 1150 1987 1190 me
2016 1130 2359 1207 scripserat.
2451 1129 2548 1189 Ex
2586 1129 2699 1189 hac
2725 1128 2834 1188 ille
2863 1129 3078 1190 nescio

664 1253 790 1310 quo
818 1234 995 1308 pacto
1025 1231 1214 1290 verba
1240 1231 1541 1307 quaedam
1572 1229 1768 1289 oculis
1804 1233 2104 1305 rapuerat,
2137 1228 2366 1305 quibus
2395 1228 2709 1289 Lutherus
2737 1228 3080 1287 videbatur

665 1350 885 1406 parum
912 1328 1241 1405 magnifice
1270 1329 1345 1387 de
1382 1347 1483 1387 me
1510 1326 1758 1387 sentire.
1847 1326 1992 1387 Mox
2021 1327 2187 1386 inter
2223 1326 2745 1386 confabulandum
2773 1326 2948 1386 visus
2973 1329 3080 1385 aet

580 1449 639 1483 10
665 1429 824 1488 velle
853 1426 1147 1488 suffurari
1174 1426 1404 1485 literaS.
1496 1424 1571 1484 Id
1612 1444 1726 1501 ego
1763 1424 2169 1484 dissimulans
2206 1429 2480 1501 receptas
2507 1445 2542 1484 e
2567 1424 2860 1484 manibus
2896 1423 3080 1483 illius

664 1527 923 1603 reposui.
1012 1525 1166 1583 Post
1207 1523 1357 1582 haec
1396 1522 1666 1599 ingressi
1706 1542 1927 1582 sumus
1960 1527 2226 1598 μουσεῖον
2266 1529 2567 1595 nostrum,
2602 1524 2665 1581 et
2708 1522 3078 1599 aliquandiu

665 1623 1051 1684 confabulati
1105 1641 1325 1679 sumus
1381 1621 1458 1679 de
1507 1620 1692 1679 rebus
1748 1639 1904 1695 quae
1952 1619 2117 1681 nihil
2170 1620 2245 1679 ad
2297 1620 2647 1680 Lutherum
2695 1620 3072 1679 attinebant.

665 1722 932 1782 Interim
976 1719 1405 1778 animaduerto
1453 1718 1640 1777 illum
1696 1737 1913 1777 rursus
1965 1720 2228 1778 eandem
2284 1720 2612 1796 epistolam
2660 1721 2870 1778 tenere
2910 1718 3084 1776 clan-

665 1820 895 1879 culum.
983 1818 1085 1877 Ibi
1114 1817 1323 1876 ridens
1353 1818 1368 1846 ⁴
1388 1816 1477 1876 Vt
1505 1816 1722 1875 video'
1747 1816 2006 1892 inquam
2039 1819 2053 1847 ‘
2073 1817 2314 1877 moliris
2356 1818 2460 1877 hic
2495 1818 2738 1877 furtum
2776 1816 3085 1893 aliquod.’

580 1939 637 1988 15
666 1917 903 1977 Arrisit
943 1915 1053 1975 ille
1089 1920 1151 1974 et
1192 1914 1396 1974 fassus
1435 1916 1545 1973 est.
1636 1914 1807 1990 Rogo
1850 1914 1919 1973 in
1960 1934 2148 1990 quem
2191 1935 2378 1974 vsum
2409 1915 2600 1975 vellet
2642 1933 2783 1973 eam
2824 1914 3072 1972 tollere.

669 2008 947 2074 ‘Dicam’
974 2014 1210 2089 inquit3
1245 2012 1457 2071 ‘multi
1486 2012 1693 2071 conati
1723 2015 1872 2072 sunt
1895 2016 2111 2073 nostro
2133 2034 2377 2089 quoque
2398 2014 2528 2089 regi
2558 2013 2922 2090 persuadere
2952 2011 3083 2071 tibi

664 2133 809 2173 cum
850 2113 1125 2172 Luthero
1170 2111 1389 2169 foedus
1433 2129 1567 2168 esse
1611 2111 2078 2185 arctissimum3
2134 2133 2239 2172 eos
2280 2114 2613 2189 coarguent
2654 2111 2771 2171 hae
2813 2110 3086 2171 literae.’

670 2212 796 2270 ‘Ad
825 2212 941 2270 hoc
960 2211 974 2236 '
1002 2210 1262 2286 inquam
1296 2208 1582 2267 ‘reddam
1612 2212 1676 2267 te
1704 2207 2187 2287 instructiorem,
2218 2213 2281 2269 et
2310 2211 2472 2270 hanc
2505 2210 2666 2270 dabo
2692 2210 3076 2288 αὐτόγραφον,

664 2310 1045 2384 simulatque
1084 2307 1274 2366 fuerit
1319 2307 1641 2383 descripta,
1684 2310 1747 2366 et
1789 2307 2017 2368 addam
2060 2309 2214 2368 duas
2255 2309 2495 2379 alteras,
2529 2309 2594 2367 in
2639 2308 2866 2385 quibus
2908 2306 3082 2367 odio·

580 2430 641 2465 20
668 2409 798 2468 sius
823 2407 1016 2467 etiam
1039 2406 1114 2464 de
1141 2425 1246 2464 me
1273 2404 1617 2480 praedicam
1660 2425 1928 2481 quarum
1958 2407 2220 2465 alteram
2249 2406 2623 2466 excuderant
2645 2405 3076 2482 Argentorati,

665 2507 929 2567 alteram
968 2524 1168 2580 nuper
1203 2502 1572 2563 aediderunt
1609 2503 1817 2563 nescio
1859 2505 1984 2580 qui.
2071 2505 2229 2565 His'
2266 2505 2527 2582 inquam
2559 2507 2768 2581 ‘potes
2802 2507 2866 2564 et
2905 2504 3084 2580 apud

666 2607 993 2668 Caesarem
1013 2607 1027 2630 ’
1069 2604 1243 2678 (nam
1284 2622 1357 2662 eo
1402 2601 1906 2678 proficiscebatur
1948 2601 2210 2680 legatus)
2258 2606 2272 2634 ‘
2290 2605 2507 2664 docere
2551 2603 2712 2663 mihi
2761 2622 2889 2662 non
2937 2605 3082 2662 tam

665 2714 905 2764 arctam
951 2721 1087 2762 esse
1131 2701 1653 2761 necessitudinem
1699 2721 1845 2761 cum
1887 2703 2164 2762 Luthero
2205 2721 2396 2779 quam
2441 2702 2630 2761 multi
2670 2702 3083 2779 praedicant?

666 2803 908 2863 Rursus
942 2802 1064 2861 alio
1100 2800 1410 2876 colloquio
1451 2801 1700 2877 roganti
1743 2801 2026 2879 nunquid
2070 2801 2408 2862 scriberem
2445 2804 2663 2861 contra
2702 2801 3077 2875 Lutherum,

580 2924 637 2973 25
664 2902 764 2962 aio
791 2922 913 2990 ‘me
958 2903 1051 2960 tot
1097 2898 1417 2959 laboribus
1460 2900 1825 2959 necessariis
1874 2900 2140 2960 distrahi
2181 2905 2253 2961 vt
2306 2900 2385 2961 ad
2440 2900 2564 2960 alia
2618 2901 2865 2960 nullum
2909 2904 3082 2961 esset

665 3001 889 3060 ocium.
977 3000 1139 3058 Tum
1182 2997 1381 3073 aperit
1434 2996 1598 3055 mihi
1644 3000 2022 3074 quantopere
2079 2999 2379 3059 Poloniae
2425 3019 2533 3058 rex
2581 2998 2866 3057 infensus
2908 3002 3081 3059 esset

665 3098 957 3170 Luthero.
991 3114 1251 3155 narrans
1277 3094 1602 3153 cuiusdam
1639 3095 2009 3171 praediuitis
2047 3096 2329 3157 fortunas
2371 3116 2591 3157 omnes
2617 3096 2896 3155 addictas
2920 3096 3082 3157 fisco

666 3195 837 3270 regio
874 3194 953 3253 ob
989 3194 1248 3252 Vnicum
1287 3191 1550 3250 Lutheri
1586 3191 1878 3252 libellum
1921 3195 1989 3252 in
2031 3194 2202 3255 illius
2244 3195 2503 3255 aedibus
2545 3197 2881 3270 repertum.
2969 3192 3082 3253 Ibi

666 3292 820 3352 satis
861 3311 1007 3368 prae
1047 3309 1150 3349 me
1190 3289 1312 3349 tuli
1351 3288 1516 3348 mihi
1560 3309 1686 3348 non
1734 3291 1986 3365 probari
2024 3292 2126 3352 vel
2167 3293 2519 3367 saeuiciam,
2566 3293 2669 3354 vel
2712 3293 3079 3369 exemplum

579 3411 643 3461 30
667 3408 778 3465 per
830 3387 1216 3447 occasionem
1270 3386 1612 3446 inuadendi
1670 3386 1891 3449 domos
1946 3390 2201 3450 ciuium.
2286 3391 2570 3467 Denique
2625 3409 3082 3451 conscensurus

667 3505 858 3563 equos
894 3485 1059 3546 redit
1092 3485 1170 3545 ad
1209 3499 1328 3558 me,
1361 3503 1432 3544 ac
1464 3484 1744 3561 deposito
1788 3487 1857 3546 in
1898 3507 2183 3548 mensam
2216 3489 2469 3549 vasculo
2510 3490 2801 3564 argenteo
2834 3490 2849 3519 ‘
2867 3487 3043 3562 Rogo
3065 3489 3081 3514 '

667 3585 879 3662 inquit
924 3584 1027 3642 ‘vt
1072 3583 1189 3642 hoc
1237 3582 1439 3642 animi
1480 3583 1607 3642 mei
1654 3584 1883 3660 pignus
1926 3586 2101 3646 sinas
2146 3607 2282 3647 esse
2322 3587 2484 3664 apud
2527 3587 2629 3647 te!
2711 3586 2917 3659 Quum
2961 3604 3085 3663 ego

669 3702 1037 3757 recusarem,
1068 3700 1329 3741 causans
1356 3700 1460 3741 me
1491 3680 1656 3742 nihil
1684 3702 1962 3760 vnquam
1991 3685 2067 3744 de
2095 3685 2207 3746 illo
2234 3685 2646 3761 promeritum
2685 3704 2797 3744 nec
2834 3702 2970 3742 esse
3006 3683 3079 3743 in

668 3800 792 3856 quo
821 3798 1069 3857 possem
1096 3779 1196 3839 illi
1223 3778 1578 3854 gratificari,
1617 3782 1632 3810 ‘
1649 3779 1826 3840 Nihil
1850 3783 1863 3807 ’
1893 3784 2098 3859 inquit
2131 3788 2146 3814 ⁴
2163 3784 2333 3843 aliud
2363 3784 2477 3843 abs
2504 3786 2567 3843 te
2594 3788 2740 3859 peto
2776 3801 2966 3858 quam
3003 3785 3080 3841 vt

581 3901 642 3952 35
669 3898 843 3938 ames
878 3878 1048 3937 hunc
1084 3877 1446 3937 hominem.'
1526 3879 1807 3939 Tandem
1845 3881 2039 3940 tradit
2076 3884 2140 3941 et
2181 3882 2425 3958 regium
2467 3881 2740 3941 edictum
2784 3880 3080 3941 formulis

670 3995 994 4036 excusum.

751 4073 926 4132 Haec
968 4076 1066 4133 est
1107 4075 1241 4133 tota
1284 4077 1494 4134 nostra
1536 4074 1613 4134 de
1654 4075 1934 4135 Luthero
1975 4075 2410 4136 confabulatio.
2498 4076 2601 4136 Sic
2642 4076 2749 4135 ille
2792 4076 3080 4136 discessit

671 4189 708 4230 a
736 4191 838 4230 me
866 4172 1212 4232 instructus
1247 4174 1313 4231 et
1354 4176 1754 4249 exasperatus
1779 4174 1849 4233 in
1887 4174 2256 4236 Lutherum.
2345 4174 2536 4235 Hunc
2566 4174 2776 4253 igitur,
2808 4177 2880 4235 vt
2908 4194 3079 4235 nunc

739 4435 787 4482 7.
821 4419 1075 4484 epistola]
1111 4421 1214 4469 LB.
1244 4422 1354 4482 726,
1382 4421 1494 4471 LE.
1516 4436 1630 4483 592,
1656 4420 1817 4470 dated
1919 4422 1967 4470 is
1985 4423 2216 4484 perhaps
2232 4423 2334 4472 LE.
2354 4437 2467 4485 505,
2488 4422 2649 4472 dated
2666 4439 2733 4471 no
2756 4424 2901 4473 June
2931 4438 3076 4487 1523,

671 4486 896 4553 (April)
934 4501 1093 4548 15243
1145 4487 1422 4535 answered
1458 4489 1529 4550 by
1563 4488 1820 4536 Erasmus
1921 4489 1982 4535 in
2001 4489 2183 4538 which
2206 4489 2415 4538 Luther
2433 4504 2612 4538 warns
2630 4490 3080 4553 oecolampadius

671 4554 705 4601 8
733 4554 857 4615 May
883 4567 1028 4614 1524.
1920 4554 2131 4615 against
2171 4554 2450 4617 following
2490 4555 2761 4617 Erasmus,
2801 4556 2898 4604 but
2941 4556 2969 4603 1
3009 4556 3081 4604 do

743 4634 817 4679 19.
857 4618 1015 4682 duas]
1049 4618 1162 4666 The
1186 4618 1305 4666 first
1329 4618 1389 4666 of
1419 4619 1569 4667 these
1597 4620 1644 4668 is
1668 4620 1822 4682 prob·
1923 4623 2020 4667 not
2055 4620 2213 4668 know
2236 4620 2358 4669 that
2393 4623 2437 4670 it
2470 4635 2578 4670 was
2611 4620 2835 4683 printed
2869 4624 2926 4670 at
2960 4621 3081 4670 this

670 4685 799 4748 ably
814 4684 1040 4746 LE.401;
1064 4684 1132 4733 cf.
1144 4699 1195 4746 p.
1215 4685 1369 4748 28.37
1389 4697 1445 4735 n.
1498 4685 1610 4734 The
1624 4686 1823 4734 second
1922 4686 2079 4735 time.
