3355 5380
313 399 498 485 ¹50¹]
955 407 1062 469 ΤΟ
1116 407 1552 470 NICHOLAS
1603 408 2047 472 BENSROTT
2584 417 2701 476 365

302 559 661 610 Franciscans
679 565 738 610 at
760 562 1026 626 Mai-burg,
1052 562 1409 627 distributing
1429 564 1519 614 his
1540 565 1744 627 library
1764 568 1822 615 to
1842 567 2057 615 various
2077 565 2287 616 friends
2308 567 2418 616 and
2443 568 2701 631 religious

303 626 502 675 houses
523 644 539 688 ς
573 627 675 676 but
697 628 757 676 in
782 642 910 690 1509
932 629 1207 678 Butzbach
1232 645 1340 678 was
1374 631 1660 693 expecting
1683 631 1771 679 his
1801 635 1989 680 return
2013 635 2071 681 to
2104 633 2350 683 Coblenz.
2418 633 2514 684 See
2537 634 2701 684 Butz-

302 691 439 739 bach
455 690 490 755 ²,
517 706 604 754 pp.
633 707 746 757 179,
773 695 882 757 180,
905 694 1014 743 and
1038 695 1234 755 214-63
1265 694 1378 744 also
1400 697 1537 759 Epp.
1568 711 1675 760 ¹59·
1701 711 1827 758 5¹‚2
1852 696 1961 745 and
1989 696 2127 762 160.]

941 844 1253 893 ERASMVS
1296 845 1597 894 NIOOLAO
1643 846 2063 896 BENSERADO.

383 962 790 1035 Fanovmns
828 964 952 1026 huc
993 966 1447 1045 certissimique
1483 987 1766 1028 rumores
1798 968 2073 1045 quotidie
2103 968 2488 1046 adferuntur,
2518 971 2701 1049 pesti-

299 1060 566 1122 lentiam
602 1061 745 1123 istic
777 1063 1076 1125 maiorem
1111 1064 1180 1125 in
1217 1065 1474 1126 modum
1508 1066 1867 1127 debacchari
1907 1066 2194 1145 nihilque
2226 1067 2453 1145 reliqui
2478 1068 2693 1131 facere.

298 1158 505 1233 Quare
548 1160 711 1237 quod
749 1163 1100 1222 metuebam
1140 1182 1220 1223 ne
1258 1167 1330 1223 tu
1359 1163 1485 1224 iam
1525 1163 1736 1241 aliquo
1772 1163 2166 1246 profugisses,
2198 1184 2327 1225 non
2354 1167 2573 1243 putaui
2598 1166 2702 1229 vel

297 1255 587 1333 pluribus
621 1257 1020 1322 scribendum
1048 1261 1152 1322 vel
1187 1261 1369 1339 plura
1408 1261 1733 1338 mittenda,
1766 1281 1847 1322 ne
1892 1261 2125 1324 scilicet
2163 1261 2440 1323 multum
2476 1264 2705 1342 periret

295 1374 533 1434 operae,
557 1355 613 1416 si
637 1359 712 1418 tu
738 1358 1056 1420 abfuisses.
1141 1360 1382 1421 Rerum
1407 1363 1615 1421 autem
1646 1361 1833 1421 modo
1860 1379 2110 1421 summa
2134 1359 2445 1438 attingam
2472 1362 2693 1441 capita.
2725 1378 2757 1430 5

378 1452 506 1514 Hic
546 1454 791 1532 primus
829 1457 1014 1518 datus
1051 1461 1165 1532 est,
1205 1458 1304 1534 Β.,
1340 1478 1452 1535 per
1491 1477 1677 1537 quem
1716 1456 2139 1520 scriberemus.
2228 1458 2595 1537 Euripidem
2636 1466 2701 1524 et

294 1548 633 1614 Isocratem
669 1553 748 1615 ad
783 1557 847 1616 te
882 1555 1239 1630 mittimus;
1288 1559 1591 1634 parantur
1625 1555 1931 1634 aliaquae
1966 1555 2226 1633 posthac
2263 1556 2342 1618 ad
2379 1559 2442 1618 te
2478 1557 2703 1636 ibunt;

295 1647 375 1709 de
409 1648 754 1713 Miloniana
790 1652 1147 1715 defensione
1184 1653 1474 1716 dabimus
1507 1673 1758 1733 operam
1793 1656 1863 1714 vt
1898 1655 2041 1715 tuae
2077 1653 2339 1716 satisfiat
2362 1654 2694 1734 voluntati,

291 1745 674 1828 simulatque
713 1750 1055 1813 orationem
1098 1755 1161 1812 et
1202 1751 1399 1814 libros
1438 1753 1517 1813 ad
1562 1753 1627 1813 id
1676 1751 2049 1814 necessarios
2086 1752 2325 1813 erimus
2354 1754 2546 1817 nacti.
2629 1756 2701 1817 Si

293 1844 447 1921 quid
485 1845 628 1908 istic
663 1868 870 1909 rerum
905 1853 1001 1911 est
1036 1853 1260 1912 natum
1303 1850 1468 1929 quod
1506 1871 1608 1912 me
1645 1851 1801 1912 scire
1836 1849 2142 1910 iudicabis
2174 1852 2472 1929 oportere,
2503 1853 2599 1913 fac
2625 1860 2700 1915 vt
2725 1867 2789 1905 10

292 1942 508 2006 sciam.
581 1948 957 2026 Augustino,
980 1948 1035 2009 si
1061 1948 1188 2010 iam
1219 1968 1509 2010 reuersus
1532 1951 1642 2025 est,
1669 1950 1785 2010 has
1806 1967 1958 2027 quas
1983 1947 2112 2008 tuis
2138 1949 2432 2010 coniunxi
2457 1951 2695 2015 reddes·

293 2039 510 2120 Nugas
537 2063 706 2105 meas
733 2065 884 2124 quas
909 2045 1072 2123 apud
1101 2050 1165 2107 te
1191 2044 1462 2124 deposui,
1494 2045 1613 2107 tibi
1651 2047 1841 2108 etiam
1874 2049 2060 2125 atque
2087 2045 2278 2107 etiam
2304 2048 2691 2111 commendo.

272 2139 389 2201 -De
443 2146 655 2204 nostra
707 2143 1139 2205 coniunctione
1192 2144 1246 2205 si
1300 2144 1450 2223 quid
1506 2144 1883 2223 excogitasti,
1937 2142 2197 2205 habebis
2250 2164 2353 2205 me
2399 2146 2476 2206 ad
2523 2146 2695 2209 istud

289 2239 706 2316 facillimum3
760 2241 1081 2319 intelligis,
1121 2243 1358 2319 opinor,
1391 2243 1540 2320 quid
1579 2242 1801 2304 dicam.
1892 2242 1969 2303 Id
1990 2223 2386 2320 ‘quantopere
2425 2243 2689 2321 cupiam,

288 2336 750 2400 humanissime
778 2340 1041 2417 Nimiae,
1071 2340 1180 2401 vix
1205 2341 1326 2401 tibi
1359 2361 1738 2418 persuasero.
1821 2341 1943 2402 Sed
1969 2343 2042 2402 vt
2069 2360 2313 2418 sperare
2338 2341 2448 2402 vix
2474 2345 2688 2422 audeo,
2720 2357 2779 2409 ¹5

289 2433 379 2494 ita
409 2437 667 2498 suadere
698 2458 1114 2517 nequaquam.
1194 2438 1365 2500 Illud
1401 2459 1503 2499 me
1535 2439 1783 2513 cruciat,
1814 2439 2098 2499 animum
2131 2438 2323 2500 istum
2349 2441 2534 2501 tuum
2560 2445 2694 2503 tam

288 2533 569 2609 niueum,
622 2539 753 2596 tam
806 2535 1324 2614 philosophicum,
1378 2557 1548 2598 nunc
1600 2537 1709 2598 vix
1764 2535 2032 2616 denique
2086 2536 2245 2597 mihi
2299 2541 2694 2615 perspectum

283 2652 462 2707 esse;
530 2633 609 2694 de
662 2652 786 2712 quo
839 2634 1088 2696 tametsi
1146 2654 1262 2697 nos
1316 2655 1635 2715 nunquam
1694 2655 1822 2697 non
1877 2635 2110 2713 optime
2157 2637 2222 2696 et
2269 2635 2582 2697 sensimus
2629 2640 2694 2700 et

285 2732 798 2811 praedicauimua
830 2737 1042 2795 tamen
1079 2735 1288 2795 nescio
1325 2755 1448 2813 quo
1486 2734 1668 2795 modo
1707 2734 1772 2795 id
1807 2734 2049 2810 accidit,
2079 2733 2182 2795 vel
2219 2737 2433 2796 nostra
2467 2735 2695 2797 vtrius·

283 2851 407 2909 que
443 2833 749 2894 modestia
781 2852 937 2911 pene
978 2831 1177 2893 nimia
1206 2832 1308 2894 vel
1338 2831 1603 2893 aliorum
1641 2851 1842 2910 opera,
1872 2835 1946 2893 vt
1983 2830 2279 2891 intimam
2305 2831 2692 2895 familiarita-
2714 2851 2781 2889 πο

283 2932 416 2991 tem
446 2930 784 2993 Benseradi
812 2952 940 2993 non
979 2930 1103 2992 sim
1136 2930 1294 2991 mihi
1330 2950 1520 2992 ausus
1555 2928 1875 3007 polliceri;
1923 2932 1989 2989 et
2020 2948 2207 3007 quam
2246 2949 2379 2990 esse
2415 2929 2583 2991 soleo
2619 2930 2689 2993 in

282 3027 564 3090 colendis
589 3028 808 3090 amicis
832 3029 1136 3107 pertinax,
1168 3033 1299 3090 tam
1327 3049 1469 3090 sum
1494 3027 1563 3088 in
1590 3026 1965 3088 asciscendis
1989 3026 2394 3087 verecundus.

367 3125 436 3186 Si
484 3127 633 3205 quid
691 3147 888 3188 nouae
933 3127 1386 3189 Graecanitatis
1431 3127 1594 3187 istuc
1641 3124 1973 3187 aduectum
2020 3127 2132 3202 est,
2177 3144 2365 3185 onera
2412 3127 2476 3184 et
2518 3124 2690 3186 hunc

279 3223 604 3286 hominem
646 3227 888 3287 sarcina
926 3230 991 3287 et
1031 3246 1133 3287 me
1169 3225 1484 3288 beneficio,
1573 3224 1788 3302 Neque
1823 3227 2083 3299 metuas,
2126 3222 2397 3299 Nicolae,
2437 3243 2519 3284 ne
2558 3223 2690 3286 tuis

279 3322 352 3383 in
408 3342 511 3383 me
565 3323 812 3383 meritis
865 3343 1086 3402 parum
1137 3324 1584 3401 respondeam;
1651 3321 1833 3382 crede
1885 3321 2063 3397 mihi,
2123 3341 2251 3381 non
2306 3321 2689 3401 defatigabor
2714 3342 2773 3394 ²5

274 3440 487 3498 neque
527 3420 959 3499 conquiescam
997 3421 1193 3482 donec
1228 3439 1340 3498 pro
1379 3418 1621 3482 viribus
1661 3438 1767 3480 aes
1808 3437 1994 3480 omne
2029 3417 2386 3480 dissoluero.
2475 3419 2684 3495 Quum

272 3537 387 3580 aes
431 3518 582 3595 dico,
615 3539 744 3580 non
786 3540 891 3580 eos
930 3520 1116 3579 modo
1156 3518 1519 3579 nummulos
1559 3517 1698 3578 dico
1739 3536 1893 3595 quos
1928 3517 2135 3577 mutui
2171 3517 2428 3577 nomine
2468 3518 2580 3578 abs
2620 3521 2683 3579 te

269 3616 524 3694 accepi;
592 3617 770 3679 nullo
813 3618 988 3678 enim
1035 3617 1268 3679 leuiore
1314 3616 1570 3678 nomine
1622 3636 1728 3676 me
1773 3613 1894 3676 tibi
1939 3618 2093 3693 puto
2142 3614 2505 3690 astrictum;
2574 3616 2682 3678 sed

622 3764 699 3798 οι.
739 3749 1035 3798 Benseradi
1060 3752 1112 3795 H
1126 3764 1138 3795 ι
1176 3748 1334 3798 Bens.
1361 3752 1421 3796 E.
1597 3747 1677 3797 28.
1720 3746 1922 3795 leuiore
1945 3750 2019 3795 F:
2053 3745 2269 3796 meliori
2291 3748 2353 3798 Ε.

341 3862 392 3908 6.
427 3857 518 3922 B.]
541 3861 819 3919 Benmade,
843 3873 903 3907 as
924 3856 1101 3907 below
1122 3855 1183 3906 ll.
1206 3871 1290 3921 21,
1310 3871 1391 3918 3¹·
1530 3857 1763 3919 perhaps
1815 3851 1953 3903 Rud.
2002 3854 2295 3918 Agricola's
2350 3854 2677 3905 translation

411 3923 756 3988 Euripidem]
781 3923 955 3973 These
979 3922 1204 3985 liter-ary
1229 3922 1428 3971 under·
1530 3921 1592 3971 of
1608 3921 1706 3971 the
1726 3924 2002 3971 Formio
2022 3922 2090 3969 ad
2111 3924 2430 3983 Domonicum,
2455 3920 2675 3982 printed

268 3990 500 4053 takings
537 4002 680 4039 were
719 3988 1002 4051 evidently
1036 4004 1069 4038 a
1111 3987 1336 4037 method
1374 3988 1434 4038 ol*
1527 3987 1668 4037 later
1691 3988 1751 4036 ln
1774 3985 1871 4034 the
1895 3987 2002 4033 oneo
2019 3985 2140 4050 (Ep.
2162 3987 2300 4051 298).
2343 3985 2478 4035 This
2497 3986 2677 4049 might

270 4055 632 4170 dischaffing
675 4052 946 4104 Erasmus·
987 4054 1133 4131 debt·
1160 4054 1218 4131 to
1256 4054 1425 4102 Bens-
1526 4055 1754 4102 account
1786 4053 1871 4100 for
1902 4049 2001 4098 the
2040 4066 2078 4129 o·
2271 4050 2429 4100 made
2463 4052 2676 4114 against

268 4125 423 4182 rott;
522 4157 536 4171 .
659 4135 772 4183 305.
858 4119 971 4169 The
1003 4118 1293 4181 Eunp1des
1325 4133 1426 4168 can
1527 4117 1860 4167 Erasmusin
1877 4114 2019 4164 after
2040 4117 2170 4180 life(
2297 4132 2346 4166 x.
2370 4129 2552 4178 175513
2572 4118 2674 4179 6⁴)

267 4185 478 4249 hardly
511 4134 707 4236 benthe
743 4185 1099 4235 translations
1134 4183 1425 4247 published
1524 4182 1733 4234 thathe
1749 4182 1859 4232 had
1875 4181 2166 4258 pta-blished
2179 4181 2478 4245 Agricola’s
2500 4186 2675 4231 trans·

269 4255 341 4302 in
364 4252 667 4315 1506112pp.
693 4250 788 4300 188
802 4252 912 4300 and
933 4251 1067 4314 198),
1084 4249 1268 4299 which
1284 4263 1426 4298 were
1525 4247 1727 4298 latione
1748 4249 1807 4297 of
1824 4247 2116 4309 Euripides
2136 4262 2196 4296 as
2218 4248 2306 4297 his
2327 4261 2466 4296 own.

267 4318 437 4368 made
492 4320 550 4366 at
605 4316 847 4366 Louvain
893 4317 1004 4368 and
1055 4317 1116 4365 in
1171 4313 1423 4378 England
1587 4315 1636 4363 8.
1686 4313 1988 4363 Miloniana
2033 4311 2372 4376 defensione]
2421 4311 2673 4374 Possibly

266 4385 446 4499 ἦρι).
464 4400 513 4446 4,
531 4397 593 4444 53
613 4386 752 4441 Resp.
769 4386 899 4432 adP.
921 4385 1076 4431 cmvii
1090 4384 1421 4443 dasoundam
1524 4379 1784 4429 Erasmus
1810 4379 1921 4429 had
1953 4380 2089 4429 been
2118 4378 2282 4430 asked
2316 4379 2388 4439 by
2410 4378 2670 4427 Bensrott

421 4464 473 4499 x.
512 4462 717 4510 ¹7⁵5?ss
747 4447 855 4497 and
891 4447 1057 4497 Lond.
1095 4449 1204 4497 xxi.
1242 4462 1293 4508 4,
1316 4446 1423 4496 LB.
1523 4448 1581 4495 to
1619 4459 1864 4508 compose
1898 4460 1931 4494 a
1969 4446 2162 4508 speech
2200 4444 2272 4507 by
2306 4442 2440 4493 Milo
2480 4442 2541 4490 in
2578 4441 2670 4491 his

261 4515 416 4578 689).
469 4514 601 4563 Also
618 4515 677 4562 in
700 4513 1163 4575 150613mmusre
1200 4512 1422 4563 udiated
1522 4524 1647 4560 own
1702 4511 1942 4561 defence.
2010 4509 2088 4561 cf.
2136 4509 2233 4559 the
2280 4508 2672 4558 declamations

264 4579 632 4644 indignantly
685 4577 929 4628 Grocin’s
975 4578 1087 4641 jest
1210 4581 1267 4629 at
1326 4578 1424 4627 the
1523 4577 1596 4639 by
1632 4576 1889 4627 Erasmus
1930 4575 2039 4627 and
2076 4576 2225 4625 More
2259 4575 2321 4624 in
2359 4587 2569 4622 answer
2609 4577 2669 4623 to

261 4649 465 4695 Hecuba
495 4645 606 4695 had
628 4645 768 4695 been
792 4644 1077 4695 dedicated
1104 4648 1160 4695 to
1191 4658 1300 4705 any
1322 4657 1424 4691 one
1522 4642 1776 4691 Lucian's
1799 4645 2131 4700 Tyrannicida.

261 4711 451 4762 before
493 4711 774 4761 Warham.
854 4710 968 4759 The
1012 4710 1274 4760 Isocrates
1315 4724 1426 4759 was
1593 4722 1668 4757 11.
1707 4706 1829 4771 has]
1855 4709 1949 4771 Ep.
1974 4708 2082 4769 156.
2186 4742 2189 4745 ι
