3355 5380
246 356 434 442 1501]
923 359 1031 422 'ro
1083 360 1310 423 sonu
1367 360 1475 422 or
1526 360 1958 424 Bsusssns
2525 365 2637 423 361

238 518 425 579 annis
460 516 687 579 accidit
723 518 887 596 quod
924 537 1118 596 seque
1152 518 1486 581 doluerim.
1568 518 1638 579 Si
1673 519 1823 596 quid
1856 518 2053 580 habes
2089 537 2394 580 nouarum
2432 538 2644 581 rerum

239 615 343 676 vel
370 616 450 676 de
485 616 845 694 Augustino
884 620 1115 691 nostro,
1144 617 1249 678 vel
1288 617 1366 678 de
1404 617 1778 692 Benserado,
1809 616 1914 678 vel
1945 619 2024 679 de
2050 616 2356 695 Episcopo
2382 621 2649 695 patrono
2674 633 2701 682 5

241 734 403 789 meo,
435 714 540 776 vel
577 715 656 777 de
692 715 1011 777 Ludouico
1050 715 1336 793 denique,
1371 714 1482 792 qui
1520 715 1676 776 istas
1711 715 1781 777 in
1823 714 2107 794 regiones
2142 717 2239 775 est
2281 715 2653 775 emundatus

239 816 311 873 vt
349 831 453 872 me
493 816 846 889 accerseret,
880 834 994 892 per
1027 817 1307 876 nostram
1342 812 1685 874 amicitiam
1725 817 1790 874 te
1829 812 2021 875 etiam
2060 815 2247 890 atque
2284 813 2474 873 etiam
2515 832 2639 887 oro,

238 909 428 971 facito
475 931 581 971 me
626 911 756 973 tuis
797 911 995 974 literis
1036 911 1380 973 certiorem.
1484 911 1626 972 Erit
1671 911 1841 972 istud
1890 911 2059 973 inter
2102 910 2373 990 plurima
2420 914 2530 972 tua
2576 910 2646 972 in

240 1027 344 1069 me
371 1009 567 1070 officia
594 1030 721 1071 non
756 1009 1276 1089 ingratissimum.
1360 1009 1788 1071 Tabellionem
1825 1009 2017 1071 habes
2051 1029 2126 1070 ex
2151 1007 2421 1070 Antonii
2451 1006 2646 1068 Nothi

240 1107 655 1170 familiaribus
680 1109 1114 1183 certissimum,
1144 1108 1249 1170 cui
1274 1107 1569 1185 quicquid
1597 1107 1771 1169 voles
1797 1108 2142 1170 rectissime
2169 1105 2581 1169 commiseris,
2677 1122 2736 1159 10

323 1205 510 1268 Veris
533 1206 764 1269 offendi
792 1227 892 1269 res
917 1227 1136 1269 omnes
1161 1227 1234 1268 eo
1265 1206 1401 1267 loco
1427 1225 1551 1283 quo
1589 1210 1661 1267 tu
1689 1206 2099 1284 praedixeras.
2186 1204 2460 1267 Domina
2484 1204 2645 1266 forte

240 1304 496 1366 fortuna
547 1305 616 1365 in
663 1306 766 1367 via
815 1307 976 1367 facta
1023 1304 1209 1367 obuia
1255 1305 1540 1367 dextram
1595 1304 1885 1382 porrexit,
1940 1304 2121 1367 vultu
2171 1324 2301 1366 non
2349 1303 2647 1378 inimico;

240 1407 554 1464 caeterum
596 1423 633 1464 a
669 1404 1043 1482 quibusdam
1081 1423 1211 1465 non
1250 1403 1417 1465 male
1454 1401 1868 1480 cupientibus,
1900 1405 1971 1464 vt
2001 1401 2283 1476 arbitror,
2316 1401 2648 1463 deterritus

239 1525 278 1564 a
324 1500 629 1580 colloquio
675 1501 974 1564 abstinui.
1079 1503 1248 1562 Puer
1296 1521 1475 1562 meus
1522 1501 1822 1562 Dordraci
1868 1500 2031 1562 febri
2076 1504 2364 1578 arreptus
2418 1503 2530 1574 est,
2584 1503 2649 1562 et

239 1600 497 1678 quidem
526 1599 809 1663 tertiana.
895 1599 990 1662 Ea
1024 1620 1125 1661 res
1166 1619 1269 1660 me
1305 1600 1607 1661 maiorem
1635 1599 1706 1661 in
1744 1599 2004 1660 modum
2032 1598 2375 1661 sollicitum
2405 1598 2640 1675 habuit,
2678 1614 2734 1666 15

241 1699 331 1760 ita
383 1702 456 1759 vt
503 1698 640 1759 eius
685 1701 887 1776 gratia
933 1698 1215 1760 Zierczee
1261 1698 1662 1776 nauigarem;
1734 1697 1867 1758 illic
1914 1697 2086 1758 enim
2128 1700 2397 1760 matrem
2436 1697 2644 1759 habet.

240 1797 546 1858 Valemus
570 1796 788 1871 adhuc,
819 1800 1137 1876 praeterea
1162 1796 1328 1857 nihil
1354 1798 1451 1857 est
1477 1794 1642 1873 quod
1669 1796 1960 1857 fortunae
1985 1794 2385 1873 gratulemur.
2464 1795 2651 1857 Valet

240 1895 470 1956 Battus
501 1897 566 1956 et
595 1897 666 1956 te
705 1893 935 1956 salutat
968 1894 1232 1973 oppido;
1279 1896 1452 1955 amat
1489 1894 1546 1956 is
1585 1913 2023 1972 quemcunque
2063 1893 2363 1955 Erasmus
2402 1894 2649 1968 amarit.

240 1994 406 2055 Cura
433 1997 507 2053 vt
532 2013 722 2070 quam
748 1993 985 2071 optime
1019 1993 1241 2066 valeas,
1268 1991 1727 2053 humanissime
1764 1991 1857 2052 mi
1886 1991 2172 2068 Ioannes,
2203 1995 2268 2053 et
2303 1991 2647 2054 amiculum

240 2090 346 2153 vel
365 2090 579 2169 potius
597 2091 965 2152 clientulum
987 2089 1487 2153 addictissimum
1509 2088 1845 2150 Erasmum
1861 2089 2025 2149 tueri
2040 2108 2373 2174 amareque
2386 2088 2642 2168 pergito.
2678 2107 2739 2143 20

325 2190 425 2250 Ex
466 2188 843 2251 Torneheim
884 2187 1489 2258 tumultuantissime
1527 2188 1606 2248 ad
1649 2185 1922 2248 multam
1960 2191 2229 2247 noctem.
2318 2204 2446 2247 1111.
2497 2185 2650 2249 Idus

241 2286 461 2349 Iuliae.
551 2283 769 2367 [Anno
795 2282 1251 2368 11.cccc.xctx.]

858 2443 1004 2507 156.
1092 2442 1189 2506 Το
1235 2442 1644 2507 Aueus‘rms
1693 2439 2034 2506 Vnicum.

314 2530 569 2600 Farrago
592 2546 650 2599 p.
676 2531 761 2597 84.
2151 2525 2233 2581 St.
2260 2524 2449 2582 Omer.

316 2617 379 2674 F.
403 2635 458 2687 p.
487 2617 624 2685 246:
659 2614 800 2671 HN:
837 2615 1012 2672 Lond.
1039 2614 1109 2673 iv.
1138 2630 1234 2685 34:
1275 2614 1388 2671 LB.
1415 2629 1500 2685 39.
2015 2611 2101 2685 (c.
2130 2626 2192 2683 15
2218 2612 2353 2683 July
2381 2612 2575 2685 1501.)

314 2730 457 2795 [The
501 2730 644 2780 cloee
688 2730 1050 2781 resemblance
1090 2730 1334 2779 between
1372 2730 1467 2779 the
1507 2730 1924 2779 circumstances
1959 2727 2020 2777 of
2055 2727 2173 2777 this
2206 2727 2370 2777 letter
2404 2727 2514 2777 and
2552 2727 2647 2777 the

243 2797 604 2859 uncertainty
623 2810 684 2845 as
712 2800 773 2846 to
791 2796 1142 2859 Augustine’s
1172 2797 1513 2845 movements
1543 2793 1827 2857 expressed
1862 2793 1923 2843 in
1947 2792 2089 2857 Epp.
2118 2805 2230 2856 155,
2261 2806 2368 2856 157,
2402 2792 2511 2856 158,
2538 2793 2648 2842 and

244 2863 363 2923 160,
400 2862 555 2911 show
588 2862 709 2911 that
743 2861 864 2912 this
891 2863 939 2910 is
977 2860 1074 2910 the
1112 2861 1277 2910 letter
1308 2859 1545 2910 referred
1580 2862 1637 2909 to
1666 2860 1729 2909 in
1758 2858 1891 2923 Epp-
1919 2859 2013 2922 158
2052 2858 2161 2907 and
2198 2859 2308 2909 160.
2377 2858 2648 2907 Erasmus·

238 2929 545 2977 statement
566 2926 688 2976 that
710 2927 781 2976 he
802 2928 902 2977 has
921 2926 1123 2977 settled
1146 2926 1303 2975 down
1327 2926 1468 2976 with
1491 2925 1621 2974 Batt
1643 2925 1831 2974 makes
1856 2924 1952 2973 the
1987 2923 2215 2973 address
2248 2927 2399 2982 Apud
2428 2930 2648 2974 mactum

237 2995 496 3043 sertim
526 3006 725 3055 appear
749 3007 947 3055 wrong.
1017 2992 1128 3042 But
1155 2996 1400 3042 Antonius
1428 2995 1632 3051 quidam
1662 3004 1790 3053 may
1812 2989 2074 3053 probably
2096 2990 2163 3037 be
2194 2988 2480 3038 identified
2509 2988 2649 3039 with

239 3063 489 3108 Antonim
510 3062 688 3107 tabellio
709 3058 768 3106 of
783 3057 881 3120 Ep.
911 3058 1022 3121 161,
1036 3057 1159 3105 who
1181 3059 1230 3105 is
1250 3058 1387 3106 then
1408 3059 1467 3105 at
1489 3056 1566 3106 St.
1587 3056 1780 3116 Omerg
1813 3055 1922 3105 and
1942 3054 2043 3105 Mr.
2062 3053 2287 3103 Nichols
2309 3054 2358 3103 is
2381 3052 2650 3104 therefore

239 3128 300 3173 to
322 3125 395 3171 be
418 3122 669 3173 followed
691 3124 754 3171 in
777 3123 865 3172 his
886 3124 1192 3186 suggestion
1215 3122 1337 3172 that
1357 3122 1472 3171 this
1486 3136 1599 3170 was
1619 3122 1843 3171 written
1866 3119 2073 3182 during
2093 3134 2125 3168 a
2146 3119 2300 3168 short
2317 3120 2450 3168 visit
2473 3122 2529 3170 to
2551 3119 2647 3169 the

239 3190 438 3251 Abbey
454 3189 544 3251 (cf.
561 3189 660 3251 Ep.
681 3202 789 3251 ¹57·
805 3203 870 3250 27
889 3190 987 3253 n.)‚
1004 3188 1189 3237 which
1205 3202 1317 3237 was
1332 3187 1464 3250 only
1476 3187 1675 3236 twelve
1691 3186 1853 3236 miles
1874 3184 2090 3236 distant
2104 3185 2244 3235 from
2261 3184 2647 3250 Tournehem.]

620 3303 928 3353 ERAsts
970 3302 1478 3353 Bo'rEBonms
1523 3301 1912 3350 Avoevs‘rmo
1955 3301 2078 3350 SVO
2123 3302 2173 3350 S.
2218 3301 2285 3349 D.

329 3410 432 3469 De
469 3428 613 3469 meo
641 3407 709 3468 in
736 3410 801 3469 te
828 3408 1039 3469 animo
1066 3427 1143 3468 ex
1168 3406 1372 3469 literis
1398 3425 1552 3485 quas
1576 3406 1766 3469 isthic
1793 3405 2021 3483 reliqui
2047 3408 2224 3484 potes
2264 3424 2643 3484 cognoscere.

242 3510 302 3568 A
347 3505 641 3567 bimestri
680 3526 841 3584 pene
877 3506 1371 3584 peregrinatione
1410 3505 1519 3566 vix
1559 3504 1817 3565 demum
1858 3505 2021 3582 apud
2063 3505 2327 3566 Battum
2364 3505 2650 3563 nostrum

241 3604 665 3668 consedimus.
754 3604 968 3667 Crebri
995 3604 1116 3665 huc
1149 3623 1429 3665 rumores
1466 3603 1833 3664 adferuntur
1868 3605 2108 3681 pestem
2144 3602 2334 3663 isthic
2364 3599 2650 3679 populari

242 3703 481 3765 omnia.
567 3702 746 3779 Quod
786 3703 841 3764 si
878 3705 950 3763 tu
982 3723 1018 3763 e
1060 3723 1127 3763 re
1162 3707 1270 3763 tua
1302 3700 1477 3763 ducis
1516 3721 1649 3762 esse
1690 3704 1763 3763 vt
1798 3701 1923 3762 huc
1963 3700 2350 3779 commigres,
2381 3699 2445 3761 id
2484 3698 2650 3778 quod

240 3801 488 3879 scripsi,
507 3800 645 3879 ipsa
664 3820 732 3861 re
761 3800 1117 3878 comperies.
1179 3801 1343 3862 Caue
1369 3799 1699 3878 suspiceris
1726 3818 1930 3859 meam
1950 3798 2187 3860 isthinc
2210 3796 2648 3875 migrationem
2678 3813 2706 3863 5

242 3899 378 3960 vlla
406 3918 552 3960 cum
580 3898 1020 3960 maleuolentia
1046 3898 1268 3960 doloue
1295 3898 1487 3959 fuisse
1514 3898 1927 3958 coniunctam.
1992 3895 2279 3957 Emoriar
2304 3895 2361 3955 si
2387 3895 2649 3956 antehac

241 4017 528 4076 vnquam
576 3998 833 4075 perinde
879 3996 1104 4058 nolens
1149 3996 1371 4074 reliqui
1419 3995 1779 4069 Luteciam;
1848 3994 1956 4055 sed
2011 3993 2222 4055 crebra
2274 4012 2380 4054 me
2431 3993 2651 4054 funera

239 4093 636 4157 territabant.
742 4095 918 4171 Quod
972 4094 1029 4156 si
1082 4096 1332 4173 propter
1385 4096 1626 4155 veteres
1679 4092 1945 4154 offensas
2004 4091 2312 4154 nonnulla
2363 4092 2649 4153 animum

240 4194 434 4252 tuum
477 4192 671 4254 habet
708 4194 991 4272 suspicio,
1033 4194 1230 4254 nostri
1260 4191 1608 4270 periculum
1646 4191 1871 4265 facito;
1920 4190 2239 4269 intelligas
2271 4191 2414 4251 faxo
2455 4190 2545 4251 sic
2585 4194 2649 4251 te

239 4310 277 4351 a
307 4290 498 4352 nobis
523 4291 722 4352 amari
751 4296 823 4353 vt
850 4291 1108 4353 antehac
1135 4291 1423 4369 friguisse
1448 4290 1790 4352 videamur.
2680 4297 2742 4335 ¹0

305 4420 429 4471 155.
446 4436 495 4485 5.
535 4427 723 4472 nostro
743 4437 833 4473 om.
857 4427 912 4473 F.
1097 4424 1146 4471 8.
1182 4423 1296 4471 tuis
1319 4426 1393 4472 F:
1424 4420 1494 4470 de
1515 4420 1627 4471 tuis
1649 4423 1708 4471 Ε.
1904 4435 1977 4470 11.
2014 4420 2204 4470 Veriae
2228 4423 2293 4468 H.
2461 4433 2540 4467 21.
2576 4423 2645 4469 F:

239 4484 517 4536 Tomehei
538 4492 585 4537 Β
606 4505 621 4537 z
652 4502 773 4537 arce
792 4488 1125 4562 'l'ornehensi
1149 4492 1211 4537 H.

313 4606 429 4654 155.
449 4620 497 4667 5.
534 4604 842 4667 Augustino
891 4605 971 4655 Cf.
993 4606 1090 4668 Ep.
1119 4606 1227 4666 156.
1571 4606 1683 4654 156.
1707 4618 1752 4653 1.
1787 4602 1979 4667 isthic]
1997 4601 2431 4666 Paris,towhich
2444 4601 2650 4664 Augus·

310 4671 363 4719 6.
403 4669 703 4735 Ludouico]
726 4671 805 4721 Cf.
912 4706 927 4722 .
959 4685 1066 4732 ¹57·
1091 4685 1170 4732 30.
1501 4669 1620 4719 tine
1636 4669 1815 4732 might
1832 4670 1904 4731 by
1918 4668 2032 4718 this
2053 4670 2189 4719 time
2211 4668 2349 4717 bave
2371 4666 2645 4719 returned.

347 4769 510 4802 mu
1385 4771 1426 4814 n
1453 4752 1495 4812 b
