3355 5380
739 388 857 445 280
1428 379 1810 442 LETTERS
1865 379 1973 441 OF
2027 378 2431 441 ERASMUS
2942 372 3118 457 [1500

739 543 754 572 ‘
771 539 933 617 Quid
962 539 1214 618 paras‘?’
1251 538 1462 616 inquit
1486 537 1795 599 ‘Vixdum
1814 540 1912 598 est
1929 536 2084 597 hora
2098 536 2299 596 noctis
2315 534 2690 597 vndecima’
2757 534 2891 612 Ego
2919 536 3122 594 contra

612 661 703 714 ¹75
730 638 932 699 clamo
972 637 1215 698 coelum
1240 656 1376 698 esse
1411 635 1807 696 densissimis
1840 634 2183 696 obductum
2216 633 2480 708 nebulis,
2514 652 2661 694 mox
2698 631 2941 694 clarum
2970 632 3123 693 diem

730 737 1159 798 emicaturum.
1246 735 1459 812 Atque
1504 735 1656 795 haec
1703 733 2105 812 potissimum
2150 733 2221 793 in
2261 731 2567 792 fenestris,
2654 729 2817 806 Quid
2866 730 3124 792 multis?

731 834 1035 895 Adfertur
1053 833 1323 895 lucerna.
1396 832 1648 894 Interea
1664 834 1738 892 vt
1756 831 2150 892 obseruarem
2172 830 2322 909 quid
2342 833 2627 908 ageretur
2645 830 2715 890 in
2733 828 3125 890 inferioribus

731 931 1006 1007 aedibus,
1052 932 1356 1005 decurro;
1402 929 1816 992 obambulans
1859 948 1930 990 ac
1978 931 2481 1007 circunspectans
2526 927 2774 988 offendo
2814 924 3124 988 latronum

731 1051 922 1108 equos
961 1032 1200 1092 stantes
1239 1028 1552 1107 ephippiis
1592 1027 1924 1106 impositis,
1966 1027 2278 1105 quomodo
2318 1044 2568 1088 necesse
2607 1028 2742 1086 erat
2779 1044 2888 1085 eos
2935 1027 3123 1085 totam

612 1142 705 1194 180
730 1128 982 1190 stetisse
1035 1131 1304 1204 noctem,
1351 1146 1495 1188 cum
1545 1128 1788 1205 praeter
1830 1126 2020 1186 modo
2065 1125 2396 1186 excitatam
2449 1124 2720 1202 puellam
2769 1142 2958 1185 nemo
3003 1142 3124 1184 non

728 1230 893 1288 esset
930 1227 999 1287 in
1030 1226 1263 1287 stratis.
1346 1225 1628 1286 Tandem
1656 1227 1927 1302 surgunt
1954 1228 2017 1285 et
2045 1224 2248 1284 nostri
2274 1223 2612 1284 carnifices.
2641 1245 2647 1250 ·
2698 1221 2803 1281 Ibi
2829 1241 2931 1282 res
2958 1240 3125 1299 quae·

729 1324 900 1403 piam
954 1324 1368 1398 incommoda,
1424 1325 1496 1384 vt
1548 1323 1897 1397 videbatur,
1954 1321 2139 1383 nobis
2202 1321 2392 1382 saluti
2460 1320 2600 1381 fuit.
2714 1318 2894 1381 Nihil
2958 1319 3123 1381 enim

727 1423 1037 1485 latronem
1071 1423 1257 1484 illum
1289 1421 1623 1495 exciuerat,
1659 1420 1790 1482 nisi
1825 1420 1991 1498 quod
2028 1438 2146 1481 nos
2186 1438 2372 1497 quam
2414 1416 2959 1496 pecuniosissimos
2998 1437 3126 1479 esse

728 1520 1141 1594 existimaret3
1180 1522 1248 1580 at
1273 1518 1427 1579 haec
1445 1538 1572 1580 vna
1597 1538 1698 1579 res
1724 1518 1824 1578 illi
1851 1518 2043 1579 fidem
2071 1518 2270 1578 facere
2296 1516 2502 1595 potuit
2530 1535 2644 1577 nos
2669 1516 2846 1576 tenui
2869 1516 3129 1594 pecunia

611 1631 701 1692 185
728 1639 878 1682 esse.
964 1617 1391 1679 Minusculum
1446 1621 1577 1678 erat
1622 1620 1951 1695 argenteae
1998 1616 2298 1694 pecuniae
2342 1634 2530 1694 quam
2577 1617 2651 1676 vt
2702 1614 2970 1691 cauponi
3021 1634 3126 1692 pro

728 1737 917 1779 coena
935 1720 1121 1796 atque
1148 1715 1329 1794 equis
1355 1715 1641 1776 omnium
1669 1715 2021 1776 satisfacere
2039 1733 2302 1792 pooeem.
2375 1714 2511 1773 Aut
2530 1712 2726 1791 igitur
2744 1711 2853 1773 ille
2873 1729 3128 1772 aureum

726 1817 1001 1876 mutaret
1034 1813 1208 1889 iussi,
1243 1817 1351 1876 aut
1382 1813 1618 1874 locator
1650 1832 1791 1874 meo
1823 1814 2079 1873 nomine
2108 1812 2385 1890 quinque
2413 1811 2823 1872 duodenarios
2854 1810 3128 1887 (tantum

721 1914 899 1974 enim
947 1912 1183 1989 deerat)
1226 1912 1525 1987 redderet,
1574 1911 1741 1989 apud
1796 1910 2017 1971 diuum
2073 1910 2454 1988 Dionysium
2506 1929 2544 1969 a
2597 1928 2697 1969 me
2750 1911 3122 1987 recepturus.

726 2009 1112 2088 Cauponaria
1149 2029 1351 2088 neque
1392 2008 1515 2070 sibi
1556 2008 1766 2069 lances
1806 2009 1994 2084 domi,
2032 2028 2236 2085 neque
2277 2008 2388 2086 qui
2426 2009 2699 2068 mutaret
2734 2026 2963 2068 aurum
2999 2026 3128 2067 esse

605 2134 700 2186 190
723 2109 984 2170 iurabat.
1070 2107 1259 2169 Latro
1299 2106 1412 2168 ille
1441 2107 1532 2168 ait
1564 2126 1633 2167 se
1667 2126 1743 2167 ea
1772 2106 2029 2186 quidem
2062 2106 2198 2184 lege
2233 2106 2565 2180 facturum,
2611 2105 2669 2165 si
2712 2104 2835 2165 sibi
2872 2124 3129 2167 aureum

723 2206 1003 2285 pignoris
1055 2204 1190 2267 loco
1257 2204 1695 2279 tradidissem3
1773 2204 2140 2266 hortabatur
2204 2204 2522 2282 impendio
2590 2203 2656 2264 id
2724 2207 2799 2264 vt
2863 2203 3129 2264 facerem

724 2304 1108 2382 cauponaria,
1140 2302 1368 2364 mulier
1393 2305 1466 2364 vt
1501 2302 1779 2377 scelesta,
1810 2302 1902 2363 ita
1928 2305 1996 2362 et
2022 2303 2356 2379 impudens
2383 2306 2446 2363 et
2474 2301 2709 2378 stulta;
2748 2301 2902 2362 inde
2926 2300 3132 2363 multa

723 2422 792 2464 ac
838 2402 1028 2481 longa
1073 2401 1240 2462 inter
1275 2420 1391 2462 nos
1433 2402 1584 2461 rixa.
1673 2401 2016 2462 Poscebam
2065 2401 2227 2460 mihi
2271 2401 2436 2461 fores
2481 2401 2763 2479 aperiret,
2813 2401 3131 2479 meipsum

724 2499 1011 2562 mutandi
1039 2499 1177 2561 auri
1198 2517 1384 2560 causa
1409 2498 1777 2560 monasterii
1797 2499 2098 2574 Priorem,
2124 2500 2289 2576 quod
2312 2519 2347 2560 e
2365 2499 2614 2576 regione
2639 2502 2751 2573 aet,
2777 2499 3131 2571 aditurum3

606 2619 695 2673 195
723 2598 835 2659 illa
867 2597 1148 2676 negabat.

806 2697 1108 2758 Rixatum
1144 2699 1242 2757 est
1275 2694 1353 2758 ad
1390 2697 1598 2759 lucem
1631 2714 1844 2774 vsque.
1933 2696 2214 2757 Tandem
2247 2696 2405 2757 iussi
2441 2716 2661 2757 sumus
2699 2716 2927 2758 aurum
2967 2695 3132 2776 quod

721 2798 1040 2857 mutatum
1065 2794 1376 2857 vellemus
1402 2794 1712 2873 proferre;
1752 2793 2004 2872 protuli.
2067 2793 2173 2854 Ibi
2198 2794 2309 2854 alii
2336 2813 2601 2854 nummo
2626 2795 2874 2873 pondus
2900 2795 3126 2869 deerat,

722 2895 885 2955 alius
912 2893 1265 2954 adulterina
1291 2893 1552 2953 materia
1570 2892 1905 2966 dicebatur,
1934 2891 2098 2953 alius
2117 2911 2341 2970 parum
2369 2892 2634 2967 solidus;
2674 2892 2794 2953 hoc
2819 2893 3133 2954 nimirum

724 2990 1001 3064 consili0,
1033 2994 1105 3052 vt
1140 2991 1196 3051 si
1234 2991 1383 3068 quid
1422 2990 1728 3052 reconditi
1763 2993 1927 3050 esset
1957 2990 2109 3063 auri,
2142 2990 2204 3050 id
2234 2991 2506 3068 proferre
2533 3010 2904 3068 cogeremur.
2998 2992 3133 3070 Ego

607 3115 702 3150 200
725 3110 872 3150 cum
920 3092 1133 3149 sancte
1176 3088 1559 3149 adiurassem
1608 3087 1770 3148 mihi
1816 3090 2059 3166 praeter
2111 3108 2220 3149 eos
2264 3090 2475 3149 nullos
2528 3108 2663 3150 esse
2710 3108 2956 3166 aureos,
3005 3091 3133 3150 ‘At

723 3188 1020 3248 comitem
1037 3189 1054 3214 ’
1090 3186 1300 3264 inquit
1336 3188 1351 3216 ‘
1370 3187 1525 3264 quin
1563 3188 1637 3246 tu
1679 3205 1827 3246 suos
1865 3186 2143 3264 proferre
2184 3186 2412 3247 iubes?
2491 3186 2689 3248 Video
2727 3188 2902 3249 enim
2944 3189 3133 3251 illum

723 3285 885 3345 belle
929 3304 1065 3345 esse
1113 3286 1514 3345 nummatum
1532 3284 1590 3357 ’ς
1654 3283 1840 3361 idque
1887 3284 2017 3344 iam
2062 3284 2353 3346 blandius
2401 3286 2601 3362 coepit
2642 3305 2906 3364 poscere.
2998 3288 3135 3366 Ego

721 3402 869 3442 vero
896 3382 1081 3443 vultu
1108 3385 1173 3442 et
1198 3400 1365 3457 voce,
1395 3382 1485 3441 ita
1511 3384 1585 3442 vt
1609 3381 1817 3443 solent
1855 3385 1921 3442 et
1948 3401 2094 3441 vera
2129 3385 2192 3442 et
2225 3402 2302 3443 ex
2335 3384 2548 3444 animo
2584 3383 2931 3463 loquentes,
2966 3386 3135 3447 nihil

722 3480 938 3540 comiti
964 3483 1210 3558 praeter
1235 3478 1658 3557 syngrapham
1685 3499 1820 3541 esse
1850 3479 2069 3540 deiero.
2159 3479 2487 3541 Profertur
2510 3482 2775 3559 denique
2804 3483 3133 3562 libripens,

602 3600 695 3650 205
721 3578 933 3655 prodit
970 3581 1035 3638 et
1070 3596 1304 3656 caup03
1363 3577 1454 3638 ibi
1489 3576 1788 3638 libratum
1824 3581 1921 3637 est
1956 3577 2402 3656 sesquihoram,
2447 3598 2562 3640 nec
2596 3599 2822 3641 aureus
2854 3585 2992 3642 erat
3032 3583 3137 3642 cui

721 3694 852 3735 non
893 3674 1131 3754 aliquid
1174 3674 1609 3753 scrupulorum
1650 3675 1907 3736 deesset.
1993 3674 2074 3736 In
2116 3676 2259 3737 aliis
2299 3677 2509 3737 deerat
2548 3678 2823 3755 ponderi,
2870 3679 2942 3739 in
2990 3680 3138 3741 aliis

720 3773 1137 3833 causabantur
1178 3772 1532 3835 materiam.
1632 3773 2078 3834 Animaduerti
2124 3772 2380 3834 tandem
2426 3778 2492 3834 et
2539 3775 2825 3837 lancibus
2870 3777 3138 3839 subesse

720 3871 1006 3931 fraudem
1048 3874 1112 3931 et
1159 3870 1438 3948 ponderi.
1527 3870 1612 3931 Et
1654 3870 1817 3931 forte
1859 3871 2114 3932 fortuna
2150 3873 2215 3933 id
2259 3872 2423 3949 quod
2465 3877 2596 3934 erat
2635 3875 2891 3952 grauius
2934 3895 3138 3937 manu

720 3969 1005 4046 corripio,
1040 3987 1319 4045 caupone
1353 3968 1544 4029 etiam
1587 3973 1728 4030 tum
1768 3970 2184 4047 imprudente.
2274 3970 2608 4048 Reliquum
2650 3976 2781 4033 erat
2820 3975 2896 4033 vt
2933 3974 3141 4035 altero

605 4090 699 4126 210
722 4067 1104 4145 ponderaret,
1159 4068 1223 4125 et
1277 4070 1530 4143 repente
1583 4070 1852 4145 vtraque
1905 4068 2081 4128 lance
2140 4087 2361 4128 aureus
2422 4069 2939 4147 proponderabat.
3055 4072 3141 4132 In

721 4170 1174 4242 vtramcunque
1216 4163 1457 4224 lancem
1506 4163 1849 4226 translatus
1891 4170 2072 4239 esset,
2116 4185 2255 4227 eam
2303 4167 2663 4228 inclinabat.
2752 4169 2908 4231 Erat
2954 4171 3138 4232 enim

795 4338 902 4397 187.
942 4335 1296 4385 duodenarios
1318 4339 1394 4384 F:
1425 4334 1705 4386 duodenos
1727 4340 1785 4385 Ε.
2040 4354 2151 4400 190.
2184 4339 2263 4387 ait
2285 4343 2401 4387 add.
2429 4343 2492 4389 H.
2753 4356 2863 4403 192.
2900 4342 3036 4393 inde
3056 4347 3137 4393 E:

723 4404 865 4453 vnde
888 4406 942 4451 F.
1141 4415 1253 4463 209.
1289 4402 1453 4450 etiam
1477 4404 1596 4450 tum
1619 4406 1697 4450 E:
1731 4402 2030 4453 etiamdum
2051 4408 2098 4453 Γ
2117 4408 2287 4463 corr-iq,
2316 4422 2329 4453 ε
2363 4406 2530 4454 etiam
2550 4410 2616 4456 H.

798 4634 903 4680 174.
938 4616 1251 4683 vndecima]
1276 4633 1375 4681 4-5
1398 4631 1522 4668 a.1n.
1972 4620 2099 4681 sole,
2121 4619 2286 4670 silver
2309 4623 2458 4671 coins
2474 4621 2650 4670 worth
2679 4635 2739 4669 12
2754 4621 2881 4673 den.
2904 4624 3141 4689 Tui-on„

794 4687 903 4745 187.
952 4684 1334 4749 duodenarios]
1369 4684 1551 4747 Magni
1595 4685 1707 4735 albi
1748 4699 1872 4736 cum
1973 4687 2083 4735 and
2105 4686 2372 4737 therefore
2395 4686 2566 4737 called
2590 4686 2932 4741 duodenarii.
