3355 5380
727 374 803 430 20
1420 366 1798 429 LETTERS
1852 366 1959 427 ΟΡ
2011 363 2410 426 ERASMUS
2834 358 3109 444 [1523-4

720 525 957 586 amicus
992 526 1156 588 mihi
1195 526 1501 604 Battoque
1532 524 1900 586 communis.
1989 524 2158 585 Huic
2194 526 2326 584 erat
2359 541 2517 583 vxor
2542 520 2846 599 singulari
2881 521 3116 599 pietate

718 625 1014 702 praedita,
1046 625 1180 701 ipse
1216 624 1378 685 nulli
1420 624 1593 702 peior
1628 643 1820 702 quam
1854 622 1977 683 sibi
2003 644 2019 697 ς
2060 623 2251 682 homo
2292 621 2598 698 profusus,
2628 618 3116 681 scortationibus

717 726 779 783 et
805 722 1126 784 adulteriis
1152 725 1422 800 opertus,
1455 722 1687 800 alioqui
1712 721 1911 782 comis
1938 721 2013 780 ad
2046 739 2300 780 omnem
2326 718 2701 779 conuictum.
2764 716 3116 793 Theologos

718 840 935 881 omnes
971 820 1217 882 fortiter
1252 821 1705 894 contemnebat,
1741 840 1864 881 vno
1904 838 2007 878 me
2050 821 2323 895 excepto.
2403 817 2576 877 onr
2611 815 2771 876 mire
2796 815 3117 893 satagebat

660 942 688 990 5
717 903 794 978 de
836 922 1034 980 salute
1076 919 1214 981 viri.
1323 918 1495 979 Haec
1519 902 1647 996 'per
1672 919 1958 978 *Battum
2000 935 2248 976 mecum
2290 915 2422 992 agit
2460 917 2534 975 vt
2579 915 2788 992 aliqua
2826 919 3116 973 notarem

716 1015 963 1092 scripte,
1007 1036 1163 1093 quae
1203 1016 1566 1093 religionem
1607 1016 1961 1076 incuterent
1999 1013 2283 1087 homini;
2343 1012 2433 1073 sic
2474 1015 2686 1073 tamen
2728 1032 2810 1072 ne
2847 1011 3116 1072 sentiret

716 1114 869 1174 haec
909 1115 1122 1175 vxoris
1159 1115 1436 1191 impulsu
1475 1115 1622 1191 geri.
1712 1115 1876 1175 Nam
1920 1117 2052 1173 erat
2092 1115 2157 1171 et
2196 1112 2267 1171 in
2312 1112 2475 1172 hanc
2523 1131 2749 1171 saeuus
2789 1130 2985 1187 vsque
3032 1110 3116 1170 ad

718 1215 945 1289 plagas,
979 1233 1154 1274 more
1176 1213 1469 1273 videlicet
1494 1212 1774 1273 militari.
1861 1212 2257 1288 Obsequutus
2292 1230 2451 1283 sum,
2483 1209 2783 1271 annotaui
2809 1208 3116 1286 quaedam

718 1312 776 1371 ei
816 1310 1084 1387 tempori
1126 1330 1408 1387 congrua.
1496 1311 1590 1371 Ea
1631 1331 1828 1388 quum
1865 1309 2183 1388 placerent
2220 1308 2411 1368 etiam
2435 1307 2712 1379 eruditis,
2744 1305 3118 1384 praesertim

634 1431 695 1466 10
721 1408 949 1469 Ioanni
987 1407 1227 1468 Viterio
1270 1408 1690 1481 Franciscano‚
1740 1409 1916 1468 cuius
1957 1410 2089 1467 erat
2130 1407 2199 1465 in
2241 1406 2371 1465 illis
2411 1406 2768 1482 regionibus
2816 1406 3121 1466 autoritas

721 1525 987 1579 summa,
1052 1510 1453 1583 posteaquam
1522 1526 1738 1567 rursus
1804 1527 1840 1565 e
1906 1505 2156 1565 Lutetia
2221 1505 2420 1581 pestis
2488 1505 2764 1581 vndique
2829 1504 3121 1564 saeuiens

718 1603 1071 1662 Louanium
1128 1623 1243 1664 nos
1297 1605 1695 1681 profligasset,
1741 1624 1850 1680 per
1904 1603 2111 1664 ocium
2166 1603 2566 1664 absoluimus„
2654 1603 2934 1663 Libellus
2980 1606 3121 1662 erat

719 1702 1081 1777 aliquandiu
1122 1703 1453 1779 neglectus
1543 1704 1688 1762 Mox
1728 1703 1888 1761 mire
1929 1701 2131 1778 coepit
2162 1722 2296 1760 esse
2332 1700 2682 1773 vendibilia,
2714 1701 2899 1777 idque
2926 1702 3123 1777 potis·

718 1800 955 1859 simum
996 1801 1530 1861 commendatione
1559 1801 1950 1878 quorundam
1984 1799 2485 1874 Dominicalium,
2517 1819 2782 1876 quorum
2814 1798 3120 1875 aliquam·
3175 1853 3182 1858 .

635 1924 691 1972 15
720 1898 954 1958 multos
978 1919 1171 1975 nuper
1189 1900 1487 1960 alienauit
1508 1900 1720 1959 addita
1744 1898 2043 1975 praefatio
2070 1899 2146 1976 ad
2178 1899 2448 1957 Paulum
2465 1897 2755 1957 Volzium
2777 1896 3114 1970 Abbatem,

719 1998 927 2056 virum
955 1997 1252 2071 moribuS,
1278 2002 1348 2058 vt
1375 1998 1432 2058 si
1459 1999 1600 2075 quis
1626 1997 1802 2068 alius,
1836 2017 1990 2074 pure
2016 1995 2409 2056 Christianis.
2496 1995 2665 2056 Huic
2693 1994 3122 2054 adieceramus

719 2095 1065 2172 Epistolam
1107 2097 1562 2172 paraeneticam
1616 2097 1695 2156 ad
1743 2095 2107 2171 Adolphum
2149 2095 2498 2172 principem
2539 2094 2919 2166 Veriensem,
2971 2095 3118 2152 tum

717 2193 1058 2253 admodum
1077 2214 1357 2270 puerum.
1433 2196 1759 2254 Praeterea
1779 2194 1932 2253 duas
1953 2193 2352 2253 Precationes
2374 2194 2451 2251 ad
2470 2192 2795 2269 Virginem
2821 2190 3111 2263 Matrem,

716 2291 788 2350 in
834 2292 1097 2367 gratiam
1151 2291 1373 2351 matris
1426 2292 1616 2367 illius,
1674 2293 1794 2353 hoc
1848 2295 1944 2351 est
1988 2293 2213 2351 Annae
2270 2290 2558 2350 dominae
2601 2289 2918 2362 Verianae,
2966 2289 3121 2349 stilo

632 2417 693 2451 20
718 2388 983 2449 iuuenili
1033 2392 1096 2449 et
1136 2391 1215 2451 ad
1254 2390 1427 2450 illius
1466 2391 1758 2450 affectum
1800 2389 2260 2449 accommodato
2303 2389 2509 2466 potius
2552 2408 2740 2465 quam
2778 2388 2857 2448 ad
2898 2406 3120 2447 meum

718 2486 1033 2548 iudicium.
1124 2489 1294 2563 Post,
1355 2508 1546 2548 vnam
1603 2488 1817 2548 addidi
1871 2488 1951 2548 ad
2003 2488 2232 2560 Iesum,
2294 2486 2495 2563 magis
2552 2505 2629 2545 ex
2683 2486 2895 2546 animo
2951 2505 3115 2545 meo,

719 2585 998 2646 Accessit
1041 2606 1185 2662 pars
1226 2587 1634 2663 temporariae
1681 2585 2138 2663 Disputationis
2187 2584 2341 2645 olim
2389 2584 2640 2645 habitae
2685 2604 2830 2645 cum
2874 2584 3122 2645 Ioanne

720 2682 948 2758 Coleto,
975 2684 1051 2745 de
1070 2684 1274 2745 taedio
1297 2685 1455 2760 Iesu,
1480 2685 1537 2746 si
1556 2693 1768 2746 tamen
1788 2684 1938 2744 haec
1960 2685 2230 2762 pertinet
2250 2684 2327 2744 ad
2358 2704 2606 2745 morum
2626 2684 3112 2746 institutionem.

719 2781 858 2842 Hoc
897 2803 1079 2853 anno,
1121 2784 1237 2844 hoc
1279 2787 1375 2844 est
1421 2802 1591 2862 1524,
1640 2784 1966 2844 emisimus
2008 2783 2530 2859 Exomologesim,
2566 2782 2702 2843 siue
2741 2784 2836 2843 De
2875 2785 3122 2844 ratione

636 2911 693 2960 ²5
720 2881 1057 2942 confitendi
1084 2883 1421 2943 commissa
1448 2883 1771 2944 sacerdoti.

801 2980 965 3055 Quin
1005 2981 1108 3040 his
1149 2982 1387 3042 maiora
1426 3001 1571 3041 sum
1610 3001 1816 3056 ausus,
1849 2979 2120 3055 explicui
2162 2980 2525 3057 paraphrasi
2565 2979 2900 3057 epistolam'
2932 2979 3122 3040 Pauli

720 3077 797 3136 ad
843 3077 1178 3138 Romanos.
1265 3079 1412 3139 Mox
1455 3078 1562 3139 vbi
1605 3098 1926 3138 successus
1972 3078 2262 3137 audaciae
2310 3082 2375 3137 et
2427 3078 2771 3138 amicorum
2828 3077 3123 3138 hortatus

719 3193 822 3234 me
863 3175 1128 3234 subinde
1171 3175 1418 3252 longius
1456 3178 1878 3251 prouocarent,
1912 3175 2298 3236 absoluimus
2337 3176 2758 3253 Paraphrases
2791 3176 2860 3236 in
2900 3196 3124 3236 omnes

720 3271 1014 3347 epistolas
1042 3274 1501 3349 Apostolorum
1591 3272 1732 3333 Hoc
1762 3293 1916 3349 opus
1943 3273 2241 3350 quoniam
2269 3293 2397 3334 non
2425 3279 2722 3352 perpetuo
2749 3274 2975 3349 labore,
3009 3274 3122 3335 sed

635 3402 698 3450 30
720 3388 800 3429 ex
842 3369 1197 3430 interuallis
1246 3370 1604 3432 absolutum
1646 3374 1759 3444 est,
1806 3370 1895 3430 sic
1932 3373 2003 3430 vt
2042 3373 2182 3447 post
2223 3390 2722 3450 vnamquamque
2763 3371 3122 3450 portionem

722 3465 1076 3526 absolutam
1132 3469 1546 3527 statueremus
1600 3467 1680 3527 ab
1735 3468 1854 3528 hoo
1909 3488 2131 3544 genere
2182 3472 2544 3547 temperare,
2604 3472 2840 3531 factum
2894 3474 2994 3530 est
3045 3474 3124 3531 vt

721 3569 964 3640 praeter
1007 3584 1247 3625 morem
1290 3583 1503 3626 meum
1552 3566 1753 3642 operis
1796 3586 2045 3627 summa
2101 3587 2228 3627 non
2276 3568 2361 3628 sit
2404 3568 2516 3628 vni
2562 3568 2858 3629 dedicata.
2945 3569 3117 3644 Post,

721 3664 972 3723 hortatu
1013 3664 1317 3724 Matthaei
1354 3664 1704 3726 Cardinalis
1746 3665 2126 3726 Sedunensis
2173 3665 2339 3726 idem
2382 3686 2581 3742 nuper
2619 3667 2754 3728 ausi
2795 3686 3017 3727 sumus
3051 3667 3124 3726 in

723 3761 1126 3823 Matthaeum.
1233 3761 1372 3822 Hoc
1430 3763 1877 3824 lucubrationis
1933 3763 2356 3823 dedicauimus
2416 3764 2638 3824 Carolo
2693 3765 2965 3837 Caesari,
3021 3764 3126 3824 cui

638 3869 698 3919 35
725 3858 957 3920 seimus
1008 3860 1385 3920 industriam
1456 3863 1738 3921 nostram
1801 3861 1992 3922 fuisse
2061 3862 2501 3938 gratissimam.
2607 3863 2747 3924 Iam
2816 3863 3126 3922 desieram

726 3959 992 4035 cogitare
1036 3959 1163 4035 περὶ
1203 3963 1302 4020 τοῦ
1345 3963 1748 4037 παραφράζειν,
1796 3965 1856 4019 et
1902 3980 2039 4019 ecce
2084 3961 2305 4020 multis
2348 3960 2417 4020 in
2466 3960 2585 4021 hoc
2633 3961 2906 4021 stadium
2952 3979 3127 4021 reuo-

726 4055 1011 4116 cantibus
1063 4057 1307 4117 absolui
1360 4057 1802 4134 Paraphrasim
1847 4058 1915 4117 in
1970 4059 2291 4132 Ioannem,
2342 4060 2506 4136 quod
2562 4059 2619 4120 is
2673 4079 2818 4136 prae
2867 4059 3129 4119 caeteris

726 4155 948 4215 multis
983 4154 1450 4232 difficultatibus
1484 4161 1834 4216 remoratur
1868 4156 2182 4218 lectorem.
2272 4158 2397 4218 Nec
2436 4157 2539 4218 hic
2569 4158 2750 4219 licuit
2774 4158 3085 4235 quiescere
3107 4180 3138 4217 ε.

727 4254 927 4329 coepit
952 4252 1276 4331 efflagitari
1302 4255 1520 4326 Lucas,
1550 4255 1713 4332 quod
1742 4255 1906 4332 apud
1933 4255 2102 4315 hunc
2139 4257 2342 4316 multa
2372 4255 2503 4316 sint
2538 4275 2682 4316 cum
2712 4256 2891 4316 nullo
2917 4256 3130 4315 Euan-

798 4421 848 4454 2.
883 4408 953 4460 B:
986 4407 1235 4468 profusus
1257 4406 1685 4470 scortationibus,
1710 4423 1742 4455 α
1963 4422 2041 4457 10.
2074 4408 2311 4457 Vitrario
2335 4409 2361 4455 ὃ
2502 4421 2512 4432 ”
2582 4422 2658 4458 11.
2692 4411 3044 4470 posteaquam
3066 4410 3137 4462 8²

733 4485 903 4532 quum
926 4477 1045 4534 post
1067 4490 1115 4521 α.
1245 4487 1323 4533 23.
1362 4475 1600 4534 pertinet
1623 4475 1663 4521 δ.
1798 4488 1878 4533 24.
1917 4474 2037 4522 Hoc
2057 4508 2073 4524 .
2095 4511 2107 4523 .
2128 4509 2142 4521 .
2166 4487 2248 4533 25.
2266 4473 2526 4523 sacerdoti
2548 4478 2660 4524 aad.
2678 4476 2731 4528 β.
2862 4474 2943 4522 26.
2979 4473 3129 4534 Quin

733 4537 821 4585 his
843 4540 903 4591 B:
938 4537 1147 4586 Deinde
1167 4555 1214 4587 α.
1347 4552 1428 4598 31.
1463 4553 1657 4601 genere
1679 4540 1739 4591 fl:
1772 4538 1950 4587 labore
1971 4557 2020 4589 α.
2151 4554 2229 4600 32.
2260 4541 2474 4601 praeter
2496 4553 2699 4588 morem
2722 4553 2910 4588 meum
2931 4542 3045 4587 aad.
3066 4541 3125 4592 8.

734 4617 815 4664 35.
852 4605 969 4651 Iam
994 4640 1004 4651 .
1031 4638 1046 4652 .
1073 4640 1086 4652 .
1109 4606 1185 4652 21.
1215 4619 1264 4664 9.
1298 4603 1428 4652 felix
1446 4607 1509 4656 βε
1557 4605 1712 4652 Nunc
1736 4603 2019 4653 excuditur
2042 4605 2390 4667 Paraphrasis
2412 4607 2473 4654 in
2496 4605 2719 4655 Ioannis
2741 4605 3130 4668 Euangelium,

736 4668 981 4717 dedicata
1004 4668 1359 4733 Ferdinando,
1388 4669 1564 4718 Caroli
1588 4670 1829 4719 Caesaris
1851 4670 2009 4719 fratri
2031 4688 2080 4718 α.
