3355 5380
685 414 756 469 12
1376 411 1759 473 LETTERS
1815 411 1921 473 or
1975 410 2374 473 ERAsnms
2803 409 2945 483 [152
2955 427 3075 485 3-4

677 566 886 628 creber
909 567 1008 628 sit.
1101 569 1304 646 Atque
1340 568 1490 628 haec
1516 568 1756 629 scilicet
1789 568 2170 645 respondent
2203 566 2549 645 palinodiae
2587 585 2774 645 quam
2812 566 2922 626 ille
2955 566 3076 626 sub

677 686 817 725 meo
864 666 1122 726 nomine
1169 666 1494 743 pollicetur
1528 666 1597 727 in
1637 667 1885 727 falsaria
1920 667 2315 744 praefatione,
2363 666 2537 745 quasi
2585 665 2948 742 cuiusquam
2990 665 3076 725 sit

677 783 893 825 canere
935 764 1314 841 palinodiam
1359 765 1585 830 erroris
1626 765 1835 839 alieni,
1888 767 1998 826 aut
2040 764 2217 843 quasi
2262 763 2554 842 quicquid
2599 763 2728 823 illic
2773 763 2890 823 sub
2932 783 3077 840 qua-

676 881 919 939 cunque
937 882 1199 938 persona
1217 863 1460 937 dicitur,
1484 883 1698 925 meum
1726 863 1813 923 sit
1833 863 2076 940 dogma.
2139 862 2317 923 Nihil
2340 862 2510 923 enim
2532 881 2635 921 me
2655 864 2884 933 mouet,
2907 861 3072 939 quod

620 984 648 1033 5
677 958 997 1019 hominem
1034 960 1315 1021 nondum
1342 960 1810 1039 sexagenarium
1843 960 1992 1028 facit
2019 960 2339 1038 praegraui
2365 964 2626 1020 senecta.
2716 959 2889 1019 Olim
2918 959 3078 1036 capi-
3185 970 3190 977 '

673 1056 796 1123 tale
823 1061 955 1125 erat
980 1059 1198 1119 aedere
1223 1059 1555 1138 quicquam
1593 1059 1798 1118 alieno
1838 1058 2112 1134 nomine,
2146 1078 2315 1119 nunc
2351 1058 2509 1119 tales
2545 1056 2977 1135 sycophantias
3004 1057 3076 1117 in

674 1156 902 1232 vulgus
943 1175 1228 1233 spargere
1261 1156 1407 1217 ficto
1448 1157 1645 1234 ipsius
1686 1157 1944 1217 nomine
1979 1158 2086 1235 qui
2117 1156 2483 1229 traducitur,
2521 1155 2708 1216 ludus
2740 1159 2836 1215 est
2872 1155 3077 1215 Theo-

677 1256 980 1331 logorum,
1070 1255 1127 1314 N
1130 1274 1232 1314 am
1274 1255 1415 1314 vult
1456 1253 1806 1331 Theologus
1847 1254 2062 1329 videri,
2097 1274 2293 1332 quum
2332 1274 2433 1314 res
2466 1253 2649 1313 illum
2687 1253 2967 1314 clamitet
2994 1274 3078 1314 ne

676 1353 880 1429 pilum
921 1352 1172 1429 quidem
1211 1356 1424 1415 tenere
1463 1352 1554 1413 rei
1588 1352 1985 1429 theologicae.
2075 1352 2204 1412 Nec
2230 1352 2448 1414 dubito
2487 1352 2640 1429 quin
2675 1351 2928 1412 furcifer
2964 1352 3078 1412 ille

594 1478 655 1514 10
678 1450 1019 1520 mendaciis
1064 1451 1196 1518 suis
1239 1450 1585 1527 inposuerit
1625 1451 1913 1512 famelico
1950 1450 2376 1528 typographo;
2427 1470 2556 1509 non
2594 1450 2766 1509 enim
2809 1450 3080 1510 arbitror

679 1568 1029 1626 quenquam
1070 1568 1206 1609 esse
1245 1551 1378 1608 tam
1418 1548 1731 1624 insanum,
1767 1549 1876 1627 qui
1916 1549 2117 1611 sciens
2157 1552 2289 1609 tam
2327 1549 2605 1609 indoctas
2642 1548 2895 1608 naenias
2921 1548 3082 1608 velit

679 1646 992 1707 excudere.
1082 1645 1481 1722 Deploratam
1523 1645 1802 1707 hominis
1841 1648 2161 1708 audaciam
2202 1645 2417 1710 mirari
2457 1646 2628 1722 desii,
2675 1650 3079 1723 posteaquam

678 1743 961 1810 intellexi
986 1742 1170 1812 illum
1197 1763 1330 1807 esse
1357 1744 1604 1821 pullum
1631 1766 1666 1806 e
1697 1745 1844 1809 nido
1873 1745 2179 1805 Bernensi
2207 1744 2521 1822 quondam
2558 1745 2859 1821 elapsum,
2892 1744 3080 1820 plane

680 1847 742 1901 ἐκ
786 1842 1051 1901 κακίστου
1092 1842 1326 1919 κόρακος
1366 1844 1633 1903 κάκιστον
1673 1844 1797 1904 ὠόν.
1885 1843 2057 1905 Illud
2101 1843 2389 1914 demiror,
2423 1843 2478 1902 si
2511 1862 2732 1906 verum
2773 1846 2868 1903 est
2910 1842 3078 1919 quod

595 1968 652 2018 15
679 1942 970 2015 adfertur,
995 1940 1158 2017 apud
1180 1938 1453 2005 Parisios
1478 1959 1612 2001 esse
1634 1941 1995 2019 Theologos,
2019 1942 2126 2019 qui
2148 1941 2266 2002 sibi
2296 1940 2610 2017 plaudant,
2637 1940 2801 2017 quod
2823 1939 3080 1998 tandem

680 2040 845 2100 nacti
875 2039 1003 2103 sint
1028 2038 1355 2099 hominem
1384 2039 1493 2117 qui
1521 2039 1910 2117 eloquentiae
1938 2060 2085 2100 suae
2111 2039 2377 2100 fulmine
2416 2038 2681 2099 disiiciat
2716 2038 3082 2098 vniuersam

678 2138 896 2201 Luteri
922 2137 1270 2212 factionem,
1305 2139 1368 2197 et
1396 2136 1721 2202 ecclesiam
1749 2138 2049 2214 pristinae
2077 2137 2366 2201 restituat
2393 2136 2847 2215 tranquillitati.
2913 2135 3081 2195 Nam

679 2235 925 2312 scripsit
970 2239 1033 2297 et
1080 2236 1379 2298 aduersus
1422 2236 1746 2308 Luterum‚
1802 2238 1873 2296 vt
1916 2236 2120 2296 audio·
2209 2236 2296 2295 Et
2337 2239 2551 2312 postea
2597 2234 2896 2310 Theologi
2942 2254 3084 2312 que·

680 2337 908 2395 runtur
951 2353 1017 2393 se
1065 2353 1103 2392 a
1150 2333 1329 2394 nobis
1384 2333 1642 2407 traduci,
1695 2334 1803 2411 qui
1858 2334 2065 2394 studia
2117 2333 2394 2410 ipsorum
2448 2334 2644 2394 tantis
2696 2332 2929 2409 vigiliis
2975 2333 3083 2392 ad-

592 2459 655 2494 20
679 2433 985 2507 muamus,
1019 2451 1214 2508 quum
1254 2430 1376 2507 ipsi
1416 2431 1701 2491 volentes
1741 2433 2196 2508 amplectantur
2235 2432 2387 2492 talia
2422 2434 2720 2504 monstra,
2753 2450 2909 2508 quae
2936 2430 3083 2507 plus

680 2531 996 2595 dedecoris
1035 2529 1325 2590 adferunt
1365 2528 1573 2588 ordini
1615 2530 2092 2607 Theologorum,
2140 2534 2327 2608 atque
2367 2530 2560 2591 etiam
2602 2528 3076 2602 monachorum,

679 2648 865 2707 quam
911 2627 1121 2706 quiuis
1170 2627 1517 2706 quamlibet
1559 2628 1901 2689 maledicus
1951 2629 2150 2692 hostis
2191 2632 2415 2708 posset.
2506 2629 2629 2705 Qui
2669 2629 2795 2688 tale
2837 2627 3085 2689 facinus

679 2728 884 2801 audet,
947 2726 1115 2787 idem
1176 2746 1303 2792 non
1357 2726 1670 2789 dubitabit
1725 2727 2089 2790 incendium
2150 2733 2258 2790 aut
2310 2728 2682 2790 veneficium
2729 2726 3077 2788 admittere.

680 2827 888 2903 Atque
943 2825 1094 2886 haec
1153 2824 1546 2886 excuduntur
1600 2826 1904 2901 Lutetiae,
1964 2827 2075 2887 vbi
2128 2827 2305 2888 nefas
2358 2830 2453 2887 est
2506 2827 2608 2887 vel
2665 2825 3083 2902 Euangelium

596 2954 654 3004 ²5
679 2924 916 3001 excudi,
972 2924 1094 2986 nisi
1150 2925 1607 3000 Theologorum
1662 2943 1923 2985 censura
1976 2926 2460 3003 comprobatum.
2548 2924 2688 2984 Hoc
2741 2923 3085 3000 colloquio·

681 3041 822 3080 rum
879 3041 1037 3098 opus
1082 3025 1470 3098 postremum
1521 3022 1674 3081 exiit
1728 3025 1986 3086 auctum
2036 3024 2346 3098 coronide,
2399 3024 2592 3083 Anno
2646 3040 2820 3102 1524,
2868 3041 3086 3084 mense

681 3118 1049 3195 Septembri.

762 3217 1086 3281 Caeterum
1124 3216 1422 3294 quoniam
1457 3216 1752 3276 videbam
1792 3217 2031 3278 multos
2073 3219 2400 3295 scriptores
2426 3218 2529 3278 vel
2567 3218 2800 3296 negligi
2829 3238 3088 3295 prorsus

681 3314 784 3374 vel
830 3315 1073 3376 minore
1117 3333 1263 3378 cum
1311 3314 1518 3373 fructu
1568 3313 1712 3390 legi,
1757 3315 1920 3392 quod
1958 3316 2236 3395 vndique
2283 3320 2589 3378 scaterent
2635 3316 2897 3389 mendis,
2942 3320 3086 3377 tum

596 3445 658 3494 30
681 3415 892 3475 autem
928 3413 1229 3489 quosdam
1269 3410 1460 3471 etiam
1496 3413 1963 3477 commentariis
1995 3413 2433 3477 insulsissimis
2459 3436 2592 3476 esse
2629 3415 3087 3476 contaminatos

681 3512 892 3576 verius
925 3530 1113 3588 quam
1154 3510 1485 3587 expositos,
1529 3510 1891 3572 studuimus
1932 3515 1996 3572 et
2036 3513 2104 3573 in
2137 3514 2252 3574 hac
2287 3517 2457 3591 parte
2496 3513 2816 3577 consulere
2853 3515 3088 3575 studiis

682 3609 1052 3683 iuuentutis,
1088 3627 1203 3668 nec
1242 3607 1421 3668 iuxta
1462 3609 1836 3668 Graecorum
1879 3611 2282 3686 prouerbium
2326 3612 2395 3672 in
2438 3611 2604 3672 dolio
2643 3611 2747 3688 τὴν
2785 3615 3088 3689 κεραμικήν

682 3727 902 3767 sumus
929 3705 1220 3784 aggressi,
1257 3705 1366 3765 sed
1395 3706 1462 3765 in
1491 3705 1706 3767 libello
1732 3707 1956 3784 puerili
1983 3710 2083 3770 cui
2112 3711 2340 3770 titulus
2368 3712 2460 3769 est
2491 3710 2661 3773 Cato.
2720 3708 3088 3776 Adiecimus

684 3807 913 3866 Mimos
940 3805 1282 3870 Publianos
1309 3823 1457 3864 sane
1486 3825 1674 3882 quam
1698 3805 1974 3880 festinos,
2007 3808 2116 3885 qui
2143 3808 2310 3868 inter
2338 3808 2601 3869 Senecae
2625 3807 3088 3873 lucubrationes

595 3928 654 3977 35
682 3905 845 3965 falso
897 3904 1086 3969 titulo
1141 3902 1436 3976 latebant,
1488 3902 1595 3962 sed
1645 3902 2168 3980 deprauatissimi,
2220 3909 2361 3967 tum
2408 3906 2694 3972 admixtu
2743 3908 3088 3968 multarum

683 4001 1153 4074 sententiarum,
1214 4001 1323 4078 qui
1392 4000 1576 4060 Mimi
1642 4021 1771 4062 non
1827 4006 2028 4077 erant,
2086 4004 2513 4068 contaminati.
2610 4004 2735 4064 His
2790 4005 3089 4066 omnibus

684 4100 920 4160 scholia
945 4099 1303 4166 adiecimus.
1392 4099 1824 4164 Adiunximus
1849 4103 1913 4164 et
1947 4101 2071 4163 alia
2106 4104 2408 4180 quaedam
2449 4122 2488 4169 a
2526 4103 2711 4168 nobis
2746 4104 3081 4182 recognita,

684 4197 1022 4257 minutiora
1084 4217 1274 4275 quam
1329 4200 1404 4258 vt
1457 4198 1542 4257 sit
1605 4198 2105 4275 operaeprecium
2160 4199 2401 4275 referre,
2468 4200 2632 4279 quod
2694 4202 2950 4279 quidem
3006 4203 3086 4263 ad

684 4315 937 4374 operam
991 4315 1029 4355 a
1082 4295 1265 4362 nobis
1318 4295 1707 4373 insumptam
1760 4296 2003 4360 attinet.
2099 4298 2182 4358 In
2236 4298 2398 4360 hanc
2453 4300 2713 4364 classem
2769 4300 3089 4361 referenda

595 4418 659 4466 40
685 4395 934 4453 videtur
962 4393 1106 4453 Nux
1136 4394 1363 4470 Ouidii,
1397 4414 1585 4471 quam
1622 4394 2022 4455 emendatam
2058 4397 2569 4457 commentariolo
2607 4397 3090 4474 explanauimus

685 4492 756 4551 in
792 4492 1059 4570 gratiam
1095 4493 1367 4571 optimae
1402 4493 1538 4571 spei
1572 4492 1980 4554 adolescentis
2017 4494 2277 4556 Ioannis
2306 4494 2505 4570 Mori;
2553 4497 2655 4556 cui
2683 4495 3089 4560 adiunximus

758 4656 833 4704 16.
870 4656 984 4706 sint
1006 4658 1076 4710 B:
1110 4658 1239 4704 sunt
1262 4673 1312 4717 γ.
1484 4672 1563 4718 3ο.
1599 4663 1671 4715 βε
1706 4658 1929 4719 quidam
1962 4695 1976 4709 .
2017 4695 2030 4709 .
2065 4691 2081 4707 .
2119 4660 2302 4708 essent
2333 4660 2690 4709 contaminati
2722 4696 2736 4712 .
2782 4695 2795 4709 .
2828 4695 2842 4711 .
2881 4676 2962 4722 31.
2997 4675 3086 4711 ex·

690 4722 856 4784 positi
888 4740 934 4773 a.
1038 4736 1118 4783 31.
1156 4722 1217 4771 in
1241 4726 1357 4773 add.
1381 4725 1423 4774 δ.
1524 4737 1604 4785 33.
1640 4728 1723 4775 est
1756 4739 1847 4777 om.
1882 4725 1936 4778 β.
2035 4738 2115 4787 39.
2148 4724 2219 4774 ln
2242 4759 2257 4775 .
2283 4759 2299 4775 .
2326 4761 2340 4776 .
2366 4728 2446 4775 13.
2468 4741 2516 4787 4.
2540 4728 2701 4775 Anno
2730 4741 2852 4789 1524
2875 4732 2986 4777 add.
3013 4731 3067 4782 β.
