3355 5380
702 371 815 425 312

1386 366 1763 428 LETTERS
1818 365 1925 427 oF
1979 365 2383 427 ERASMUS

2903 360 3084 447 [¹500

691 521 1018 582 ferendum
1074 523 1450 598 conuicium,
1500 523 1817 600 siquidem
1872 523 1939 583 in
1994 523 2266 583 militem
2316 521 2641 582 Eluetium
2687 521 2971 594 dicatur3
3030 525 3089 584 at

691 622 759 681 in
793 620 1116 682 hominem
1158 621 1474 699 poeticum
1513 621 1633 681 ocii
1672 621 2057 698 vmbraeque
2096 623 2416 681 amantem
2457 620 2823 696 neutiquam
2859 619 3090 680 haeret.

634 747 662 795 5
692 720 1061 796 Quanquam
1084 719 1449 780 huiusmodi
1477 720 1546 779 in
1572 719 1761 780 rebus
1788 719 1949 780 nihil
1975 719 2311 780 formidare
2331 718 2623 795 equidem
2652 738 2781 777 non
2809 717 3092 780 strennui

688 818 982 892 hominis,
1036 818 1143 879 sed
1200 819 1432 895 stipitis
1485 838 1620 879 esse
1676 818 1853 878 duco.

1955 817 2079 879 Vbi
2132 838 2206 879 eo
2259 837 2404 877 cum
2453 817 2631 877 hoste
2687 836 2785 876 res
2840 819 2937 876 est
2990 818 3092 892 qui

689 916 1054 993 propulsari,
1101 917 1209 993 qui
1259 916 1512 990 referiri,
1557 917 1666 993 qui
1715 917 1885 976 vinci
1931 919 2149 976 contra
2194 914 2530 994 pugnando
2582 917 2799 992 potest,
2846 914 2940 974 ibi
2990 914 3092 990 qui

689 1015 871 1075 fortis
918 1014 1116 1074 videri
1166 1015 1353 1091 cupit,
1405 1035 1513 1091 per
1567 1034 1669 1074 me
1718 1014 1949 1075 licebit.

2046 1015 2284 1074 Lernea
2331 1012 2442 1073 illa
2489 1012 2727 1090 Hydra,
2778 1015 3093 1073 extremus

692 1112 1190 1190 durissimusque
1231 1112 1514 1173 laborum
1557 1112 1871 1187 Herculis,
1914 1112 2077 1174 ferro
2118 1111 2376 1189 quidem
2417 1110 2659 1170 domari
2699 1130 2827 1170 non
2871 1111 3090 1188 potuit,

610 1237 672 1272 10
692 1213 758 1271 at
785 1212 1020 1272 Graeco
1047 1215 1258 1271 tamen
1296 1211 1432 1288 igni
1458 1211 1679 1271 confici
1716 1211 1936 1287 potuit.
2025 1210 2192 1271 Huic
2227 1210 2392 1270 malo
2420 1208 2571 1285 quid
2598 1208 2854 1268 tandem
2890 1208 3091 1278 facies,

692 1309 856 1385 quod
900 1328 1013 1369 nec
1055 1310 1224 1369 cerni
1262 1313 1447 1385 queat
1484 1329 1598 1369 nec
1632 1308 1805 1370 vinci
1823 1311 1856 1369 *Ρ
1920 1309 2232 1384 Quaedam
2270 1307 2500 1367 melius
2539 1306 2867 1384 fugiuntur
2904 1325 3094 1383 quam

688 1411 1079 1483 superantur.
1169 1407 1287 1466 Vir
1324 1408 1504 1467 fortis
1549 1408 1796 1468 Aeneas
1840 1427 1969 1468 non
2014 1425 2382 1484 congressus
2425 1408 2519 1466 est
2560 1424 2705 1464 cum
2748 1403 3094 1482 Syrenibus

688 1505 794 1565 sed
824 1505 1010 1584 longe
1044 1526 1082 1565 a
1116 1506 1461 1582 periculoso
1497 1505 1709 1565 littore
1746 1524 1996 1583 proram
2032 1504 2297 1566 deflexit.
2370 1506 2464 1564 At
2488 1503 2649 1563 nihil
2684 1505 2797 1576 est,
2827 1503 3090 1579 inquies,

688 1603 966 1680 periculi.
1070 1604 1160 1662 At
1216 1623 1329 1680 ego
1380 1604 1635 1664 interim
1692 1603 1850 1664 citra
1903 1602 2250 1681 periculum
2301 1603 2536 1665 multos
2583 1602 2840 1662 interire
2888 1601 3088 1662 video.

605 1722 660 1772 ¹5
688 1700 961 1778 Vulpem
1005 1700 1221 1761 imitor
1260 1701 1692 1776 Horatianam,

1784 1824 1943 1898 Quia
1986 1844 2088 1884 me
2128 1823 2392 1900 vestigia
2430 1825 2666 1882 terrent

1015 1922 1321 1997 Pleraque
1362 1925 1426 1981 te
1467 1921 1802 1983 aduersum
1845 1923 2201 2000 spectantia,
2245 1940 2443 1999 pauca
2482 1923 2841 1980 retrorsum.

770 2042 850 2104 In
888 2045 1002 2103 hac
1039 2065 1154 2121 ego
1193 2063 1402 2104 rerum
1443 2044 1597 2105 facie
1634 2064 1767 2106 non
1803 2046 2126 2106 Aureliam
2163 2045 2362 2118 modo,
2395 2043 2505 2104 sed
2542 2044 2732 2104 etiam
2768 2043 2847 2103 ad
2887 2043 3092 2104 Gades

687 2141 826 2202 illas
860 2140 1216 2214 Herculeas,
1251 2143 1349 2202 vel
1388 2141 1465 2202 ad
1499 2144 1859 2204 Orchadum
1894 2148 2313 2204 extremarum
2345 2146 2691 2202 extremam
2726 2155 2927 2218 vsque
2966 2162 3090 2202 non

602 2257 663 2294 πο
689 2239 1030 2300 dubitarim
1096 2240 1380 2314 auolare;
1448 2261 1574 2301 non
1625 2242 1789 2319 quod
1839 2242 2241 2304 meticulosus
2296 2241 2417 2301 sim
2475 2239 2804 2316 animoque
2864 2258 3087 2317 parum

689 2338 979 2409 masculo,
1012 2358 1231 2398 verum
1272 2360 1350 2399 ne
1385 2340 1518 2399 iure
1560 2343 1880 2414 metuam;
1936 2361 2063 2401 non
2106 2361 2185 2400 ne
2222 2341 2465 2412 moriar,
2510 2338 2610 2397 cui
2648 2338 2734 2397 rei
2771 2338 3090 2397 nascimur

687 2456 920 2512 omnes,
953 2456 1172 2496 verum
1212 2456 1290 2496 ne
1331 2436 1489 2497 vitio
1525 2457 1666 2499 meo
1707 2437 1952 2499 moriar.
2043 2438 2111 2498 Si
2140 2437 2428 2499 Christus
2461 2456 2607 2497 suos
2645 2436 2892 2495 monuit
2929 2437 3087 2512 Apo-

685 2534 878 2594 stolos
903 2537 973 2594 vt
1003 2534 1261 2594 mutatis
1297 2534 1564 2595 subinde
1591 2535 1850 2597 vrbibus
1887 2540 2406 2614 persequutorum
2441 2533 2681 2612 gladios
2719 2535 3081 2612 effugerent,

685 2651 797 2710 ego
843 2634 978 2692 tam
1022 2632 1346 2709 capitalem
1390 2633 1654 2710 hostem,
1701 2653 1844 2695 cum
1893 2634 2214 2696 commode
2256 2653 2496 2711 queam,
2543 2652 2670 2693 non
2713 2632 3087 2693 declinabo?

632 2751 658 2799 5
689 2731 1058 2807 Quanquam
1107 2731 1184 2791 ad
1228 2731 1695 2810 remigrandum
1744 2732 2113 2793 iamdudum
2161 2738 2299 2794 tum
2342 2733 2553 2793 Musae
2599 2751 2700 2791 me
2751 2732 3085 2791 hortantur

687 2848 877 2903 meae,
936 2849 1092 2905 quae
1146 2829 1400 2906 quidem
1455 2830 1559 2890 hic
1623 2831 1787 2891 inter
1840 2832 2228 2903 Accursium,
2290 2830 2623 2890 Bartolum
2686 2832 2749 2889 et
2806 2829 3078 2890 Baldum

686 2926 914 2987 misere
949 2926 1200 3005 frigent,
1241 2931 1378 2987 tum
1423 2948 1556 2988 acre
1593 2930 1712 2989 hoc
1748 2950 2127 3006 saeuumque
2168 2929 2312 3008 gelu
2354 2928 2605 3007 penitus
2639 2927 3080 3005 extinguendis

686 3024 877 3086 huius
915 3024 1120 3086 morbi
1160 3025 1443 3103 reliquiis
1483 3026 1866 3104 nimisquam
1911 3031 2347 3106 opportunum.
2435 3026 2557 3086 Sed
2599 3025 2839 3085 faciunt
2881 3025 3080 3085 adhuc

685 3123 965 3201 scrupuli
1012 3124 1219 3183 nescio
1266 3123 1416 3200 quid
1472 3124 1583 3184 illa
1639 3124 1915 3202 ingentis
1968 3125 2243 3186 incendii
2297 3124 2574 3202 vestigia,
2627 3124 2859 3195 fumus,
2915 3124 3077 3194 odor,

598 3237 662 3287 30
685 3222 954 3296 fauillae,
988 3225 1050 3281 et
1078 3222 1243 3283 haud
1271 3222 1401 3282 scio
1429 3242 1510 3282 an
1539 3222 1729 3283 etiam
1757 3222 2019 3301 igniculi
2045 3222 2353 3302 suppositi
2382 3221 2574 3283 cineri
2600 3221 2835 3281 doloso.

767 3319 910 3380 Scio
936 3319 1208 3395 quidem,
1240 3320 1697 3381 humanissime
1731 3321 1973 3397 Fauste‚
2005 3342 2257 3399 operam
2295 3341 2395 3380 me
2424 3338 2679 3380 omnem
2714 3320 2947 3395 ludere,
2979 3318 3082 3396 qui

751 3448 796 3494 3.
835 3432 1112 3480 Eluetium
1134 3436 1245 3482 add.
1268 3437 1321 3482 P.

687 3497 909 3546 fauillus
925 3500 982 3545 Ε.

750 3628 799 3674 3.
829 3613 1130 3679 Eluetium]
1166 3616 1216 3663 Α
1239 3616 1383 3678 large
1417 3616 1558 3678 body
1579 3617 1640 3665 of
1667 3616 1833 3666 Swiss

685 3680 1056 3741 memenaries‚
1085 3681 1265 3729 samed
1290 3682 1373 3729 sor
1393 3682 1535 3730 their
1557 3682 1718 3730 fierce
1740 3684 1836 3732 but

685 3745 886 3805 unruly
920 3760 1155 3807 courage,
1191 3746 1301 3795 had
1336 3747 1577 3808 recently
1611 3748 1833 3796 entered

686 3808 781 3857 the
801 3811 1002 3859 service
1026 3813 1083 3859 of
1103 3812 1262 3859 Louis
1285 3827 1366 3861 κη
1388 3828 1459 3861 on
1489 3829 1520 3861 a
1544 3815 1638 3862 ten
1659 3815 1834 3875 years'

685 3878 1004 3937 agreement.
1074 3876 1153 3925 Of.
1172 3877 1479 3939 Creighton,
1502 3879 1568 3927 iv.
1592 3892 1702 3939 117,
1723 3879 1833 3928 and

686 3939 921 4000 lavisse,
943 3945 1062 3989 Hict.
1086 3946 1359 4004 deF'ranoe,
1379 3959 1432 3992 v.
1453 3958 1540 4005 pp.
1560 3956 1625 4003 59
1646 3945 1758 3994 and
1781 3960 1829 4006 5.

757 4020 831 4055 12.
865 3977 1099 4068 Aeneas]
1132 4007 1287 4069 Verg.
1311 3979 1430 4057 Αἐη.
1459 4023 1504 4069 5.
1532 4011 1630 4069 864
1654 4024 1761 4071 seq.

756 4085 830 4132 15.
866 4072 1398 4137 Horatianam]Epp.
1427 4088 1467 4122 1.
1497 4088 1539 4122 1.
1567 4088 1644 4137 74,
1670 4088 1720 4135 5.

751 4140 829 4187 96.
880 4136 995 4201 hic]
1053 4138 1211 4187 Since
1270 4139 1383 4186 xiv⁰
1438 4139 1662 4188 Orleans
1721 4139 1829 4188 had

686 4204 823 4252 been
855 4204 1145 4252 renowned
1176 4204 1259 4252 for
1288 4205 1383 4253 the
1419 4205 1584 4266 study
1606 4206 1665 4252 of
1688 4205 1828 4254 civil

686 4268 829 4331 Law,
857 4268 1039 4317 which
1071 4269 1180 4318 had
1216 4269 1383 4318 tonsi
1417 4285 1449 4318 a
1483 4270 1642 4318 home
1675 4270 1830 4319 there

685 4335 827 4384 after
858 4334 1022 4397 being
1053 4334 1300 4397 expelled
1335 4336 1473 4384 from
1501 4336 1649 4383 Paris
1681 4336 1832 4398 early

686 4402 747 4448 in
785 4401 925 4449 xiii⁶.
990 4401 1103 4449 The
1143 4400 1339 4449 earlier
1372 4401 1611 4450 classical
1648 4401 1830 4450 school

686 4465 793 4514 had
816 4466 982 4516 fallen
1012 4467 1129 4515 into
1151 4466 1332 4528 decay,
1357 4466 1470 4515 and
1492 4482 1602 4515 was
1634 4466 1832 4529 hardly

685 4536 777 4595 yet
793 4532 1089 4595 beginning
1106 4535 1162 4581 to
1181 4532 1359 4581 revive
1380 4549 1394 4594 3
1422 4534 1517 4582 but
1533 4547 1621 4582 see
1645 4547 1696 4595 p.
1714 4546 1829 4593 330.

817 4597 1163 4661 Accursium]
1189 4598 1375 4646 Franc.
1399 4599 1831 4659 Accorso(1182—

690 4664 855 4725 1260),
887 4678 921 4712 a
953 4664 1264 4712 Florentino
1299 4663 1514 4727 lawyer,
1547 4664 1746 4714 author
1778 4664 1839 4713 of

1447 3448 1520 3495 ¹9·
1556 3434 1641 3483 vel
1661 3437 1735 3483 P:
1757 3435 1799 3483 ἀ
1822 3436 1909 3484 vel
1928 3438 1985 3485 Ε.

2114 3437 2192 3485 98.
2219 3440 2289 3484 F:
2318 3436 2691 3497 importunum
2716 3437 2774 3481 Ε.
2900 3446 2982 3493 30.
3018 3436 3082 3479 P:

1938 3621 2078 3666 Glosa
2102 3620 2380 3674 ordinaria,
2406 3630 2481 3664 an
2510 3617 2743 3677 attempt
2764 3618 2823 3664 to
2858 3628 3081 3677 arrange

1936 3682 2323 3745 methodically
2343 3682 2438 3731 the
2465 3685 2882 3732 commentarios
2910 3681 2972 3729 of
2996 3681 3083 3729 his

1934 3749 2298 3810 predecessore
2308 3763 2379 3795 on
2391 3747 2486 3796 the
2496 3747 2653 3810 code,
2666 3746 2761 3794 the
2772 3746 3077 3804 Institutas,

1935 3813 2046 3862 and
2070 3814 2164 3862 the
2188 3813 2387 3876 Digest.

2067 3878 2375 3942 Bai-tolum]
2420 3877 2759 3939 (1313-1356)
2818 3876 2880 3925 of
2930 3878 3080 3925 Sasso

1935 3944 2154 3993 Ferrato
2188 3947 2248 3993 in
2272 3944 2515 4005 Umbria,
2547 3943 2828 3992 Professor
2860 3942 2923 3991 of
2944 3941 3086 3992 eivil

1935 4010 2063 4059 Law
2084 4013 2140 4058 at
2163 4010 2287 4059 Pisa
2308 4008 2419 4058 and
2443 4011 2581 4058 from
2611 4022 2737 4069 1343
2758 4013 2818 4058 at
2836 4008 3079 4087 Pemgh,

1932 4076 2135 4125 author
2177 4077 2237 4124 os
2273 4076 2699 4125 Commentarios
2749 4089 2822 4123 on
2869 4076 3085 4123 various

1932 4143 2179 4204 portione
2205 4141 2264 4189 of
2279 4141 2375 4189 the
2399 4140 2542 4190 civil
2568 4140 2711 4201 Law,
2737 4139 2923 4189 which
2946 4153 3085 4187 were

1932 4206 2131 4269 widely
2177 4206 2391 4255 rinted
2376 4220 2437 4253 in
2456 4205 2548 4253 the
2567 4205 2823 4254 fifteenth
2839 4208 3082 4267 century.

2167 4272 2322 4336 dum]
2345 4271 2684 4333 (1327-1400)
2704 4271 2763 4319 of
2776 4271 2871 4319 the
2886 4269 3081 4321 Ubaldi

1932 4272 2161 4399 familBy3
2193 4352 2225 4385 a
2261 4337 2413 4399 pupil
2448 4338 2508 4385 os
2533 4336 2798 4397 Bartolug
2825 4336 2940 4385 and
2974 4336 3083 4383 like

1930 4402 2051 4450 him
2092 4374 2367 4452 Professor
2411 4402 2471 4450 of
2510 4401 2649 4449 civil
2690 4402 2819 4450 Law
2864 4405 2923 4450 at
2962 4402 3083 4449 Pisa

1932 4468 2044 4517 and
2069 4468 2296 4532 Perugia
2318 4466 2514 4518 aswell
2538 4482 2595 4515 as
2615 4466 2943 4528 elsewhere3
2975 4465 3082 4515 and

1932 4534 2129 4582 author
2167 4535 2228 4583 of
2260 4534 2685 4583 Commentarios
2723 4533 2907 4582 which
2944 4546 3083 4582 wem

1934 4601 1991 4648 in
2014 4599 2156 4648 wide
2179 4599 2516 4649 circulation.

1997 4680 2079 4726 30.
2113 4665 2399 4730 suppositi]
2439 4665 2570 4714 Hor.
2597 4667 2756 4713 aum.
2777 4678 2827 4713 9.
2855 4678 2899 4715 t.
2923 4667 2973 4714 8.
