3355 5380
682 343 802 398 504
1381 333 1759 395 LETTERS
1815 331 1924 393 or
1976 329 2377 394 ERAsMUs
2906 324 3099 408 [1512

680 492 973 571 periculo,
998 511 1194 571 quum
1221 492 1325 552 hic
1354 492 1520 552 inter
1545 509 1827 568 proceres
1855 489 2068 549 nullus
2098 489 2218 550 nisi
2247 489 2326 549 de
2356 488 2688 549 Gallorum
2717 484 3107 563 Anglorum-

683 613 803 670 que
842 591 1167 652 concordia
1203 610 1409 651 sermo
1447 590 1546 663 sit,
1577 593 1783 667 preter
1818 587 2073 648 inanem
2111 587 2426 664 quendam
2452 584 2624 664 volgi
2653 584 3104 645 rumusculum

681 708 870 768 quem
896 690 1074 749 aiunt
1103 688 1289 750 istinc
1315 688 1662 766 prouenire.
1740 686 1837 746 'ru
1868 706 2031 759 vero,
2069 686 2159 744 mi
2189 686 2462 758 Erasme,
2490 684 2757 744 Crocum
2788 685 3105 751 nostrum,

592 815 656 864 30
680 791 751 850 vt
793 786 1028 866 cepisti,
1061 807 1250 866 queso
1292 786 1497 848 fouere
1539 805 1775 863 pergas,
1816 804 1945 844 non
1986 784 2190 844 literis
2232 783 2419 845 modo
2473 784 2583 845 sed
2641 790 2703 847 et
2749 782 3107 858 patrocinio

679 907 791 964 per
830 886 993 965 quod
1034 885 1216 945 facile
1257 885 1454 963 possit
1478 884 1658 966 'apud
1702 883 1857 942 istos
1898 882 2210 959 principes
2244 885 2611 960 promoueri.
2691 883 2962 945 quenis
3006 885 3107 940 est

679 985 892 1062 probis
945 985 1242 1058 moribus
1302 981 1553 1061 ingenio
1608 982 1889 1053 candido,
1952 981 2425 1043 amantissimus
2481 983 2678 1044 nostri
2734 985 2797 1042 et
2856 982 2973 1058 qui
3035 982 3107 1040 in

682 1084 896 1146 Grecis
922 1082 1127 1143 literis
1154 1082 1309 1143 adeo
1335 1081 1662 1158 profecerit
1690 1083 1762 1141 vt
1789 1082 1873 1140 sit
1899 1082 2163 1157 vtroque
2205 1085 2561 1159 preceptore
2599 1101 2729 1141 non
2768 1080 3100 1157 indignus.

681 1182 801 1243 Sed
831 1200 1025 1259 pauca
1050 1181 1164 1241 hec
1195 1180 1271 1240 de
1301 1180 1557 1240 homine
1587 1199 1776 1256 quem
1804 1198 2013 1237 coram
2042 1178 2349 1254 probabis

592 1307 654 1358 35
760 1281 848 1341 Vt
874 1278 1114 1357 aliquid
1143 1277 1294 1338 noui
1333 1278 1564 1348 audias,
1599 1277 1755 1337 scito
1793 1296 1897 1335 me
1935 1296 2068 1336 esse
2106 1276 2240 1335 deis
2277 1277 2756 1355 hominibusque
2794 1278 3100 1355 plauden-

680 1379 851 1440 tibus
895 1379 1165 1439 electum
1209 1377 1317 1455 qui
1363 1397 1474 1455 pro
1513 1374 1888 1436 Accademia
1924 1379 2137 1435 nostra
2174 1374 2242 1434 in
2270 1375 2505 1436 Pisana
2543 1377 2782 1454 synodo
2823 1376 3105 1436 secunda

681 1479 1028 1539 orationem
1078 1495 1307 1554 geram.
1394 1475 1633 1534 Verum
1683 1494 1796 1551 ego
1841 1492 1969 1532 non
2014 1475 2145 1532 tam
2190 1493 2334 1533 sum
2381 1476 2664 1535 curiosus
2701 1479 2773 1534 vt
2814 1474 3098 1534 literario

681 1578 814 1638 ocio
871 1596 1002 1636 non
1055 1575 1209 1635 satis
1276 1574 1536 1634 fortasse
1589 1575 1803 1634 tutum
1871 1571 2079 1632 anime
2143 1573 2501 1651 corporique
2571 1572 2900 1651 negocium
2968 1590 3103 1648 pre·

680 1695 928 1754 ponam,
963 1692 1317 1752 quanquam
1356 1677 1420 1732 et
1460 1672 1563 1732 hic
1603 1693 1731 1733 non
1778 1674 2006 1734 desunt
2060 1668 2255 1731 michi
2302 1671 2755 1733 sollicitudines
2793 1689 2955 1748 quae
2996 1690 3103 1730 me

591 1799 658 1848 4ο
681 1796 719 1835 a
773 1773 998 1834 studiis
1064 1772 1365 1831 auertant.
1481 1770 1644 1831 Nam
1713 1772 2022 1833 honerant
2089 1791 2191 1831 me
2258 1771 2467 1831 verius
2535 1791 2722 1848 quam
2779 1770 3102 1829 honorant

682 1872 960 1951 quotidie
988 1870 1178 1930 huius
1205 1868 1575 1929 Accademie
1609 1873 1819 1945 patres
1856 1870 2231 1949 quibusdam
2272 1869 2761 1947 magistratibus,
2794 1887 2924 1927 non
2968 1867 3105 1928 illis

681 1972 935 2050 quidem
993 1967 1188 2027 michi
1236 1966 1575 2027 admodum
1631 1968 1993 2040 commodis,
2045 1967 2153 2027 sed
2203 1971 2275 2028 vt
2331 1967 2437 2028 isti
2490 1970 2715 2046 putant
2785 1967 3100 2026 honestis·

682 2069 862 2131 simis
897 2069 1007 2129 aut
1049 2068 1211 2126 certe
1259 2084 1415 2143 quos
1459 2084 1590 2125 non
1636 2068 1873 2143 possim
1923 2067 2185 2127 honeste
2242 2084 2539 2127 recusare.
2655 2065 2899 2125 Omitto
2951 2065 3095 2125 alia.

684 2166 932 2228 Nudius
985 2166 1248 2240 quartus
1296 2163 1619 2240 elegerunt
1669 2184 1772 2224 me
1813 2168 1884 2224 vt
1939 2164 2455 2241 philosophorum
2506 2164 2763 2224 nomine
2818 2184 3095 2224 vnacum

596 2288 657 2338 45
684 2264 994 2340 theologis
1034 2266 1099 2323 et
1132 2261 1590 2323 iurisconsultis
1630 2262 1914 2323 libellum
1957 2264 2268 2340 quendam
2301 2263 2379 2322 ab
2420 2263 2543 2323 ista
2584 2262 2825 2339 synodo
2867 2261 3103 2321 Pisana

685 2363 760 2423 ad
799 2362 1288 2422 Vniuersitatem
1332 2362 1609 2420 nostram
1658 2362 1927 2421 missum
1976 2361 2286 2438 regiisque
2332 2361 2534 2420 literis
2581 2361 3102 2421 commendatum

685 2460 1199 2521 examinaremus.
1313 2459 1544 2536 Agitur
1583 2459 1651 2518 in
1695 2479 1767 2519 eo
1808 2461 1885 2520 de
1928 2459 2256 2520 Pontificis
2295 2461 2359 2518 et
2399 2458 2675 2520 Ecclesie
2731 2459 3103 2519 auctoritate

685 2560 1052 2637 comparata,
1087 2561 1303 2635 estque
1329 2558 1498 2617 idem
1525 2555 1729 2617 libelli
1762 2558 1992 2618 titulus
2020 2558 2183 2635 quod
2215 2560 2276 2617 et
2313 2561 2774 2635 argumentum.
2863 2557 3101 2617 Conue-

687 2658 899 2720 nimus
917 2657 1114 2736 igitur
1133 2657 1537 2736 frequenter'
1518 2677 1587 2718 ιιι
1617 2657 1991 2732 concilium;
2033 2657 2157 2730 vbi,
2187 2657 2286 2718 dei
2318 2658 2483 2732 boni,
2511 2678 2667 2736 quas
2693 2657 3092 2723 ambitiones.

597 2779 660 2830 50
686 2775 842 2836 quas
889 2757 1056 2818 rixas
1098 2756 1298 2830 video,
1347 2776 1533 2834 quam
1582 2755 1981 2832 loquentium
2031 2756 2534 2831 ostentationem,
2583 2777 2702 2835 que
2758 2756 3095 2817 verborum

685 2859 970 2933 portenta
1006 2856 1208 2929 audio,
1239 2855 1694 2933 strepitumque
1732 2858 1980 2915 tantum
2029 2854 2266 2933 absque
2301 2855 2431 2916 vllo
2468 2876 2657 2916 sensu
2698 2855 3096 2932 quorundam

687 2954 918 3031 quibus
957 2973 1082 3013 vna
1122 2952 1453 3013 nobiscum
1495 2953 1641 3012 data
1680 2956 1776 3012 est
1813 2953 2075 3013 facultas
2108 2973 2297 3030 super
2332 2954 2450 3014 hoc
2485 2954 2645 3014 libro
2678 2953 3095 3014 consultandi.

687 3053 932 3114 Deuoro
948 3052 1155 3113 nescio
1171 3072 1291 3129 que
1313 3049 1540 3111 clausis
1555 3050 1752 3110 oculis
1767 3051 1965 3111 veluti
1982 3053 2306 3129 catapotia,
2327 3072 2443 3114 nec
2464 3052 2718 3129 proficio
2740 3052 3091 3130 quicquam,

689 3172 820 3213 nec-
846 3155 1057 3211 tamen
1100 3150 1252 3210 hinc
1301 3150 1592 3209 extricari
1641 3168 1937 3225 possum3
1986 3154 2083 3209 νῦν
2126 3152 2237 3231 γάρ
2271 3177 2409 3211 ποτε
2444 3155 2565 3228 μῦς,
2596 3151 2784 3225 φαντί,
2816 3148 3094 3227 Ἔρασμε,

600 3273 660 3323 55
686 3250 996 3331 γεγεύμιθα
1021 3252 1254 3324 πίσσης,
1284 3250 1348 3307 τὸ
1374 3254 1477 3307 τοῦ
1504 3248 1819 3323 Θεοκρίτου.
1898 3248 2041 3308 Νοιι
2064 3248 2293 3311 desunt
2310 3254 2526 3311 tamen
2546 3252 2611 3309 et
2639 3250 2707 3309 in
2735 3249 2854 3309 hoc
2882 3254 3099 3310 nostro

688 3351 866 3409 coetu
894 3347 1245 3409 venerande
1270 3351 1334 3407 et
1361 3345 1643 3406 doctrine
1671 3349 1734 3405 et
1762 3347 1892 3406 vite
1928 3352 2272 3410 summates
2309 3349 2563 3427 quidam
2591 3347 2884 3425 theologi,
2919 3350 3098 3409 iuris·

689 3445 978 3518 consulti,
1010 3446 1255 3519 medici,
1279 3464 1476 3524 quum
1497 3443 1606 3503 alii
1625 3446 1767 3503 tum
1792 3443 2085 3504 nonnulli
2113 3466 2189 3505 ex
2217 3446 2319 3507 his
2350 3445 2577 3525 quibus
2604 3446 2866 3507 huiusce
2891 3446 3096 3508 libelli

690 3564 950 3605 examen
978 3544 1382 3604 commissum
1411 3544 1544 3617 est3
1586 3541 1633 3601 ii
1663 3563 2022 3622 quanquam
2051 3544 2207 3605 vtile
2228 3546 2396 3606 dulci
2427 3547 2828 3620 miscuerunt,
2851 3566 3097 3624 semper

756 3796 834 3855 36.
873 3793 1131 3856 electum]
1181 3792 1412 3852 Paquier
1455 3794 1645 3852 quotes
1692 3805 1839 3839 some
1947 3805 2090 3852 1512,
2116 3791 2253 3840 with
2288 3791 2384 3840 the
2417 3794 2712 3841 statement
2745 3793 2867 3842 that
2904 3794 2949 3841 it
2983 3808 3095 3843 was

691 3864 848 3908 notes
895 3858 968 3920 by
1013 3857 1289 3905 Aleander
1336 3856 1476 3920 (vat.
1531 3855 1639 3905 MS.
1688 3869 1835 3917 3914,
1943 3859 2065 3905 sent
2109 3856 2194 3905 for
2237 3858 2610 3906 examination
2654 3861 2711 3907 to
2758 3857 2910 3907 Paris
2955 3858 3096 3908 Uni-

693 3926 747 3975 ff.
777 3939 822 3985 7,
841 3926 894 3984 8)
909 3922 1094 3972 which
1111 3924 1262 3970 show
1283 3922 1403 3970 that
1421 3922 1491 3969 he
1508 3935 1618 3969 was
1635 3920 1841 3970 elected
1943 3922 2183 3985 versity‘
2203 3937 2234 3971 a
2257 3924 2591 3972 sacrosancta
2612 3923 2851 3985 generali
2875 3925 3095 3988 Synodo

690 3994 748 4040 to
803 3990 918 4039 this
966 3988 1113 4037 office
1168 4002 1240 4035 on
1294 4004 1325 4047 4
1381 3986 1503 4035 Feb.
1555 3999 1695 4047 1512,
1744 3987 1841 4034 but
1946 3987 2140 4036 Pisana
2184 3988 2453 4039 secunda!
2522 3989 2754 4051 Paquier
2796 3988 2929 4038 adds
2972 3990 3093 4039 that

692 4055 944 4106 declined
967 4055 1013 4103 it
1036 4068 1107 4102 on
1134 4067 1160 4113 7
1186 4053 1310 4102 Feb.
1375 4053 1487 4101 'l'he
1510 4053 1706 4113 speech
1731 4066 1841 4100 was
1945 4053 2039 4101 the
2075 4053 2211 4101 book
2240 4068 2353 4102 was
2387 4054 2714 4116 despatched
2749 4055 2890 4103 from
2920 4055 3093 4105 Milan

691 4122 930 4184 actually
991 4118 1266 4169 delivered
1332 4119 1404 4180 by
1468 4118 1565 4166 the
1629 4117 1842 4166 French
1943 4133 2012 4166 on
2057 4134 2116 4168 10
2154 4119 2272 4167 Jan.
2319 4133 2460 4180 1512,
2505 4120 2614 4168 and
2652 4120 2773 4170 that
2810 4120 2974 4170 Louis
3013 4135 3097 4171 m

691 4189 933 4250 delegate
978 4201 1049 4234 on
1095 4200 1158 4244 24
1204 4183 1389 4234 March
1437 4182 1686 4247 (Momm,
1736 4186 1841 4232 Dic.
1944 4183 2246 4233 forwerded
2284 4184 2328 4232 it
2368 4200 2438 4233 on
2478 4202 2539 4246 19
2574 4186 2697 4235 Feb.
2739 4189 2797 4235 to
2830 4186 2925 4234 the
2961 4187 3097 4237 Uni·

690 4259 808 4305 δίον.
835 4258 1002 4304 Euclea.
1028 4252 1129 4300 liii.
1151 4250 1290 4312 283).
1941 4250 2183 4311 versity3
2232 4251 2415 4300 which
2462 4251 2688 4314 refused,
2734 4252 3000 4313 however,
3040 4257 3097 4302 to

823 4318 1080 4382 secunda]
1103 4317 1217 4365 The
1239 4316 1358 4365 first
1379 4315 1604 4363 Council
1632 4313 1693 4362 of
1719 4314 1842 4363 Pisa
1943 4315 2214 4363 condemn
2236 4315 2331 4364 the
2353 4316 2503 4366 book.

691 4399 805 4434 was
827 4386 958 4435 held
982 4386 1041 4434 ln
1071 4398 1210 4444 1409.
2008 4394 2088 4441 54.
2142 4379 2228 4428 νῦν
2284 4378 2351 4442 γά
2351 4382 2402 4446 ρ]
2468 4381 2825 4431 Of.'1'heoer.
2891 4399 2966 4444 14.
3030 4397 3091 4444 51

758 4465 838 4513 45.
874 4449 1145 4512 libellum]
1185 4451 1380 4497 Thomae
1414 4451 1469 4495 de
1511 4448 1595 4494 Vio
1631 4447 1844 4493 Caietam·
1944 4444 2275 4507 (νῧνδὶπόθεν
2289 4448 2345 4508 3).
2396 4446 2714 4496 Aleander’s
2728 4447 2878 4496 hand
2895 4449 3098 4497 inserts

696 4521 752 4568 de
803 4522 1070 4566 auctoritato
1120 4518 1275 4573 Papae
1325 4520 1368 4563 ot
1416 4514 1607 4562 aoncilii
1655 4517 1843 4569 evaque
1943 4513 2039 4559 the
2062 4512 2236 4561 Greek
2270 4512 2381 4561 and
2415 4513 2593 4562 adds‘
2611 4511 2671 4561 τὸ
2694 4512 2784 4561 τοῦ
2805 4511 3098 4576 Θεοκρίτου·

697 4588 900 4633 inuicem
919 4586 1203 4641 comparata,
1217 4580 1398 4641 Rome,
1415 4578 1841 4636 M.Si1bor‚1511.
1944 4578 2004 4625 in
2027 4577 2124 4626 the
2146 4579 2373 4640 margin.
2441 4578 2555 4628 The
2583 4577 2697 4627 lino
2727 4580 2775 4627 is
2801 4578 3002 4640 quoted
3036 4580 3091 4629 in

696 4652 754 4700 It
789 4664 898 4698 was
931 4646 1208 4712 reprinted
1242 4646 1311 4707 by
1339 4644 1541 4694 Badius
1574 4644 1636 4691 in
1671 4643 1838 4704 Paris,
1946 4643 2215 4692 Erasmus·
2239 4647 2394 4705 Δάας.
2425 4646 2566 4696 1268.
