3355 5380
712 382 789 441 34
1409 376 1786 441 Lamnas
1842 379 1949 442 or
2003 379 2400 442 ERAsmth
2907 377 3110 463 [1523

708 534 913 597 adhuc
950 536 1080 596 sint
1117 535 1186 595 in
1222 535 1516 597 manibus
1551 537 1834 597 nondum
1863 534 2162 598 absoluta.
2250 536 2567 615 Opusculo
2601 537 2677 597 de
2703 536 2896 615 Oopia
2922 540 3111 600 deest

709 633 1066 712 exemplum
1103 634 1456 711 argumenti
1492 653 1744 696 summa
1769 634 2075 696 breuitate
2101 634 2416 712 perstricti
2443 655 2514 695 ac
2542 654 2759 696 rursus
2783 635 3120 697 fusissime

709 731 977 792 tractati.
1060 731 1299 793 Thema
1339 732 1651 793 delectum
1692 736 1840 809 erat,
1883 733 2119 794 Pueros
2157 732 2375 793 statim
2417 733 2619 793 literis
2657 733 3104 796 instituendos.

712 830 826 890 Est
866 830 1068 891 adhuc
1108 830 1272 908 apud
1314 850 1433 905 me,
1477 830 1583 891 sed
1625 830 1788 892 duae
1827 830 2091 909 paginae
2128 830 2374 892 mediae
2413 831 2861 892 minutissimis
2901 831 3118 894 literis

656 956 684 1004 5
712 929 1049 1007 descriptae
1085 929 1405 1007 perierunt
1446 930 1696 998 Romae,
1727 929 1910 1005 culpa
1948 947 2167 989 eorum
2201 929 2310 1007 qui
2351 929 2586 990 librum
2627 929 3109 1008 descripserant.

708 1026 1271 1088 Antibarbarorum
1327 1026 1519 1088 libros
1569 1026 1729 1087 duos
1779 1045 2338 1105 recognoueramus
2383 1046 2455 1088 ac
2501 1027 3118 1106 locupletaueramus

709 1126 1048 1201 Bononiae,
1107 1125 1177 1185 in
1229 1126 1501 1203 reliquos
1564 1125 1813 1202 syluam
1868 1123 1996 1185 iam
2050 1124 2207 1185 olim
2275 1129 2632 1203 congestam
2696 1124 3108 1186 habebamus.

711 1224 883 1285 Haec
927 1243 1072 1284 cum
1117 1223 1443 1285 nonnullis
1488 1222 1633 1283 aliis
1669 1222 2025 1300 perierunt3
2083 1242 2213 1283 non
2257 1222 2509 1300 quidem
2549 1222 2811 1301 perfidia
2853 1219 3115 1281 Ricardi

712 1321 949 1398 Pacaei,
981 1321 1403 1401 syncerissimi
1430 1320 1631 1396 amici,
1653 1320 1814 1398 apud
1845 1340 2034 1397 quem
2061 1320 2374 1383 Ferrariae
2401 1322 2806 1400 deposueram
2834 1319 3114 1380 Romam

627 1442 689 1478 10
711 1420 1010 1493 abiturus,
1041 1420 1149 1480 sed
1189 1418 1447 1480 alterius
1487 1418 1829 1494 cuiusdam,
1862 1417 1970 1497 qui
2001 1418 2157 1479 dum
2184 1417 2307 1479 sibi
2344 1419 2620 1480 nimium
2656 1421 2821 1480 esset
2845 1417 3110 1490 amicus,

712 1519 873 1579 nulli
900 1519 1140 1596 poterat
1166 1536 1298 1578 esse
1325 1515 1489 1578 fidus
1516 1515 1791 1577 amicus:
1832 1535 2192 1594 quanquam
2228 1519 2371 1595 post
2397 1517 2560 1577 forte
2587 1519 2810 1578 nactus
2848 1534 2990 1576 sum
3024 1534 3115 1576 ex

712 1617 948 1693 Anglia
982 1616 1289 1694 sequundi
1325 1614 1474 1676 libri
1507 1615 1890 1694 principium
1924 1617 1988 1677 et
2013 1615 2246 1694 Brugis
2271 1616 2481 1692 finem,
2516 1617 2739 1677 multis
2763 1614 3007 1694 paginis
3034 1614 3114 1675 in

712 1714 921 1774 medio
963 1713 1342 1775 desidentia.
1428 1713 1497 1774 Si
1538 1713 1900 1792 sequundus
1939 1713 2342 1792 contingeret,
2380 1718 2653 1776 caeteros
2687 1714 2868 1775 facile
2908 1712 3118 1774 absol·

714 1831 965 1888 uerem3
1004 1831 1121 1874 nee
1159 1812 1379 1872 dubito
1406 1811 1562 1890 quin
1599 1813 1791 1873 lateat
1829 1812 1994 1890 apud
2034 1812 2311 1891 aliquam
2349 1814 2717 1888 Lauernam,
2753 1832 2949 1891 quum
2990 1831 3121 1889 ego

628 1932 687 1984 15
711 1912 1039 1991 geminum
1066 1911 1383 1988 exemplar
1406 1910 1816 1989 deposuerim.

793 2011 957 2072 Sunt
1011 2009 1213 2072 adhuc
1266 2010 1430 2087 apud
1487 2029 1588 2070 me
1643 2010 1951 2070 nonnulla
2003 2010 2131 2070 iam
2192 2010 2346 2071 olim
2417 2014 2644 2089 coepta,
2706 2029 2971 2089 quorum
3025 2009 3121 2069 de

712 2127 977 2168 numero
1017 2110 1166 2168 sunt
1205 2107 1655 2170 commentarii
1696 2108 1765 2167 in
1806 2108 2134 2185 epistolam
2176 2107 2364 2169 Pauli
2404 2109 2482 2169 ad
2526 2109 2879 2183 Romanos3
2926 2107 3119 2169 cuius

712 2206 918 2283 operis
968 2203 1436 2267 absolueramus
1486 2204 1683 2265 libros
1723 2207 1987 2284 quatuor
2031 2208 2181 2266 ante
2232 2226 2444 2282 annos,
2505 2207 2575 2267 ni
2628 2207 2828 2282 fallor,
2875 2206 3114 2284 viginti

713 2305 887 2364 duos.
998 2303 1082 2365 In
1136 2305 1308 2381 Opus
1374 2303 1453 2364 de
1505 2304 1749 2365 ratione
1812 2303 2219 2365 concionandi
2274 2307 2528 2365 tantum
2582 2308 3114 2366 annotaueramus

626 2421 689 2457 20
713 2401 1017 2479 quaedam
1055 2420 1263 2462 rerum
1300 2402 1517 2479 capita.
1604 2401 1689 2461 Et
1718 2404 1930 2462 tamen
1970 2401 2026 2462 si
2056 2401 2346 2464 Christus
2381 2402 2557 2463 dabit
2592 2402 2789 2463 vitam
2831 2421 2900 2464 ac
2938 2406 3118 2462 tran·

712 2498 1111 2576 quillitatem,
1157 2502 1254 2560 est
1308 2499 1558 2560 animus
1613 2499 1789 2578 Opus
1841 2499 2247 2560 concionandi
2296 2500 2364 2560 in
2402 2500 2720 2577 publicam
2761 2500 3113 2561 vtilitatem

714 2597 1050 2672 absoluere,
1090 2598 1451 2675 praesertim
1493 2598 1615 2659 huc
1654 2597 2126 2659 adhortantibus
2165 2598 2414 2675 magnis
2453 2596 2793 2659 autoribus.
2877 2597 3116 2661 Tribus

715 2696 981 2774 dialogis
1026 2695 1267 2775 pridem
1310 2697 1582 2776 aggressi
1626 2717 1846 2758 sumus
1893 2695 2291 2757 collationem
2334 2695 2543 2757 verius
2590 2716 2780 2775 quam
2838 2696 3118 2774 disputa·

712 2794 952 2857 tionem
991 2794 1070 2856 de
1111 2795 1366 2875 negocio
1407 2796 1663 2858 Martini
1704 2794 1984 2870 Lutheri,
2022 2795 2130 2855 sed
2172 2794 2430 2855 mutatis
2469 2795 2851 2856 nominibus.
2940 2796 2999 2855 N
2999 2816 3112 2857 am

626 2915 685 2966 ²5
713 2894 1213 2972 Thrasymachus
1265 2894 1527 2957 Lutheri
1582 2897 1787 2972 partes
1832 2897 1989 2972 aget,
2039 2891 2326 2953 Eubulus
2371 2893 2664 2967 diuersas,
2714 2892 3116 2956 Philalethes

713 2995 859 3070 aget
896 2992 1229 3054 arbitrum.
1342 2992 1597 3053 Primus
1653 2991 1934 3070 dialogus
1989 2990 2268 3068 inquirit,
2319 3009 2400 3051 an
2447 2991 2786 3068 expedierit
2836 2991 2951 3052 hac
2999 2991 3116 3054 via

714 3107 850 3149 rem
888 3090 1155 3165 tractari,
1192 3090 1384 3151 etiam
1417 3091 1473 3150 si
1499 3088 1817 3150 Lutherus
1857 3088 2071 3148 omnia
2095 3108 2239 3149 vera
2278 3088 2646 3166 scripsisset.
2733 3088 3113 3167 Sequundus

713 3185 985 3246 excutiet
1024 3187 1263 3266 aliquot
1300 3187 1477 3247 illius
1511 3187 1821 3265 dogmata.
1907 3186 2155 3247 Tertius
2191 3188 2479 3248 ostendet
2502 3186 2690 3262 viam,
2723 3207 2845 3266 qua
2874 3190 3118 3250 tumul·

710 3285 820 3342 tus
861 3282 966 3343 hic
1020 3284 1110 3345 ita
1160 3284 1358 3363 possit
1401 3284 1592 3362 sopiri
1638 3287 1710 3344 vt
1755 3283 1824 3343 in
1870 3286 2191 3362 posterum
2234 3303 2364 3345 non
2410 3283 2592 3346 facile
2647 3286 3107 3363 repullulescat.

624 3403 690 3453 30
716 3381 841 3441 Res
879 3385 1209 3460 peragetur
1246 3382 1412 3443 inter
1451 3381 1607 3443 duos
1647 3381 1878 3460 absque
1913 3382 2227 3460 conuiciis,
2262 3382 2439 3443 nulla
2478 3384 2892 3459 contentione,
2927 3385 3114 3447 nullo

714 3479 874 3553 fuco,
924 3481 1171 3541 tantum
1220 3480 1386 3541 nude
1431 3478 1700 3557 simplex
1745 3482 1808 3541 et
1857 3480 2174 3542 rusticana
2212 3480 2445 3542 veritas
2492 3485 2882 3560 proponetur,
2927 3485 3114 3547 tanta

714 3578 1022 3656 aequitate
1073 3581 1368 3656 tantaque
1421 3577 1864 3655 moderatione,
1910 3582 1982 3639 vt
2035 3579 2241 3640 maius
2294 3579 2641 3658 periculum
2689 3581 2973 3642 videatur
3026 3602 3116 3643 ne

715 3676 875 3738 mihi
910 3679 1264 3738 succenseat
1299 3695 1442 3754 pars
1475 3676 1734 3751 diuersa,
1763 3675 2052 3738 videlicet
2085 3676 2412 3738 lenitatem
2446 3698 2650 3739 meam
2683 3678 3119 3756 interpretans

714 3819 1500 3948 agit¹;..⁰¹’¹¹⁸1›‘1³2‘}1¹2322¹1¹2⁸03‘{}3
1516 3817 2604 3948 zrffiggngddvfffmquaegooffiussa
2629 3922 2642 3936 .
2667 3921 2680 3935 .
2705 3922 2717 3935 .
2739 3827 2997 3936 &1335
3009 3823 3073 3937 ξ’
3097 3841 3116 3938 ἲ

716 3953 1003 4015 peragetur
1024 3987 1036 4000 .
1061 3983 1077 4001 .
1100 3987 1113 4001 .
1134 3953 1463 4014 proponetur
1481 3953 1552 4008 βε
1583 3952 1789 4002 excutit
1814 3986 1829 4002 .
1853 3986 1866 4000 .
1887 3989 1900 4001 .
1921 3951 2162 4002 ostendit
2185 3988 2198 4002 .
2222 3988 2235 4002 .
2265 3987 2278 4001 .
2301 3953 2574 4014 peragitur
2598 3988 2611 4001 .
2635 3987 2649 4000 .
2673 3989 2685 4002 .
2709 3953 3029 4017 proponitur
3059 3971 3112 4005 α.

716 4031 795 4078 33.
828 4032 943 4080 «γε
975 4015 1258 4066 leuitatem
1281 4018 1335 4070 β.

787 4180 831 4216 1.
866 4166 935 4215 de
968 4166 1154 4231 Copia]
1186 4166 1265 4217 ct
1301 4166 1469 4216 Lond.
1501 4166 1650 4215 xxiv.
1673 4167 1723 4229 8,
1749 4167 1855 4216 ΕΒ.
1959 4181 2126 4216 never
2137 4167 2438 4230 completed
2454 4182 2556 4217 nor
2566 4167 2872 4232 published,
2888 4169 2950 4216 in
2964 4171 3119 4230 spite

722 4232 841 4280 1061
865 4249 879 4293 ς
912 4231 1095 4281 which
1116 4232 1165 4281 is
1190 4232 1287 4281 the
1307 4232 1517 4296 preface
1538 4235 1594 4282 to
1616 4236 1683 4282 De
1695 4238 1860 4292 ptoeris
1958 4233 2019 4283 of
2035 4233 2128 4283 the
2151 4235 2315 4296 enti-y
2336 4248 2407 4282 on
2430 4248 2479 4295 p.
2502 4250 2584 4295 4ο.
2609 4249 2708 4297 35;
2740 4234 2808 4283 cf.
2833 4248 2883 4296 p.
2910 4248 2992 4292 42.
3016 4249 3071 4294 9.

713 4301 961 4346 liberaliter
990 4301 1305 4358 instituendis,
1340 4297 1515 4357 Basle,
1545 4296 1618 4347 H.
1648 4297 1857 4347 Froben
2025 4312 2105 4359 23.
2141 4295 2395 4361 dialogis]
2413 4298 2586 4349 There
2604 4301 2652 4348 is
2668 4300 2901 4362 nothing
2915 4298 2976 4348 of
2992 4300 3118 4350 this

714 4361 825 4411 and
849 4363 912 4412 N.
940 4363 1188 4426 Episcopi
1170 4379 1272 4427 ius,
1295 4363 1440 4426 Sept.
1474 4378 1613 4426 1529.
1959 4367 2072 4413 sort
2105 4377 2300 4426 among
2326 4365 2420 4414 the
2444 4368 2687 4426 colloquia.
2753 4365 2868 4413 The
2890 4364 3113 4415 scheme

778 4427 830 4479 6.
855 4429 1365 4492 Antibarbarorum]
1386 4429 1484 4477 See
1497 4429 1609 4477 also
1623 4443 1764 4491 p.19.
1779 4430 1855 4478 16.
1958 4429 2008 4479 is
2030 4429 2386 4480 mentioned
2371 4445 2430 4478 m
2452 4445 2485 4479 a
2506 4429 2672 4480 letter
2694 4431 2833 4479 from
2857 4429 3118 4491 F'evynus

785 4508 860 4544 xo.
893 4493 1119 4544 alterius
1161 4493 1466 4559 cuiusdam]
1521 4494 1708 4544 Thale.
1776 4495 1856 4545 ef.
1959 4496 2016 4544 to
2049 4494 2367 4556 Craneveld,
2399 4496 2616 4559 Bruges,
2650 4510 2707 4558 17
2739 4496 2873 4544 Mar.
2852 4492 3116 4609 P<1523)

715 4558 810 4623 Ep.
838 4572 922 4620 30.
951 4560 1011 4608 16
1026 4574 1084 4611 n.
1960 4559 2409 4625 (Goldenhauer's
2427 4565 2715 4622 Gollcdama,
2741 4561 2826 4610 ed.
2852 4559 3112 4624 1³,r1nsen

760 4574 865 4674 pi8.
903 4625 1103 4688 viginti
1125 4623 1284 4689 duos]
1307 4625 1357 4674 A
1379 4627 1582 4674 correct
1603 4624 1764 4686 date5
1794 4624 1859 4673 cf.
1961 4639 2011 4687 p.
2035 4626 2161 4688 74);
2192 4626 2292 4675 but
2316 4628 2361 4676 it
2378 4640 2547 4676 never
2561 4627 2835 4677 advaneed
2854 4626 2952 4676 far.
3009 4627 3120 4678 See

715 4690 848 4754 Epp.
868 4692 959 4752 164
977 4692 1086 4741 and
1106 4691 1214 4754 183.
1247 4692 1360 4741 'Phe
1377 4694 1860 4741 Comnmaetariiwere
1964 4706 2014 4754 p.
2040 4704 2124 4753 35.
2148 4706 2213 4751 4ο
2234 4706 2343 4755 seq.
