3355 5380
601 401 717 460 402
1307 393 1687 457 LETTERS
1740 394 1849 456 oF
1902 387 2300 455 ERAsmth
2817 392 3004 473 [¹504

481 571 571 622 135
598 552 907 618 eiusmodi
947 556 1045 615 est
1081 557 1155 614 vt
1195 569 1280 614 ne
1327 552 1728 614 doctissimus
1769 552 2024 631 quidem
2073 551 2407 630 quicquam
2449 551 2782 612 elimatum
2822 554 3005 629 queat

599 654 860 727 adferre,
895 651 1020 712 nisi
1047 651 1252 712 multa
1285 651 1421 712 dies
1446 653 1511 711 et
1538 650 1741 711 multa
1776 650 1968 712 litura
2006 650 2294 711 coercuit.
2378 651 2518 712 Iam
2554 650 2735 728 regni
2772 650 3009 710 limites

602 749 897 830 attigerat
925 750 1246 827 Princeps,
1280 749 1646 827 priusquam
1685 748 1806 809 tibi
1832 747 2076 809 veniret
2103 749 2175 808 in
2202 751 2503 809 mentem.
2586 749 2672 809 Et
2706 749 3008 827 frigidum

601 850 809 910 fuerat
836 851 978 908 tum
1008 848 1086 907 de
1115 847 1324 909 reditu
1357 846 1677 924 gratulari,
1709 866 1907 924 quum
1946 847 2004 907 is
2040 846 2167 907 iam
2207 847 2722 920 inueterauisset;
2762 853 2877 907 πᾶν
2899 851 3011 929 γὰρ

603 948 833 1024 ἄκαιρόν
857 951 1014 1006 ἐστιν
1040 946 1231 1022 ἀνηδύ.

486 1066 578 1118 ¹40
687 1046 910 1124 Itaque
939 1043 1405 1106 tumultuanter
1431 1042 1633 1104 moles
1658 1042 1965 1121 quaedam
1992 1042 2331 1104 verborum
2360 1049 2654 1122 congesta
2682 1050 2817 1118 est;
2858 1045 3009 1124 quid

605 1145 778 1206 enim
805 1142 978 1204 aliud
1007 1145 1291 1220 poteram
1321 1141 1519 1202 totius
1544 1141 1803 1219 ignarus
1827 1140 2242 1220 argumenti?
2308 1141 2485 1217 Quod
2514 1148 2726 1203 autem
2751 1146 2849 1203 est
2874 1144 3017 1203 sine

604 1243 852 1304 ossibus
892 1260 1131 1319 corpus,
1180 1240 1245 1301 id
1287 1243 1383 1300 est
1424 1240 1561 1300 sine
1602 1238 1793 1300 rebus
1831 1239 2071 1313 oratio;
2119 1238 2421 1317 quasdam
2464 1260 2611 1301 vero
2654 1261 2753 1302 res
2790 1241 3016 1319 accipit

606 1337 828 1416 orator,
881 1358 1011 1400 non
1061 1339 1385 1418 excogitat.
1472 1337 1690 1415 Neque
1739 1336 1903 1397 mihi
1958 1356 2075 1415 pro
2129 1337 2434 1415 temporis
2479 1340 2768 1416 angustia
2814 1340 3016 1401 defuit

607 1439 1011 1517 percontandi
1041 1437 1342 1512 studium,
1373 1436 1484 1498 sed
1511 1435 1625 1496 alii
1657 1436 2096 1497 conuiuiorum
2133 1439 2472 1514 apparatus
2503 1441 2689 1515 atque
2715 1438 2779 1499 id
2816 1458 3018 1516 genus

490 1555 580 1607 145
611 1556 812 1617 nugas
838 1535 1328 1614 respondebant,
1356 1534 1591 1613 partim
1616 1534 2101 1611 incompertiora
2128 1554 2318 1612 quam
2348 1538 2419 1595 vt
2447 1535 2745 1597 auderem
2781 1535 3020 1596 litteris

609 1634 1017 1697 committere.
1104 1633 1283 1708 Quod
1311 1634 1367 1692 si
1395 1634 1465 1694 in
1493 1633 1613 1693 hac
1651 1635 1829 1710 parte
1867 1635 2000 1692 tam
2030 1651 2159 1692 non
2188 1632 2534 1693 defuissent
2573 1633 2809 1710 gloriae
2833 1633 3019 1694 Prin·

608 1734 763 1812 cipis
790 1753 978 1811 quam
1009 1731 1141 1793 suis
1168 1731 1513 1792 commodis
1541 1749 1669 1792 non
1710 1731 1940 1793 desunt
1976 1730 2250 1808 quidam,
2285 1730 2575 1809 equidem
2596 1731 3017 1809 'peruidebam

609 1827 742 1893 rem
770 1832 960 1909 probe
997 1850 1179 1908 posse
1205 1830 1656 1908 splendescere,
1689 1848 1914 1890 verum
1955 1847 2091 1890 esse
2127 1832 2327 1890 totam
2370 1829 2671 1891 orationis
2707 1830 2901 1891 telam
2938 1830 3020 1892 de

608 1931 852 2008 integro
893 1928 1314 1989 retexendam.
1400 1928 1485 1988 Et
1526 1928 1656 1989 iam
1700 1927 1914 1989 minus
1953 1928 2146 1988 etiam
2188 1926 2533 1988 adiuuabar
2576 1927 2806 2004 animo,
2849 1929 3016 2006 quod

489 2048 584 2097 150
609 2046 718 2104 spe
764 2045 1010 2104 quoque
1056 2026 1369 2103 parandae
1413 2025 1855 2088 instructionis
1900 2044 2102 2088 essem
2152 2025 2510 2088 destitutus.
2596 2028 2775 2103 Quod
2822 2028 3021 2106 igitur

607 2124 814 2186 solum
854 2128 919 2184 et
956 2125 1137 2185 licuit
1176 2128 1242 2185 et
1281 2124 1485 2199 libuit,
1532 2125 1753 2186 relicto
1791 2127 2008 2186 tenore
2046 2124 2317 2202 pristino
2358 2126 2577 2187 multis
2616 2126 2771 2187 locis
2811 2126 3018 2188 multa

609 2223 785 2284 velut
825 2222 1183 2298 intertexui,
1215 2222 1406 2300 idque
1447 2241 1525 2282 ex
1566 2227 1865 2301 tempore,
1896 2242 1979 2284 ne
2018 2242 2054 2283 a
2098 2223 2336 2300 reliquo
2377 2243 2631 2303 corpore
2667 2224 2845 2286 velut
2884 2245 3022 2303 per·

610 2337 826 2400 peram
852 2325 1068 2383 assuta
1095 2320 1539 2398 discreparent.

695 2421 836 2481 Hoc
860 2423 1043 2499 pacto
1069 2424 1236 2481 certe
1263 2419 1612 2498 longiorem
1641 2419 1758 2480 feci
1787 2419 2267 2498 Panegyricum,
2293 2440 2375 2480 an
2403 2420 2732 2481 meliorem
2758 2421 3019 2482 fecerim

492 2538 583 2591 ¹55
612 2519 833 2581 nescio.
905 2519 1104 2581 Porro
1132 2539 1456 2580 necessum
1484 2521 1619 2579 erat
1644 2518 1983 2597 aliquoties
2008 2519 2087 2580 ad
2115 2518 2284 2582 locos
2312 2538 2681 2580 communes
2706 2517 3024 2580 diuertere

613 2621 679 2679 et
724 2618 1006 2680 duriores
1044 2617 1362 2677 interdum
1409 2618 1796 2695 παρεκβάσεις
1834 2616 2154 2692 adhibere,
2199 2638 2358 2698 quae
2399 2622 2613 2678 tamen
2658 2618 2819 2695 ipsae
2863 2636 3023 2696 quo-

614 2737 863 2796 cunque
931 2716 1119 2778 modo
1178 2721 1361 2777 erant
1428 2717 1507 2777 ad
1569 2716 1975 2794 profectionis
2034 2721 2482 2794 argumentum
2544 2717 3017 2795 detorquendae.

614 2816 860 2892 Quanto
912 2814 1205 2877 videlicet
1258 2834 1361 2875 me
1413 2814 1696 2875 foelicior
1748 2812 2003 2876 Plinius
2056 2815 2344 2887 CeciliuS,
2403 2834 2533 2876 non
2600 2808 2808 2877 solum
2872 2816 3026 2893 quia

612 2914 920 2989 disertior,
970 2933 1098 2974 non
1141 2913 1327 2974 modo
1372 2913 1536 2992 quod
1577 2913 1636 2973 ei
1679 2912 1828 2975 talis
1875 2912 2207 2993 contigerit
2253 2914 2621 2991 Imperator,
2671 2914 2850 2992 isque
2892 2915 3025 2975 iam

494 3018 587 3069 160
613 3031 824 3089 canus,
857 3014 985 3073 iam
1015 3012 1310 3073 omnibus
1335 3011 1539 3073 ciuilis
1567 3030 1638 3072 ac
1663 3011 1922 3073 bellicae
1957 3012 2049 3072 rei
2088 3011 2458 3074 muneribus
2498 3012 2879 3090 perfunctus,
2912 3012 3025 3073 sed

613 3108 821 3171 multo
846 3110 1123 3171 maxime
1149 3112 1315 3189 quod
1346 3129 1505 3189 quae
1540 3108 1833 3171 laudabat
1873 3109 2167 3189 pleraque
2194 3111 2452 3172 viderat.
2537 3112 2793 3189 Optime
2822 3131 3028 3173 narra-

613 3226 761 3268 mus
807 3226 969 3285 quae
1016 3208 1200 3270 nobis
1247 3207 1574 3270 notissima
1622 3212 1789 3269 sunt.
1877 3203 2069 3269 Nihil
2101 3213 2315 3270 autem
2359 3211 2572 3271 notius
2615 3231 2807 3289 quam
2856 3211 3026 3288 quod

615 3306 779 3367 oculi
816 3307 1213 3369 tradiderunt
1247 3307 1479 3369 animo.
1565 3308 1735 3382 Quas
1770 3307 2024 3385 quidem
2062 3307 2143 3369 ob
2173 3327 2274 3368 res
2297 3328 2487 3369 ausus
2511 3312 2606 3369 est
2643 3309 2757 3370 ille
2795 3309 2866 3370 in
2901 3309 3029 3387 epi-

615 3404 776 3464 stola
822 3406 1092 3482 quadam
1145 3407 1512 3468 oscitantem
1554 3405 1855 3466 lectorem
1901 3406 1979 3467 ad
2024 3406 2299 3483 pressius
2345 3406 2741 3468 annotandas
2788 3408 3028 3485 figuras

494 3506 586 3571 1⁶5
616 3500 927 3564 transitus
973 3506 1038 3564 et
1082 3504 1366 3565 ordinem
1413 3503 1891 3581 expergefacere.
1977 3503 2140 3565 Mihi
2196 3505 2402 3582 magis
2455 3505 2721 3582 rogandi
2770 3509 2924 3566 sunt
2979 3506 3028 3565 ii

616 3599 845 3677 quibus
889 3602 1095 3679 lyncei
1137 3606 1288 3664 sunt
1330 3603 1511 3677 oculi,
1560 3606 1633 3663 vt
1680 3601 1759 3662 ad
1805 3602 2008 3664 multa
2049 3602 2446 3663 conniueant.
2535 3603 2733 3664 Video
2778 3608 2844 3665 et
2891 3603 3028 3682 ipse

616 3696 922 3774 quaedam
949 3699 1152 3761 adhuc
1180 3701 1444 3775 hiantia,
1469 3700 1774 3779 quaedam
1800 3701 2008 3775 ascita,
2032 3701 2339 3779 quaedam
2369 3703 2841 3778 perturbatiora,
2874 3724 3028 3765 non·

618 3794 795 3855 nulla
821 3795 1030 3857 verbis
1049 3798 1454 3872 luxuriantia,
1484 3799 1647 3860 nihil
1676 3802 1889 3860 autem
1915 3799 2073 3861 satis
2096 3819 2429 3861 excussum
2452 3803 2638 3878 atque
2657 3802 3025 3879 expolitum.

617 3892 710 3953 Ea
753 3896 966 3953 tamen
1013 3896 1122 3973 qui
1168 3901 1319 3957 sunt
1366 3897 1647 3975 equiores
1693 3914 1821 3959 non
1865 3900 1999 3958 tam
2047 3896 2209 3958 mihi
2252 3898 2660 3974 imputabunt
2707 3920 2900 3977 quam
2944 3900 3031 3961 iis

498 4010 591 4064 170
618 3991 1038 4054 incommodis
1064 4013 1222 4071 quae
1250 3994 1437 4055 modo
1464 3995 1699 4056 rettuli.

691 4092 911 4169 ‘Atque
957 4091 1109 4152 haec
1156 4093 1411 4170 quidem
1465 4093 1797 4155 verbosius
1842 4090 1921 4154 ad
1970 4095 2051 4170 te,
2102 4093 2467 4155 doctissime
2523 4094 2849 4156 Paludane
2899 4096 3031 4172 (cui

618 4186 792 4251 enim
824 4189 1036 4267 potius
1067 4210 1257 4268 quam
1300 4190 1419 4251 tibi
1435 4192 1507 4268 ·?),
1557 4212 1710 4270 qum
1746 4191 1982 4254 nullius
2022 4191 2226 4269 magis
2266 4196 2475 4269 partes
2512 4212 2653 4254 esse
2691 4193 3035 4255 videantur

618 4309 806 4368 quam
834 4293 997 4360 tuae,
1030 4290 1331 4350 aduersus
1359 4309 1577 4351 omnes
1603 4290 1953 4351 calumnias
1983 4290 2185 4352 nostri
2222 4291 2642 4368 patrocinium
2679 4292 2992 4371 suscipere
3016 4316 3034 4367 ;

619 4408 745 4450 non
780 4390 986 4450 solum
1016 4387 1181 4466 quod
1217 4388 1602 4451 abundantia
1630 4390 1902 4467 quadam
1940 4388 2171 4451 amoris
2206 4409 2353 4468 erga
2390 4409 2493 4450 me
2518 4391 2616 4450 tui
2653 4390 2814 4450 meis
2841 4389 3032 4452 rebus

689 4533 802 4581 145.
834 4520 1369 4648 ἰιιοόἒωιέρήὶοτέῗγε
1403 4520 1759 4583 incomptiora
1777 4522 1831 4575 β.
1924 4521 2035 4582 1⁵⁶·
2069 4537 2137 4582 γε
2174 4518 2399 4574 ἐκβάσεις
2415 4538 2464 4570 α.
2534 4522 2645 4582 158.
2679 4522 2895 4583 quita:
2930 4537 3023 4571 om.

620 4601 705 4646 (ιγ.
877 4601 897 4633 ι
974 4620 987 4635 .
1074 4600 1107 4634 a
1129 4602 1193 4637 at
1323 4602 1376 4647 γ.

1281 4699 1390 4760 ι36.
1425 4697 1600 4748 multa
1622 4696 1765 4761 dies]
1792 4697 1923 4748 Hor.
1949 4702 2013 4748 A.
2038 4701 2091 4747 P.
2119 4713 2238 4760 ²93·
