3355 5380
696 282 815 336 470
1399 274 1779 336 LETTERS
1833 274 1940 336 or
1992 273 2394 337 ERAsmus
2904 268 3047 355 [151
3064 291 3091 330 1

691 433 1282 494 commendarentur
1319 431 1554 492 lectori.
1639 430 1820 507 Quod
1861 430 1931 491 ni
1969 432 2041 492 tu
2079 448 2334 507 prorsus
2371 449 2410 491 a
2448 449 2551 490 me
2588 428 2902 504 dissentis,
2936 429 3099 489 mihi

694 551 824 593 non
854 531 1008 593 satis
1046 529 1345 592 idoneum
1372 529 1639 604 videtur,
1674 529 1780 590 vel
1819 528 1985 608 quod
2013 532 2125 590 tuo
2162 528 2401 589 dicetur
2437 528 2701 602 nomini,
2734 529 2839 589 vel
2866 528 2936 588 in
2972 548 3101 607 quo

607 651 668 687 20
695 648 810 691 nos
857 632 1110 691 tantum
1163 647 1470 706 ponamus
1525 648 1764 706 operae.
1876 627 2150 689 Gustum
2205 626 2441 687 interea
2496 626 2739 698 damus,
2788 628 2972 686 tuum
3027 626 3101 687 in

692 727 952 788 caeteris
979 726 1280 788 iudicium
1308 746 1437 786 non
1465 746 1644 787 secus
1670 730 1854 805 atque
1883 723 2206 787 oraculum
2233 723 2523 786 secuturi.
2598 725 2772 786 Bene
2802 724 2958 785 vale.

774 825 827 886 E
856 825 1255 904 Cantabrigia
1281 828 1393 886 tua
1427 826 1551 885 An.
1588 820 1886 904 [x.n.1o.].

1371 1030 1601 1097 ¹³²⁷230.
1696 1029 1897 1096 Faou
1940 1029 1987 1096 J
1989 1047 2132 1096 orm
2177 1028 2428 1097 Cona‘r.

763 1168 1045 1225 Deventer
1069 1167 1186 1223 MS.
1216 1182 1301 1238 91,
1330 1167 1404 1223 fo,
1438 1183 1537 1224 122
1561 1173 1639 1221 νο.
2600 1165 2929 1238 <London.)

763 1255 874 1311 LB.
901 1257 1045 1328 App.
1071 1273 1124 1325 4.
2487 1252 2684 1324 (Sept.
2707 1255 2803 1311 fin.
2835 1255 3029 1327 1511.)

1225 1377 1359 1442 [For
1378 1377 1474 1426 tho
1497 1390 1709 1426 answer
1732 1379 1789 1426 to
1809 1377 1924 1425 this
1945 1376 2111 1425 letter
2132 1390 2220 1426 see
2244 1375 2339 1439 Ep.
2361 1390 2475 1438 231.
2500 1375 2577 1440 4.]

1112 1500 1413 1549 IOANNES
1474 1499 1772 1549 COLE'I'VS
1831 1497 2108 1548 musmo
2166 1498 2505 1548 ROTEROD.
2533 1499 2585 1547 Β.
2611 1499 2671 1547 P.

774 1624 942 1701 van
997 1643 1129 1684 non
1179 1623 1453 1701 probabo
1472 1626 1506 1685 ’ἓ
1580 1623 1672 1684 ita
1726 1623 1965 1685 scribis.
2074 1622 2240 1698 Quid
2297 1624 2394 1683 est
2448 1622 2694 1683 Erasmi
2747 1623 2913 1701 quod
2969 1641 3101 1683 non

689 1722 946 1802 probem
967 1723 1000 1783 ἰ’
1081 1721 1236 1799 Legi
1275 1721 1607 1799 epistolam
1653 1721 1843 1782 istam
1891 1724 2044 1782 tunc
2092 1720 2170 1781 de
2216 1720 2444 1782 studiis
2498 1721 2748 1795 cursim,
2803 1720 3100 1798 quoniam

690 1820 1076 1899 pedetentim
1106 1838 1216 1898 per
1256 1821 1687 1898 occupationes
1724 1819 1928 1881 adhuc
1963 1838 2093 1879 non
2131 1818 2295 1880 licet.
2384 1818 2566 1879 Inter
2599 1818 2936 1897 legendum
2968 1836 3097 1879 non

690 1917 898 1979 solum
940 1917 1136 1997 probo
1178 1918 1406 1994 omnia,
1444 1919 1556 1979 sed
1597 1917 1873 1979 admiror
1912 1936 2061 1979 sane
2101 1919 2166 1976 et
2206 1916 2528 1995 ingenium
2569 1919 2756 1977 tuum
2797 1919 2862 1976 et
2898 1917 3097 1977 artem

638 2042 666 2092 5
688 2019 753 2076 et
807 2016 1160 2077 doctrinam
1215 2019 1278 2077 et
1333 2017 1575 2095 copiam
1630 2019 1696 2077 et
1751 2015 2193 2093 eloquentiam.
2292 2014 2450 2092 Sepe
2504 2013 2718 2092 optaui
2770 2012 2853 2073 ad
2901 2014 3095 2074 istum

690 2114 949 2175 modum
997 2115 1482 2176 instituerentur
1527 2116 1706 2193 pueri
1755 2114 2000 2176 scholae
2044 2116 2309 2186 nostrae,
2360 2113 2889 2191 quemadmodum
2947 2112 3099 2174 diffi-

688 2212 866 2272 niisti
898 2212 1253 2274 faciendum
1294 2231 1446 2275 esse.
1528 2215 1691 2291 Sepe
1728 2213 1924 2274 etiam
1962 2213 2174 2291 optaui
2207 2210 2366 2272 tales
2404 2213 2616 2272 essent
2653 2215 3092 2290 praeceptores,

690 2309 906 2389 quales
952 2310 1413 2390 sapientissime
1460 2311 1860 2390 descripsisti.
1964 2311 2225 2386 Quando
2268 2309 2415 2371 veni
2465 2310 2541 2371 ad
2584 2328 2732 2372 eum
2773 2309 2980 2371 locum
3028 2309 3097 2370 in

690 2413 969 2471 extrema
1033 2409 1297 2488 epistola
1362 2413 1488 2485 tua,
1545 2410 1656 2472 vbi
1722 2410 2033 2488 profiteris
2088 2412 2150 2470 te
2211 2408 2605 2488 paucioribus
2668 2407 2854 2469 annis
2920 2427 3098 2484 posse

609 2535 667 2571 ιο
689 2506 1109 2570 adolescentes
1137 2508 1469 2586 perducere
1505 2509 1584 2570 ad
1613 2508 1988 2570 mediocrem
2016 2507 2342 2585 vtriusque
2368 2507 2618 2585 linguae
2655 2507 3093 2586 eloquentiam,

691 2627 879 2686 quam
920 2607 1032 2670 isti
1072 2607 1450 2669 litteratores
1497 2607 1575 2668 ad
1618 2606 1981 2682 balbutiem,
2029 2606 2081 2667 Ο
2123 2606 2398 2681 Erasme,
2444 2625 2632 2685 quam
2683 2608 2837 2666 tunc
2886 2606 3098 2682 optaui

689 2709 752 2766 te
806 2710 1268 2786 praeceptorem
1311 2707 1380 2767 in
1424 2706 1636 2767 schola
1684 2709 1914 2767 nostra.
2002 2704 2125 2766 Sed
2171 2705 2370 2767 habeo
2417 2724 2595 2782 spem
2642 2707 2704 2766 te
2758 2702 3097 2765 allaturum

690 2804 873 2867 nobis
919 2804 1159 2884 aliquid
1198 2804 1549 2866 adiumenti
1594 2805 1697 2866 vel
1740 2806 1809 2865 in
1859 2803 2264 2865 instituendis
2308 2802 2804 2882 praeceptoribus
2843 2803 3095 2878 nostris,

690 2904 940 2982 quando
970 2903 1323 2965 discesseris
1350 2903 1429 2964 ab
1462 2902 1604 2964 istis
1640 2901 2277 2979 cantabrigiensibus.
2359 2900 2632 2963 Seruabo
2666 2900 2952 2979 exempla
2989 2904 3100 2962 tua

606 3026 662 3077 15
688 3004 761 3062 vt
817 3002 994 3063 iubes
1050 3000 1309 3079 integra.
1414 3001 1509 3062 De
1565 3000 1855 3078 Lynagro
1916 3002 2133 3061 nostro
2190 2999 2418 3061 faciam
2475 3000 2641 3077 quod
2702 2998 2981 3061 consulis
3033 3001 3099 3061 et

688 3103 972 3162 amanter
1021 3103 1087 3160 et
1140 3100 1497 3177 prudenter.
1585 3098 1731 3159 Non
1778 3097 2027 3160 desinas
2078 3098 2261 3160 nobis
2313 3098 2672 3177 perquirere
2726 3097 3098 3176 hypodidas-

688 3198 924 3271 culum,
971 3198 1027 3259 si
1074 3198 1266 3259 isthic
1311 3198 1396 3259 sit
1441 3196 1690 3276 aliquis,
1749 3195 1899 3257 talis
1953 3197 2064 3274 qui
2117 3214 2248 3257 non
2302 3196 2637 3274 superbiat,
2684 3196 2913 3274 quique
2967 3215 3097 3257 non

690 3297 1066 3376 dedignetur
1103 3297 1221 3358 sub
1260 3295 1466 3373 primo
1505 3294 1810 3372 magistro
1850 3314 1999 3356 esse.

773 3395 949 3470 Quod
977 3394 1197 3456 scribis
1233 3394 1528 3455 dimicare
1562 3396 1625 3455 te
1656 3412 2113 3471 nonnunquam
2147 3392 2271 3454 mei
2304 3411 2488 3454 causa
2523 3411 2669 3453 cum
2704 3392 2847 3453 istis
2880 3392 3100 3453 Schoti

606 3519 668 3555 20
688 3492 1019 3567 militibus,
1051 3493 1290 3570 gaudeo
1327 3512 1434 3554 me
1470 3491 1701 3552 habere
1742 3492 1935 3553 talem
1963 3491 2245 3570 pugilem
2285 3495 2350 3552 et
2380 3492 2903 3570 propugnatorem
2943 3492 3091 3555 mei.

689 3591 812 3652 Sed
855 3594 951 3651 est
988 3591 1285 3669 iniquum
1323 3591 1437 3652 tibi
1482 3593 1794 3651 certamen
1836 3592 1900 3651 et
1935 3590 2313 3668 inglorium:
2357 3590 2510 3668 quid
2546 3590 2719 3652 enim
2757 3589 2962 3651 laudis
2998 3593 3099 3651 est

688 3688 823 3763 tibi,
855 3689 913 3751 si
951 3688 1227 3766 abegeris
1272 3690 1336 3749 et
1385 3688 1738 3749 confoderis
1785 3707 2037 3750 muscas
2051 3690 2085 3749 ’ἓ
2165 3687 2329 3764 Quid
2370 3688 2602 3767 gratiae
2648 3688 3099 3766 promereberis

688 3807 726 3848 a
773 3806 892 3861 me,
940 3787 996 3848 si
1039 3788 1447 3865 prostraueris
1491 3788 1882 3849 arundines?
1962 3786 2079 3848 Est
2132 3787 2453 3848 dimicatio
2508 3788 2708 3865 magis
2753 3788 3098 3848 necessaria

689 3904 879 3963 quam
906 3884 1238 3963 magnifica
1264 3886 1373 3945 aut
1390 3885 1666 3946 strenuis
1690 3910 1706 3960 ;
1749 3888 1813 3946 at
1835 3888 2152 3964 vtcunque
2173 3885 2487 3963 significat
2512 3885 3005 3947 sollicitudinem
3030 3888 3096 3946 et

604 4010 663 4060 ²5
692 3983 1026 4046 amabilem
1063 4002 1275 4044 curam
1305 4003 1493 4062 quam
1529 3983 1720 4045 habes
1756 3985 1902 4045 mei.
1998 3984 2212 4062 Perge,
2246 3984 2523 4059 Erasme,
2554 3984 2625 4044 in
2667 3983 2870 4046 dando
2914 3983 3098 4047 nobis

691 4082 948 4161 Basilio,
992 4081 1101 4160 qui
1139 4081 1318 4143 dabis
1358 4080 1543 4142 nobis
1584 4082 1853 4145 Esaiam.
1961 4083 2135 4145 Bene
2174 4082 2362 4144 facies
2405 4102 2548 4146 meo
2589 4082 2819 4144 iudicio
2862 4087 2928 4144 et
2975 4082 3097 4144 tibi

691 4181 924 4260 optime
964 4180 1255 4254 consulis,
1298 4180 1354 4241 si
1394 4180 1661 4241 imiteris
1708 4181 2060 4259 Dioginem,
2115 4185 2180 4242 et
2225 4184 2588 4259 paupertate
2636 4180 2984 4244 delectatus
3030 4186 3099 4245 te

948 4329 1060 4378 229.
1084 4343 1165 4378 πο.
1202 4341 1368 4378 max.
1394 4330 1446 4381 β.
1647 4328 1763 4379 230.
1783 4343 1863 4389 24.
1900 4327 1963 4396 ,θ’
1986 4326 2306 4393 (significat)
2334 4331 2436 4379 us,
2462 4345 2477 4378 ε
2513 4329 2710 4391 probat
2734 4331 2834 4377 LB.

758 4466 870 4514 280.
895 4464 946 4512 8.
992 4462 1062 4512 ad
1095 4477 1224 4512 eum
1253 4461 1459 4525 locum]
1497 4461 1566 4510 In
1600 4462 1697 4511 the
1731 4461 1836 4511 last
1935 4467 2086 4512 studii
2108 4463 2169 4511 in
2192 4462 2288 4511 the
2311 4460 2430 4512 first
2446 4460 2656 4511 edition
2673 4460 2733 4510 of
2750 4460 2927 4512 theDc
2946 4464 3094 4523 copia

692 4528 832 4578 line·
865 4527 926 4577 of
954 4532 1018 4577 De
1054 4533 1231 4577 natm
1270 4532 1550 4576 §mummi
1586 4532 1837 4587 disceptans
1937 4528 2059 4593 (Ep.
2087 4528 2229 4590 260).

693 4594 823 4658 (LB.
838 4594 875 4645 i.
891 4607 992 4657 530
1005 4596 1115 4659 aa),
1132 4593 1316 4644 which
1338 4594 1545 4644 follows
1566 4597 1633 4644 De
1654 4598 1837 4645 rationo
2000 4609 2051 4657 9.
2084 4590 2342 4658 epistola]
2363 4591 2445 4644 Cf.
2468 4593 2567 4657 Ep.
2592 4608 2703 4655 ⁹27·
2736 4608 2758 4641 1
2785 4608 2841 4643 n.
