3355 5380
680 381 800 441 224
1394 375 1770 439 LETTERS
1812 375 1918 437 oF
1959 373 2360 437 ERASMUS
2899 365 3090 455 [1499

1028 551 1135 614 88.
1222 548 1319 613 To
1365 527 1711 613 Witmm
1757 547 2061 626 Bmum,
2105 525 2298 612 Lon'n
2342 545 2742 611 Momm-sor.-

753 655 1002 726 Farrago
1026 672 1082 724 p.
1111 667 1197 721 70.
2537 648 2922 706 'rom-nehem.

754 743 814 800 F.
841 761 896 813 p.
922 755 1060 813 235:
1097 740 1236 796 HN:
1273 740 1452 796 Lond.
1477 738 1551 796 iv.
1583 754 1682 808 14:
1718 738 1830 795 LB.
1856 739 1907 794 6.
2403 754 2442 805 4
2466 735 2755 808 February
2782 733 3015 809 (1499.)

748 846 1200 911 [Contemporary
1222 844 1359 894 with
1386 844 1483 907 Ep.
1507 845 1588 904 87.
1646 843 1763 892 The
1785 842 2061 892 additions
2078 841 2234 891 made
2256 843 2318 891 in
2334 841 2391 891 F.
2413 840 2523 889 and
2542 842 2615 891 Η.
2631 854 2723 891 are
2739 840 3090 905 notieeable]

678 963 1088 1012 GVILHELMO
1133 961 1474 1010 MON'rlolo
1520 960 1768 1008 coMI'H
1799 959 2030 1008 ANGLO
2065 959 2379 1007 ERASMVS
2408 958 2911 1007 ROTERODAMVS
2942 959 2995 1013 S.
3028 959 3090 1008 D.

763 1060 1180 1121 Psamms
1232 1059 1491 1119 tandem
1546 1060 1610 1118 et
1671 1057 1926 1136 quidem
1981 1055 2343 1127 incolumes,
2404 1056 2660 1116 tametsi
2711 1055 2941 1117 inuitis
2996 1055 3094 1132 (vt

678 1157 955 1237 apparet)
992 1160 1060 1218 et
1098 1157 1342 1235 superis
1376 1158 1443 1216 et
1484 1153 1725 1216 inferis.
1808 1156 1863 1216 Ο
1910 1154 2141 1214 durum
2184 1153 2342 1214 iteri
2427 1153 2632 1229 Quem
2673 1174 2789 1234 ego
2831 1154 3094 1232 posthac
3168 1152 3179 1227 ἱ

685 1256 1043 1330 Herculem,
1070 1275 1260 1333 quem
1278 1254 1571 1333 Vlyssem
1601 1273 1732 1314 non
1759 1255 2162 1314 contemnam
2178 1254 2212 1313 ‘?
2291 1251 2630 1331 Pugnabat
2657 1251 2823 1313 Iuno
2850 1272 3098 1330 semper

685 1354 944 1433 poeticis
980 1354 1136 1415 viris
1171 1353 1437 1427 infesta;
1485 1371 1738 1412 rursum
1772 1350 2048 1411 Aeolum
2083 1350 2486 1425 sollicitarat;
2528 1370 2642 1411 nec
2667 1350 2877 1412 ventis
2906 1351 3096 1412 modo

632 1471 661 1520 5
688 1453 758 1514 in
786 1472 902 1514 nos
929 1451 1263 1527 saeuiebat,
1297 1451 1590 1512 omnibus
1628 1450 1823 1511 armis
1858 1449 1927 1509 in
1969 1469 2086 1509 nos
2124 1449 2477 1527 dimicabat,
2510 1449 2740 1527 frigore
2772 1449 3089 1524 acerrime,

689 1553 855 1628 niue,
899 1552 1221 1630 grandine,
1265 1550 1502 1627 pluuia,
1549 1548 1835 1628 hymbre,
1882 1548 2153 1635 nebulis,
2200 1547 2494 1609 omnibus
2528 1544 2801 1627 denique
2828 1547 3093 1610 iniuriis.

687 1650 932 1730 Hisque
970 1670 1139 1710 nunc
1165 1648 1435 1727 singulis
1461 1667 1634 1707 nunc
1660 1646 1974 1707 vniuersis
2000 1666 2117 1708 nos
2159 1647 2574 1725 oppugnabat.
2662 1647 2882 1709 Prima
2913 1652 3098 1710 nocte

686 1751 829 1826 post
862 1748 1178 1808 diutinam
1220 1746 1503 1824 pluuiam
1544 1745 1829 1821 subitum
1864 1748 2056 1821 atque
2095 1765 2235 1805 acre
2276 1743 2570 1805 obortum
2611 1746 2756 1825 gelu
2787 1746 2958 1808 viam
2999 1767 3098 1807 as·

686 1847 1028 1926 perrimam
1049 1846 1336 1906 effecerat
1361 1865 1377 1920 3
1416 1844 1677 1905 accessit
1706 1844 1874 1905 niuis
1894 1844 1993 1923 =vis
2014 1844 2391 1919 immodica;
2433 1844 2659 1906 deinde
2677 1846 2930 1923 grando,
2956 1850 3099 1908 tum

603 1972 662 2007 10
688 1947 751 2007 et
791 1945 1026 2023 pluuia,
1070 1963 1228 2021 quae
1268 1943 1461 2004 simul
1502 1945 1691 2020 atque
1726 1946 1961 2003 terram
1986 1942 2353 2003 arboremue
2389 1944 2674 2022 contigit,
2704 1945 2994 2023 protinus
3028 1946 3100 2006 in

686 2044 949 2121 glaciem
966 2045 1252 2103 concreta
1267 2044 1381 2103 est.
1434 2040 1718 2102 Vidisses
1731 2041 1968 2119 passim
1984 2043 2220 2119 terram
2234 2041 2431 2120 glacie
2449 2042 2876 2120 incrustatam,
2898 2064 3100 2125 neque

688 2141 753 2201 id
807 2140 1054 2218 aequali
1100 2139 1441 2218 superficie,
1486 2139 1594 2200 sed
1646 2139 1953 2200 colliculis
1983 2140 2381 2217 xacutissimis
2426 2141 2664 2219 passim
2719 2143 3100 2204 extantibus.

688 2239 971 2300 Vidisses
994 2239 1245 2300 arbores
1264 2238 1461 2316 glacie
1481 2238 1742 2298 vestitas
1761 2238 2033 2315 adeoque
2061 2257 2348 2316 praessas
2372 2242 2446 2301 vt
2474 2240 2633 2301 aliae
2652 2260 2902 2302 summo
2930 2261 3099 2325 cacu-

690 2338 865 2398 mine
880 2338 1084 2398 imum
1103 2339 1313 2398 solum
1335 2336 1792 2414 contingerent,
1808 2335 1966 2396 aliae
1986 2336 2184 2396 ramis
2201 2336 2455 2413 lacerae,
2477 2337 2636 2399 aliae
2656 2340 2859 2401 medio
2875 2342 3102 2401 trunco

606 2467 664 2516 15
691 2435 984 2496 discissae
1020 2437 1276 2509 starent,
1308 2434 1468 2494 aliae
1505 2433 1798 2494 funditus
1841 2433 2091 2494 euulsae
2128 2434 2424 2495 iacerent.
2508 2434 2814 2498 Iurabant
2850 2439 3035 2500 nobis
3066 2460 3102 2499 e

689 2532 940 2594 rusticis
967 2532 1260 2593 homines
1287 2534 1441 2591 natu
1468 2531 1738 2608 grandes
1766 2550 1833 2591 se
1870 2531 2078 2592 simile
2103 2532 2268 2592 nihil
2296 2553 2576 2611 vnquam
2604 2535 2676 2596 in
2703 2537 2836 2597 vita
2862 2538 3100 2598 vidisse

687 2635 890 2694 antea.
936 2631 1135 2709 Equis
1150 2629 1407 2692 interim
1416 2629 1695 2690 eundum
1712 2632 1847 2689 erat
1862 2649 2031 2692 nunc
2046 2651 2157 2708 per
2171 2632 2514 2710 profundos
2529 2634 2780 2696 niuium
2797 2636 3102 2711 cumulos,

692 2752 865 2794 nunc
898 2752 1010 2809 per
1046 2734 1256 2793 sentes
1291 2730 1488 2808 glacie
1522 2729 1916 2810 incrustatos,
1948 2751 2119 2792 nunc
2149 2752 2262 2809 per
2287 2733 2495 2794 sulcos
2522 2734 2622 2795 bis
2645 2755 2915 2813 asperos,
2946 2757 3106 2815 quos

691 2832 973 2909 primum
1008 2830 1159 2908 gelu
1196 2829 1544 2905 durauerat,
1575 2828 1804 2889 deinde
1828 2832 1893 2890 et
1927 2829 2161 2907 glacies
2194 2835 2454 2906 acuerat,
2486 2851 2657 2894 nunc
2683 2854 2795 2912 per
2820 2839 3104 2897 crustum

606 2961 669 2997 20
694 2930 858 3009 quod
907 2948 1191 2989 summas
1240 2927 1583 2988 obduxerat
1635 2926 1857 3002 niues;
1913 2928 2080 3004 quod
2129 2929 2385 3005 quidem
2431 2931 2691 2993 mollius
2733 2937 2868 2994 erat
2914 2955 3104 3013 quam

691 3032 765 3091 vt
792 3048 1024 3106 equum
1052 3026 1404 3102 sustineret,
1438 3024 1656 3085 durius
1685 3045 1874 3102 quam
1903 3029 1974 3087 vt
2003 3026 2272 3104 vngulas
2298 3047 2428 3088 non
2455 3030 2778 3091 scinderet.

776 3126 942 3202 Quid
998 3126 1166 3185 inter
1221 3124 1374 3183 haec
1429 3122 1630 3182 animi
1685 3123 1948 3184 Erasmo
2002 3125 2113 3184 tuo
2162 3125 2353 3187 fuisse
2417 3128 2619 3189 credis
2638 3131 2671 3188 ‘?
2779 3129 3107 3191 Insidebat

692 3224 965 3285 attonito
991 3240 1147 3300 equo
1172 3240 1358 3298 eques
1386 3220 1728 3296 attonitus3
1767 3221 1876 3300 qui
1896 3222 2141 3299 quoties
2164 3244 2346 3285 aures
2373 3225 2663 3304 erigebat,
2686 3247 2798 3306 ego
2817 3227 3105 3288 animum

694 3320 1076 3394 deiiciebam,
1110 3319 1350 3397 quoties
1389 3317 1495 3379 ille
1534 3319 1606 3378 in
1637 3338 1845 3396 genua
1879 3321 2338 3398 procumbebat,
2367 3324 2533 3385 mihi
2571 3329 2788 3402 pectus
2824 3325 3100 3388 saliebat.

609 3445 634 3479 2
640 3444 668 3494 5
694 3417 836 3478 Iam
862 3416 1285 3494 Bellerophon
1322 3415 1430 3477 ine
1466 3415 1750 3493 poeticus
1789 3436 1904 3478 suo
1935 3419 2207 3481 terrebat
2239 3421 2539 3500 exemplo,
2570 3424 2704 3485 iam
2727 3444 2936 3485 meam
2973 3425 3109 3504 ipse

695 3512 1116 3574 temeritatem
1158 3513 1499 3588 execrabat,
1531 3514 1643 3592 qui
1683 3516 1894 3575 mutae
1932 3515 2155 3578 beluae
2194 3519 2395 3580 vitam
2432 3523 2496 3580 et
2526 3542 2653 3583 vna
2685 3522 2901 3584 literas
2937 3544 3109 3585 meas

694 3611 1135 3674 commiserim.
1222 3612 1344 3674 Sed
1382 3612 1539 3673 audi
1579 3612 1897 3692 quiddam,
1944 3616 2112 3692 quod
2154 3619 2225 3678 tu
2269 3619 2479 3680 credas
2516 3641 2594 3681 ex
2634 3624 2802 3683 veris
2845 3622 3110 3685 Luciani

693 3708 1161 3769 narrationibus
1208 3711 1496 3786 petitum,
1550 3710 1621 3771 ni
1677 3711 1841 3771 mihi
1894 3712 2020 3790 ipsi
2065 3715 2253 3776 Batto
2308 3720 2468 3779 teste
2513 3718 2856 3782 accidisset.
2944 3722 3109 3783 Cum

693 3825 806 3867 arx
840 3806 969 3867 iam
1008 3808 1203 3867 ferme
1237 3808 1308 3867 in
1343 3811 1676 3887 prospectu
1709 3814 1890 3885 esset,
1923 3811 2301 3875 offendimus
2338 3816 2551 3876 omnia
2589 3818 2868 3897 vndique
2907 3819 3111 3897 glacie

605 3932 671 3980 30
695 3903 1058 3980 incrustata,
1092 3923 1250 3982 quae
1276 3907 1348 3965 vt
1380 3905 1513 3965 dixi
1545 3906 1617 3966 in
1644 3907 1864 3968 niuem
1889 3908 2210 3971 inciderat.
2293 3913 2379 3975 Et
2405 3918 2540 3976 erat
2565 3919 2746 3979 tanta
2771 3921 3111 3980 ventorum

695 4001 811 4076 vis,
856 4005 930 4062 vt
977 4023 1051 4063 eo
1094 4002 1195 4063 die
1234 4023 1403 4064 vnus
1442 4008 1632 4082 atque
1670 4005 1831 4066 alter
1872 4007 2131 4085 collapsi
2171 4012 2490 4089 perierint.
2579 4014 2846 4077 Flabant
2889 4021 3110 4079 autem

695 4118 736 4159 a
762 4101 954 4178 tergo.
1045 4099 1266 4178 Itaque
1303 4122 1415 4179 per
1450 4101 1694 4163 decline
1721 4105 2039 4166 montium
2065 4127 2171 4168 me
2199 4109 2623 4185 demittebam,
2653 4133 2765 4192 per
2791 4134 3114 4177 summam

696 4196 962 4275 glaciem
989 4197 1330 4276 velificans,
1361 4203 1550 4278 atque
1583 4200 1844 4262 interim
1877 4203 2099 4265 hastili
2130 4226 2385 4269 cursum
2419 4210 2770 4273 moderans.
2859 4213 2942 4275 Id
2978 4219 3115 4276 erat

697 4295 857 4356 claui
897 4295 1051 4357 vice.
1136 4297 1390 4358 Nouum
1433 4299 1773 4378 nauigandi
1811 4321 2035 4379 genus.
2115 4305 2274 4368 Toto
2321 4307 2452 4370 fere
2497 4309 2725 4371 itinere
2765 4311 2995 4373 obuius
3035 4312 3117 4373 fit

820 4435 923 4472 m.
989 4436 1238 4472 nos-noio
1259 4427 1372 4473 aad.
1398 4427 1465 4475 Η.
1663 4439 1746 4487 23.
1781 4426 2230 4491 Bellerophontes
2249 4435 2308 4484 F.
2505 4449 2585 4496 27.
2621 4439 3024 4489 commisissem
3048 4443 3109 4488 Γ.

697 4488 806 4539 Sed
827 4488 1000 4538 audi.
1031 4525 1048 4539 .
1069 4524 1084 4538 .
1109 4503 1174 4549 34
1207 4503 1378 4551 genus
1401 4493 1515 4540 add.
1540 4495 1597 4539 F.

763 4622 812 4671 8.
846 4620 995 4686 gelu]
1020 4620 1255 4672 Holinet
1279 4620 1425 4687 (300)
1448 4621 1719 4673 describes
1742 4623 1857 4674 this
1962 4628 2102 4691 1498,
2123 4629 2232 4679 and
2256 4630 2431 4682 lasted
2452 4632 2538 4683 for
2557 4635 2752 4684 twelve
2774 4650 2835 4685 or
2859 4636 3120 4688 thirteen

699 4701 882 4736 severe
904 4688 1164 4739 westher.
1234 4688 1290 4737 It
1323 4689 1493 4751 began
1526 4702 1597 4738 on
1628 4704 1694 4751 24
1725 4689 1851 4743 Dec.
1954 4693 2088 4756 days
2111 4695 2170 4744 in
2197 4695 2486 4749 Hainault.
