3355 5380
217 319 400 405 1540]
622 326 967 390 BEArus
1021 327 1499 395 RHENANUS
1553 332 1662 395 'ro
1720 333 2114 398 omiss
2168 336 2229 397 v
2547 342 2624 400 ev

214 481 281 541 in
331 483 600 560 vti-aque
654 483 877 562 lingua
929 489 1339 548 monumenta
1393 488 1627 550 Graece
1689 489 1845 551 citra
1905 494 2319 573 praeceptoris
2373 514 2629 575 operam

216 578 444 639 discere
487 578 858 642 volentibus
894 583 1236 644 admodum
1276 587 1693 648 accommoda.
1781 586 1946 650 Nam
1986 588 2106 652 hac
2147 591 2389 653 ratione
2432 592 2628 655 etiam
2651 611 2749 665 390

216 674 597 738 Hermolaus
637 678 967 756 Barbarus,
1007 682 1365 743 immortale
1405 682 1593 746 decus
1634 685 2059 763 venetiarum,
2104 686 2259 750 olim
2298 690 2631 768 profecisse

213 774 407 834 fertur
430 775 691 852 priuato
726 777 950 854 studio,
983 778 1227 841 collatis
1259 781 1606 842 doctissimi
1641 782 1843 845 Gazae
1868 784 2279 849 versionibus.
2366 786 2631 868 Iamque

212 872 384 950 quasi
409 873 604 951 signo
631 874 779 935 dato
804 875 1129 937 literarum
1156 896 1407 939 causam
1434 878 1507 940 in
1534 878 1659 941 hiis
1689 880 2035 958 prouinciis
2065 883 2343 962 optimus
2370 885 2631 965 quisque

210 972 639 1049 promouebat.
728 973 848 1036 Sed
910 976 1195 1037 omnium
1252 975 1604 1039 maximum
1654 976 2013 1041 subsidium
2058 979 2276 1042 attulit
2327 981 2631 1061 trilingue

211 1070 548 1149 collegium
576 1070 788 1133 illud
767 1092 839 1133 m
866 1073 1177 1134 academia
1202 1074 1581 1136 Louaniensi
1616 1075 1989 1139 institutum
2019 1078 2320 1141 suadente
2345 1080 2624 1143 Erasmo.
2648 1104 2742 1156 395

211 1169 471 1249 Magnas
522 1189 673 1248 opes
721 1171 994 1232 moriens
1038 1172 1374 1250 reliquerat
1423 1173 1711 1235 Ariensis
1765 1175 2158 1252 praepositus
2202 1176 2633 1256 Hieronymus

212 1268 560 1341 Buslidius,
611 1268 928 1330 Francisci
967 1269 1301 1332 Vesontini
1345 1271 1660 1350 quondam
1706 1270 2159 1353 archiepiscopi
2204 1274 2275 1336 in
2322 1274 2633 1354 Hispania

208 1386 460 1446 peregre
479 1366 752 1427 extincti
769 1368 993 1443 frater;
1022 1387 1175 1446 quas
1195 1387 1394 1447 quum
1416 1368 1528 1430 ille
1546 1369 1974 1432 studiosorum
1994 1371 2214 1434 vsibus
2234 1372 2627 1452 destinasset,

210 1463 518 1526 Erasmus
559 1466 1051 1528 testamentariis
1090 1469 1271 1528 autor
1300 1466 1423 1527 fuit
1463 1469 1535 1528 vt
1561 1466 1967 1530 Athenaeum
1993 1467 2263 1531 Louanii
2303 1471 2635 1535 constitue·

170 1567 177 1572 ’
210 1566 366 1640 rent,
416 1562 491 1623 in
537 1582 664 1642 quo
710 1564 1042 1641 stipendiis
1083 1564 1390 1627 ordinatis
1434 1567 1567 1627 tres
1613 1564 1866 1644 linguae
1917 1566 2167 1645 publice
2222 1566 2590 1633 docerentur
2614 1592 2631 1647 ς
2653 1595 2752 1649 400

210 1682 243 1723 e
286 1683 432 1741 quo,
482 1664 794 1740 tanquam
840 1681 917 1723 ex
960 1682 1118 1742 equo
1158 1662 1443 1739 T10iano,
1493 1662 1818 1725 innumeri
1863 1664 2223 1742 cognitione
2268 1665 2631 1747 linguarum

210 1759 512 1822 instructi
571 1760 857 1837 prodiere
914 1759 1234 1838 hactenus,
1285 1763 1349 1822 et
1407 1761 1769 1824 fauentibus
1830 1763 2075 1842 superis
2135 1764 2428 1845 deinceps
2481 1770 2633 1831 sunt
2745 1817 2753 1824 .

212 1858 545 1935 prodituri,
597 1878 722 1936 quo
767 1858 1062 1920 vniuersa
1107 1859 1267 1921 ditio
1307 1863 1437 1936 tua,
1481 1860 1711 1922 Caesar
1753 1859 2188 1940 inuictissime,
2237 1863 2404 1926 nihil
2445 1865 2633 1928 habet

210 1955 613 2036 praeclarius.
719 1957 812 2018 Ea
864 1976 964 2020 res
1012 1957 1412 2020 Franciscum
1467 1977 1712 2037 quoque
1767 1958 2116 2022 Galliarum
2168 1980 2377 2042 regem
2431 1964 2635 2026 mouit

209 2059 280 2115 vt
333 2056 414 2116 ad
470 2055 708 2117 similis
761 2054 1006 2135 collegii
1058 2055 1347 2118 Lutetiae
1395 2056 1782 2118 Parisiorum
1829 2057 2298 2123 institutionem
2345 2062 2633 2126 animum
2653 2084 2749 2137 405

212 2153 527 2231 adiiceret,
586 2155 928 2216 Erasmum
994 2174 1105 2233 per
1169 2154 1386 2217 literas
1452 2154 1784 2230 euocando,
1850 2155 2028 2218 cuius
2095 2157 2356 2219 consilio
2423 2159 2635 2221 omnia

214 2252 720 2331 disponerentur.
846 2253 933 2314 Et
1005 2252 1134 2314 iam
1207 2252 1451 2332 regium
1517 2252 1795 2332 diploma
1861 2258 2175 2331 acceperat
2241 2255 2323 2318 ad
2387 2255 2635 2318 itineris

213 2350 634 2429 securitatem,
681 2352 788 2412 sed
838 2351 1234 2414 interuenere
1281 2370 1498 2414 causae
1538 2369 1694 2429 quae
1740 2351 2187 2429 profectionem
2237 2353 2629 2432 impedirent.

214 2449 513 2512 Instituti
539 2451 754 2510 tamen
782 2451 846 2510 et
872 2448 1005 2511 illic
1029 2450 1429 2527 professores.
1515 2449 1741 2527 Itaque
1765 2449 1836 2511 in
1863 2451 2145 2512 confesso
2171 2454 2271 2513 est
2304 2451 2633 2514 literarum

213 2549 281 2609 in
332 2548 439 2609 his
495 2547 844 2626 prouinciis
895 2548 1284 2610 incrementa
1328 2545 1733 2626 potissimum
1786 2547 2051 2610 Erasmo
2105 2546 2330 2609 deberi.
2431 2549 2635 2625 Quem
2654 2576 2753 2628 410

214 2647 388 2709 enim
434 2645 550 2709 ille
598 2642 873 2724 lapidem
915 2665 1045 2709 non
1091 2646 1298 2708 mouit
1335 2644 1523 2726 (quod
1570 2644 1775 2722 aiunt)
1814 2648 1889 2707 vt
1928 2645 2137 2707 studia
2179 2646 2585 2725 procederent
2602 2649 2636 2710 ’ἒ

215 2745 461 2821 Quanto
503 2743 772 2806 candore
811 2744 1068 2806 tradidit
1107 2744 1336 2820 omnia,
1367 2743 1448 2805 ab
1489 2742 1784 2805 omnibus
1824 2742 2098 2821 intelligi
2123 2743 2382 2819 volens3
2437 2763 2635 2821 quum

215 2843 407 2904 multi
422 2862 527 2904 res
542 2842 834 2904 obscuras
848 2842 1053 2906 multo
1071 2843 1395 2905 obscurius
1408 2841 1721 2920 explicent
1730 2842 1764 2902 ’ἶ
1787 2841 2133 2903 Aediturus
2151 2841 2636 2904 Prouerbiorum

217 2961 392 3020 opus,
439 2959 480 3001 a
523 2940 897 3018 quibusdam
946 2941 1150 3002 doctis
1190 2940 1406 3002 audire
1452 2942 1701 3002 coactus
1742 2940 1854 3015 est,
1908 2939 1923 2969 ⁴
1946 2939 2221 3016 Erasme,
2266 2941 2338 3001 tu
2380 2939 2637 3018 euulgas

216 3039 525 3119 mysteria
562 3040 816 3101 nostra!
894 3039 1016 3101 Sed
1060 3039 1348 3119 cupiebat
1388 3039 1445 3100 is
1486 3038 1780 3100 omnibus
1819 3057 1893 3099 ea
1919 3039 2135 3116 aperta
2174 3057 2308 3101 esse
2347 3060 2470 3117 quo
2505 3058 2636 3118 per·
2665 3061 2752 3112 {15

220 3138 449 3199 rectam
476 3136 900 3200 eruditionem
926 3140 1466 3216 conmquerentur.
1555 3135 1699 3197 Hoc
1738 3135 2002 3197 candore
2030 3135 2486 3199 destituebatur
2510 3136 2634 3215 ille,

215 3237 326 3316 qui
352 3235 642 3298 Venetiis
669 3235 823 3297 olim
852 3236 1026 3298 Aldo
1052 3235 1335 3299 Manutio
1361 3233 1847 3297 commentarios
1876 3235 2141 3296 Graecos
2165 3235 2237 3296 in
2264 3236 2637 3315 Euripidem
2751 3285 2760 3295 κ

215 3339 282 3396 et
307 3333 691 3412 Sophoclem
716 3334 933 3395 aedere
965 3333 1215 3413 paranti
1243 3332 1422 3410 dixit,
1455 3334 1471 3364 ‘
1490 3332 1673 3408 Caue,
1707 3350 1855 3393 caue
1878 3332 1997 3392 hoc
2034 3332 2244 3409 facias,
2270 3354 2352 3395 ne
2391 3334 2639 3395 barbari

217 3434 360 3496 istis
398 3432 603 3495 adiuti
645 3432 815 3493 domi
854 3435 1155 3494 maneant
1195 3434 1260 3493 et
1300 3430 1621 3509 pauciores
1662 3429 1732 3490 in
1774 3428 2031 3491 Italiam
2056 3431 2415 3492 ventitant)
2496 3432 2636 3495 Iam

218 3532 385 3595 nihil
426 3535 565 3592 tam
610 3528 853 3591 humile
897 3531 1023 3592 fuit
1076 3551 1200 3609 quo
1254 3532 1471 3592 tantus
1522 3527 1624 3590 vir
1668 3527 2099 3589 studiosorum
2147 3529 2349 3606 gratia
2393 3549 2462 3591 se
2507 3549 2637 3592 non
2656 3553 2755 3606 420

220 3631 605 3691 demitteret.
691 3628 903 3690 Etiam
942 3629 1155 3708 ipsum
1194 3627 1451 3691 Catonis
1490 3644 1745 3688 carmen
1786 3625 1962 3686 iuxta
2003 3626 2268 3689 titulum
2310 3628 2638 3688 emendare

218 3734 284 3791 et
327 3727 731 3805 interpretari
770 3727 1064 3806 dignatus
1102 3729 1213 3803 est,
1252 3729 1324 3786 vt
1364 3744 1480 3787 nec
1522 3725 1593 3785 in
1638 3723 1886 3802 magnis
1927 3742 2041 3783 nec
2085 3724 2156 3785 in
2195 3724 2463 3787 minutis
2503 3726 2640 3786 eius

219 3845 411 3906 opera
480 3824 951 3887 desideraretur.
1061 3824 1241 3888 Adeo
1294 3823 1405 3887 vix
1470 3820 1737 3901 proferri
1790 3824 1976 3900 queat
2029 3821 2138 3900 qui
2190 3842 2356 3884 vnus
2409 3823 2638 3886 studiis

219 3923 665 3986 communibus
702 3924 850 4001 plus
889 3924 1211 4002 profuerit.

297 4023 517 4085 Habet
547 4021 802 4101 quidem
822 4022 1031 4084 Gallia
1055 4022 1385 4084 Budaeum
1409 4018 1761 4098 principem
1788 4018 2126 4093 literarum,
2149 4037 2337 4098 quem
2369 4016 2641 4079 libenter
2661 4043 2721 4094 4²
2728 4044 2757 4095 5

222 4125 534 4202 opponam
618 4120 728 4198 qui
787 4139 983 4198 quum
1043 4117 1581 4182 abstrusissimam
1640 4115 1733 4176 rei
1794 4115 2203 4192 nummariae,
2261 4136 2416 4195 quae
2471 4115 2637 4194 apud

222 4225 459 4283 veteres
497 4218 640 4292 fuit,
672 4218 999 4279 materiam
1041 4217 1283 4296 primus
1323 4214 1686 4278 doctissime
1728 4215 2275 4293 copiosissimeque
2315 4214 2634 4294 explicuit,

224 4322 361 4380 tum
438 4317 686 4396 priscas
772 4315 1069 4394 loquendi
1142 4313 1450 4377 formulas
1527 4312 2091 4375 iureconsultorum
2174 4313 2637 4392 elegantissime

224 4415 520 4492 edisserit,
580 4413 862 4475 maxima
915 4414 1108 4493 (quod
1161 4414 1378 4493 negari
1429 4432 1561 4474 non
1614 4411 1849 4492 potest)
1903 4411 2174 4473 nationis
2229 4431 2378 4473 suae
2439 4410 2639 4488 gloria

226 4516 439 4577 aeditis
463 4516 536 4577 in
564 4513 920 4575 Pandectas
957 4510 1503 4574 annotationibus:
1557 4510 1825 4590 denique
1865 4510 2350 4572 commentarios
2385 4509 2639 4586 linguae
2660 4530 2760 4583 430

230 4617 486 4676 Graecae
543 4610 932 4690 conscripsit,
982 4611 1209 4691 quibus
1256 4609 1424 4671 nihil
1469 4608 1691 4672 vtilius
1738 4609 2112 4671 Graecitatis
2163 4607 2445 4669 studioso
2499 4626 2638 4668 con·

1403 4733 1442 4775 r
1483 4735 1525 4778 2
