3355 5380
653 382 770 438 394
1350 376 1728 439 LETTERS
1781 377 1889 438 OF
1944 374 2340 450 ERASMUS
2863 369 2921 454 [¹
2936 389 3054 448 503

649 532 994 597 Oonciliaui
1037 532 1215 609 mihi,
1260 532 1364 595 vel
1407 534 1619 612 potius
1658 554 1728 595 se
1770 533 1935 595 mihi
1973 532 2335 596 conciliauit
2376 532 2812 609 Hieronymus
2853 529 3059 591 Busli-

650 633 870 709 danus,
924 631 1396 694 archidiaconus
1449 633 1923 707 Cameracensis,
1983 632 2177 694 frater
2230 630 2538 710 Episcopi,
2581 632 2682 693 vir
2733 628 3060 707 vtriusque

649 732 906 810 linguae
958 730 1454 793 callentissimus.
1544 730 1613 792 Is
1657 731 1925 800 subinde
1980 730 2226 792 dictitat
2268 750 2374 798 me
2419 730 2815 798 fortunatum
2862 727 3062 789 fuisse

649 829 951 905 futurum,
993 830 1051 890 si
1085 828 1185 890 vir
1219 828 1326 890 ille
1361 831 1627 891 redisset
1659 829 2041 905 incolumis;
2084 847 2226 907 spes
2261 832 2426 889 certe
2458 827 2621 888 mihi
2653 827 2866 888 omnis
2891 827 2962 886 in
2985 845 3062 886 eo

564 947 584 984 x
596 951 624 1001 5
650 928 789 998 viro
815 928 939 990 sita
965 928 1185 990 fuerat.

731 1026 980 1089 Donaui
1034 1026 1134 1096 illi
1185 1025 1504 1105 Apologos
1559 1030 1702 1094 tuos
1755 1045 1903 1090 cum
1949 1025 2214 1104 epistola
2260 1023 2602 1092 laudatrice
2647 1022 2888 1102 ingenii
2935 1042 3067 1088 mo·

650 1144 916 1203 rumque
943 1128 1213 1186 tuorum.
1300 1124 1517 1203 Neque
1544 1124 1718 1186 enim
1747 1124 1967 1185 desino
1992 1124 2228 1203 passim
2254 1123 2419 1201 apud
2450 1122 2682 1185 amicos
2702 1121 3067 1200 praedicare

651 1222 1044 1286 Gulielmum
1076 1243 1290 1284 meum
1317 1247 1333 1299 ;
1375 1242 1734 1303 quanquam
1774 1224 1904 1284 iam
1946 1222 2192 1302 pridem
2232 1222 2416 1283 video
2455 1224 2520 1281 te
2560 1220 2758 1299 gloria
2798 1219 3067 1281 Hollan-

649 1321 786 1382 dica
811 1323 1197 1383 contentum.
1282 1321 1422 1384 Iam
1457 1322 1632 1382 enim
1666 1324 1764 1388 tot
1801 1340 2004 1383 annos
2028 1340 2209 1383 verso
2245 1321 2316 1388 in
2348 1320 2571 1395 Gallia,
2604 1317 2675 1378 in
2702 1318 2958 1395 Angue,
2990 1319 3066 1378 in

562 1440 626 1477 ao
649 1420 915 1494 Artenia,
963 1419 1035 1480 in
1079 1420 1437 1497 Brabantia,
1485 1440 1688 1498 neque
1734 1423 1805 1481 tu
1849 1439 2128 1497 vnquam
2170 1418 2511 1498 quidquam
2552 1415 3067 1479 lucubrationum

649 1518 899 1576 tuarum
937 1513 1187 1588 misisti,
1217 1517 1290 1575 vt
1321 1514 1611 1587 idoneam
1648 1513 1944 1574 haberem
1983 1513 2367 1574 occasionem
2394 1511 2792 1591 praedicandi
2820 1509 3070 1586 ingenii

648 1614 784 1685 tui;
840 1632 969 1673 non
996 1612 1222 1673 saltem
1255 1612 1483 1674 scribis
1512 1612 1844 1691 epistolam
1873 1631 2063 1691 quam
2092 1612 2292 1672 doctis
2314 1614 2626 1674 ostentem
2656 1608 2893 1671 amicis.
2978 1610 3069 1669 Et

649 1715 864 1773 tamen
909 1711 980 1772 in
1025 1709 1181 1770 Odis
1224 1711 1597 1788 perspexisti
1642 1709 1974 1771 candorem
2021 1709 2221 1774 animi
2269 1708 2436 1784 mei;
2475 1707 2725 1770 etiamsi
2771 1726 2876 1767 me
2923 1727 3071 1766 con·

648 1809 876 1870 temnit
904 1807 1260 1882 Hollandia‚
1295 1809 1399 1869 hic
1425 1813 1590 1871 certe
1617 1829 1750 1871 non
1775 1827 2220 1887 vsquequaque
2245 1809 2628 1882 contemnor,
2662 1825 2866 1884 neque
2898 1806 3072 1866 inter

563 1933 621 1983 ²5
648 1910 990 1986 magnates,
1032 1927 1234 1984 neque
1271 1906 1440 1968 inter
1475 1906 1816 1986 religiosos,
1851 1926 2055 1985 neque
2088 1906 2257 1966 inter
2294 1905 2587 1979 eruditos.
2675 1905 2775 1967 Tu
2802 1905 3070 1966 fortasse

648 2008 775 2066 iam
812 2006 994 2078 dices,
1026 2005 1275 2066 abunde
1310 2007 1409 2066 sat
1445 2005 1667 2082 famae,
1698 2006 1886 2066 modo
1922 2004 2277 2084 plusculum
2316 2003 2423 2065 rei.
2513 2003 2647 2081 Ego
2672 2023 2825 2064 vero
2853 2004 2925 2064 in
2947 2003 3072 2064 hoc

646 2107 782 2165 toto
820 2102 1035 2164 animo
1076 2103 1189 2164 abs
1232 2105 1298 2164 te
1342 2103 1663 2181 dissentio,
1709 2123 2069 2184 quanquam
2121 2123 2250 2164 non
2303 2122 2442 2164 raro
2491 2102 2939 2179 compendium
2989 2124 3069 2163 ex

647 2203 817 2264 fama
844 2200 1138 2264 nascitur.
1227 2201 1367 2263 Hac
1389 2203 1465 2264 de
1485 2223 1553 2263 re
1581 2221 2026 2282 saepenumero
2054 2220 2197 2262 sum
2224 2201 2583 2274 admiratus,
2609 2201 2702 2261 mi
2723 2200 3068 2278 Gulielme,

647 2303 830 2361 tuum
859 2298 1259 2375 institutum3
1301 2299 1410 2360 sed
1438 2300 1615 2360 nolui
1644 2300 1876 2364 crebris
1908 2299 2327 2362 hortamentis
2353 2299 2606 2371 odiosus
2633 2319 2769 2360 esse
2795 2300 3071 2362 amiculo

560 2422 625 2473 30
647 2396 1118 2459 indissociabili.
1199 2395 1529 2458 Coniector
1554 2400 1764 2458 autem
1791 2401 1857 2459 te
1882 2398 2163 2459 fortassis
2205 2397 2415 2458 studio
2460 2396 2605 2476 (te)
2649 2396 3001 2460 subducere
3034 2419 3075 2459 a

647 2495 1070 2557 familiaritate
1097 2498 1329 2571 nostra,
1353 2514 1434 2556 ne
1464 2499 1526 2556 et
1553 2496 1622 2557 in
1651 2496 1926 2558 inuidiae
1942 2496 2454 2558 communionem
2482 2495 2734 2556 voceris.
2807 2495 2984 2571 Quae
3015 2498 3076 2556 si

650 2612 756 2656 me
782 2592 1137 2654 coniectura
1161 2612 1291 2654 non
1317 2592 1501 2668 fallit,
1524 2593 1619 2654 nil
1644 2614 1860 2655 moror
1886 2614 2076 2673 quam
2105 2594 2371 2655 officiose
2399 2595 2571 2656 istud
2590 2594 2790 2667 faciaS,
2811 2593 2917 2671 qui
2948 2614 3076 2671 pro

649 2692 850 2754 amico
876 2692 1325 2769 vetustissimo,
1358 2694 1609 2754 aemulo
1637 2695 1992 2756 studiorum
2020 2694 2123 2772 (ne
2150 2693 2302 2773 quid
2331 2694 2557 2755 addam
2592 2693 2908 2773 amplius),
2936 2713 3077 2756 non

651 2790 960 2853 sustineas
1019 2790 1471 2852 cucullatorum
1533 2791 1773 2870 aliquot
1832 2792 2330 2861 homuncionum
2386 2796 2497 2854 aut
2555 2793 3079 2854 muliercularum

565 2910 626 2962 35
653 2890 1104 2952 blateramenta
1129 2892 1570 2967 contemnere;
1613 2911 1786 2969 quos,
1819 2891 1877 2952 si
1903 2890 2143 2971 ingenii
2176 2889 2613 2971 doctrinaeque
2650 2894 2798 2952 tuae
2833 2893 3078 2971 magni·

653 2987 942 3049 tudinem
989 2988 1299 3068 respicias,
1354 3009 1481 3050 non
1536 2990 1738 3067 pluris
1792 2990 1988 3051 facere
2043 2992 2321 3069 oporteat
2379 3010 2565 3069 qnam
2621 3010 2907 3051 muscam
2956 2991 3078 3051 ele·

655 3087 946 3165 phantus.
1036 3086 1171 3148 Isto
1216 3090 1379 3148 certe
1421 3091 1595 3149 metu
1642 3091 1950 3167 quantum
1996 3088 2132 3166 ipse
2175 3086 2297 3148 tibi
2341 3087 2841 3161 incommodaris,
2885 3109 3076 3150 nemo

660 3205 762 3246 me
788 3185 1018 3246 melius
1045 3204 1228 3247 nosse
1255 3189 1480 3264 potest.

741 3283 865 3345 Sed
894 3283 1086 3344 missa
1117 3282 1283 3345 haec.
1372 3284 1621 3362 Hospes
1657 3303 1836 3345 meus
1870 3284 2188 3346 Iohannes
2216 3285 2593 3360 Paludanus,
2629 3285 2847 3347 rethor
2881 3287 3078 3347 huius

571 3397 637 3449 40
662 3380 934 3457 Scholae,
995 3382 1094 3442 vir
1148 3382 1472 3462 vtriusque
1536 3383 1788 3460 linguae
1851 3383 2107 3459 peritus,
2168 3384 2607 3444 ardentissime
2671 3385 3079 3461 exspectabat

663 3479 1006 3540 aduentum
1062 3483 1244 3541 tuum
1270 3503 1287 3557 ;
1350 3502 1539 3561 quem
1608 3482 1804 3543 miror
1866 3502 1980 3543 cur
2043 3481 2424 3559 promissum
2492 3500 2620 3544 non
2691 3482 3075 3544 exhibueris.

666 3576 980 3639 Dominus
1047 3578 1449 3658 Praepositus
1514 3581 1915 3657 Traiectinus‚
1972 3580 2220 3641 vicinus
2282 3581 2512 3656 noster,
2581 3580 2951 3659 frqunter
3011 3587 3085 3643 et

743 3783 817 3817 ιι.
859 3768 1231 3830 Hieronymus
1307 3769 1665 3835 Buslidanus]
1734 3771 1816 3822 Cf.
1919 3771 2138 3821 Badius·
2178 3769 2385 3820 edition
2436 3770 2498 3821 of
2544 3770 2642 3820 the
2686 3775 3083 3835 Epion-ammata,

674 3835 807 3897 Epp.
835 3848 926 3896 157
950 3833 1059 3883 and
1083 3848 1195 3896 205.
1262 3835 1368 3884 His
1390 3850 1549 3885 name
1570 3837 1701 3886 does
1723 3840 1817 3887 not
1917 3838 1952 3885 8
1972 3837 2094 3886 Jan.
2125 3850 2267 3897 1507.

675 3914 833 3949 occur
853 3900 913 3948 in
932 3899 1027 3948 the
1049 3898 1146 3949 list
1171 3900 1545 3967 (incomplete)
1565 3903 1726 3964 given
1749 3903 1822 3964 by
1989 3918 2063 3963 17.
2100 3901 2435 3965 praedicare]
2454 3903 2501 3949 A
2524 3900 2805 3964 flattering
2820 3905 3085 3953 mention

677 3965 891 4027 Leglay‚
919 3968 1218 4015 (lamet-acum
1253 3970 1588 4029 mancianum,
1617 3983 1667 4030 p.
1704 3969 1817 4030 387,
1920 3968 1979 4017 of
1992 3967 2237 4018 Herman
2259 3981 2443 4016 occurs
2464 3968 2526 4016 in
2547 3965 2646 4016 the
2662 3969 3069 4031 WQLB

679 4032 761 4081 for
787 4031 880 4079 the
901 4030 1319 4094 Archdeaconry
1341 4032 1402 4080 of
1417 4032 1683 4096 cambray
1689 4033 1821 4095 ‚the
1921 4034 1991 4084 iv.
2019 4047 2117 4096 512
2132 4047 2180 4082 n.

679 4110 863 4146 semor
877 4111 937 4144 m
959 4096 1056 4145 the
1078 4096 1301 4147 diocese.
1352 4098 1407 4146 It
1431 4098 1524 4147 fell
1542 4100 1737 4147 vacant
1758 4100 1821 4148 in
1985 4114 2065 4160 23.
2099 4096 2253 4160 Odis]
2277 4098 2375 4145 See
2400 4097 2496 4160 Ep.
2520 4112 2600 4159 ⁴9-

684 4177 825 4225 ¹50¹·
896 4162 981 4211 He
1014 4162 1122 4211 had
1156 4162 1414 4227 recently‚
1446 4177 1504 4223 13
1531 4164 1646 4213 Oct.
1673 4177 1819 4227 1503,
1984 4179 2063 4225 39.
2104 4162 2440 4227 Paludanus]
2466 4163 2562 4211 See
2588 4164 2682 4226 Ep.
2715 4166 2828 4216 180.

678 4230 896 4277 become
934 4227 1296 4278 Archdeacon·
1318 4230 1378 4279 of
1408 4228 1651 4277 Brussels
1690 4228 1819 4291 also,
1985 4245 2064 4289 42.
2105 4228 2446 4291 Praepositus
2485 4228 2854 4295 ‘l’raiectinusj
2904 4232 3097 4281 Phili·

681 4293 895 4357 Leglay‚
924 4308 974 4357 p.
1011 4295 1125 4355 388.
1192 4295 1297 4343 For
1326 4295 1416 4343 his
1449 4296 1736 4357 patronage
1769 4265 1830 4343 οἱ
1921 4293 2040 4342 bert
2074 4294 2299 4343 Naturel
2335 4296 2394 4358 (†
2411 4306 2476 4343 ω
2504 4294 2641 4356 July
2680 4296 2853 4359 1529),
2889 4297 2953 4346 of
2981 4299 3099 4348 the

683 4362 938 4411 Erasmus
959 4362 1016 4409 at
1039 4361 1152 4409 this
1175 4360 1308 4409 time
1330 4374 1417 4408 see
1436 4359 1603 4409 Lond.
1621 4360 1751 4408 xvii.
1771 4375 1820 4423 3,
1923 4359 2281 4422 Burgundian
2311 4360 2507 4423 family
2527 4361 2587 4409 of
2615 4360 2810 4411 Plaine
2838 4363 2965 4426 (Ep.
2994 4368 3092 4425 76.

680 4425 786 4478 LB.
808 4427 921 4475 602.
1923 4439 1989 4486 43
2011 4440 2048 4474 ιι
2054 4426 2127 4490 .;)
2160 4440 2193 4474 a
2213 4426 2455 4475 member
2472 4425 2534 4475 of
2547 4425 2643 4475 the
2660 4426 2830 4489 Privy
2847 4429 3094 4480 Gonnoi]

750 4493 824 4542 16.
849 4489 1137 4554 Apologos]
1156 4490 1254 4539 See
1273 4490 1369 4551 Ep.
1395 4505 1502 4552 172.
1526 4505 1600 4540 ιη.
1647 4491 1703 4541 It
1714 4505 1826 4541 was
1924 4492 1986 4540 oi
2012 4492 2109 4541 the
2143 4490 2526 4554 Netherlandu,
2567 4492 2992 4553 1484·Promst
3030 4498 3107 4546 of

682 4556 944 4618 probably
975 4556 1061 4606 for
1097 4556 1208 4605 this
1246 4555 1383 4604 book
1418 4556 1539 4604 that
1571 4556 1825 4606 Erasmus
1924 4557 2020 4605 the
2038 4556 2329 4606 Cathedrnl
2354 4560 2411 4606 at
2427 4557 2675 4612 Utrecht.
2697 4571 2755 4611 ιι
2772 4557 2905 4609 Feb
2926 4575 3101 4623 1500;

681 4624 842 4673 wrote
878 4622 974 4670 the
1013 4622 1254 4685 epigram
1294 4620 1392 4669 ‘In
1429 4622 1607 4670 fronte
1649 4623 1824 4672 libelli
1921 4622 2245 4672 chancellor
2256 4622 2633 4672 oftheGolden
2644 4622 2849 4681 Fleece,
2863 4625 3093 4686 soNov.

681 4684 930 4736 Buslidio
952 4686 1093 4736 dono
1123 4686 1294 4749 missi,
1298 4683 1517 4737 'which
1549 4703 1734 4739 occurs
1763 4690 1823 4737 in
1928 4702 2071 4751 1504.
2127 4688 2214 4738 He
2231 4688 2550 4752 discharged
2565 4702 2736 4751 many
2748 4692 3105 4755 embassiesg
