3355 5380
615 400 733 463 228
1322 396 1702 460 LETTERS
1743 394 1852 458 OF
1892 394 2289 458 ERASMUS
2830 390 3019 475 [¹499

610 557 747 620 illic
789 576 890 618 me
938 556 1224 636 opperiri.
1328 556 1531 632 Quare
1570 549 2033 633 properandum
2072 552 2236 614 mihi
2276 570 2516 627 censeo,
2563 570 2641 612 ne
2687 549 2822 611 tam
2870 551 3022 611 certi

611 656 948 717 comitatus
984 653 1398 716 commoditas
1433 655 1870 731 praetereatur.
1963 650 2141 712 Nihil
2176 652 2273 711 est
2309 650 2474 729 quod
2511 651 2575 709 te
2610 645 3020 721 admoneam3

612 757 677 815 et
712 758 890 815 tuam
929 751 1103 814 enim
1139 752 1325 812 rebus
1360 751 1430 811 in
1467 751 1629 812 meis
1661 748 2060 828 diligentiam
2090 748 2258 824 noui,
2291 753 2356 809 et
2388 749 2566 808 tanta
2589 750 2686 807 est
2723 744 3023 806 liberalis·

612 852 807 913 simae
863 850 1170 912 Dominae
1225 849 1295 910 in
1351 869 1453 910 me
1507 847 1882 928 benignitas,
1939 850 2013 908 vt
2065 847 2256 908 rubor
2308 846 2473 906 mihi
2526 845 2711 923 plane
2764 844 3021 923 quidam

526 974 553 1013 ο
560 977 587 1027 5
614 950 949 1025 oboriatur,
976 969 1121 1010 cum
1149 947 1362 1027 animo
1390 950 1612 1025 reputo
1637 948 1815 1008 tanta
1839 966 1943 1006 me
1970 946 2048 1007 ab
2074 966 2148 1006 ea
2176 944 2585 1006 beneficentia
2608 939 3018 1014 cumulatum,

614 1050 691 1110 de
746 1069 870 1126 qua
915 1047 1081 1108 nihil
1133 1065 1407 1124 vnquam
1456 1044 1580 1106 sim
1628 1043 1911 1105 meritus.
1999 1043 2122 1105 Sed
2168 1062 2384 1104 meum
2430 1041 2553 1102 erit
2597 1039 2791 1101 etiam
2837 1040 3024 1116 atque

612 1147 803 1208 etiam
843 1146 1129 1224 cogitare,
1161 1146 1235 1205 vt
1281 1163 1408 1204 non
1454 1162 1710 1221 prorsus
1755 1144 1991 1221 perisse
2034 1142 2104 1202 in
2146 1140 2331 1202 nobis
2369 1140 2546 1201 illius
2585 1137 2888 1199 beneficia
2928 1136 3027 1196 de·

613 1244 935 1305 claremus.
1023 1241 1338 1304 Reuolabo
1362 1241 1574 1302 isthuc
1599 1260 1788 1318 quam
1820 1241 2115 1318 primum,
2149 1239 2207 1300 si
2236 1239 2444 1317 superi
2476 1238 2705 1299 sinent.
2795 1234 3026 1294 Precor

612 1345 687 1403 vt
721 1362 836 1403 vos
871 1360 1093 1402 omnes
1127 1340 1472 1402 incolumes
1509 1342 1574 1400 et
1606 1341 1769 1400 recte
1802 1339 2087 1400 valentes
2113 1338 2443 1413 offendam,
2472 1336 2650 1397 illam
2678 1334 2748 1394 in
2775 1331 3016 1410 primis,

527 1467 591 1515 30
615 1439 779 1499 vnde
807 1441 1090 1499 nostrum
1119 1439 1444 1516 vtriusque
1470 1457 1615 1515 spes
1640 1436 1928 1515 salusque
1956 1439 2088 1497 tota
2112 1437 2359 1514 pendet.

696 1536 837 1597 Non
878 1536 1066 1598 debes
1107 1536 1593 1596 tumultuarium
1635 1536 1852 1597 mirari
1891 1535 2345 1609 characterem;
2400 1533 2620 1612 scripsi
2659 1532 2833 1593 enim
2871 1529 3024 1589 haec

613 1636 683 1695 in
722 1635 869 1695 naui
904 1635 1034 1695 iam
1066 1634 1406 1708 soluturus,
1437 1633 1731 1695 omnibus
1756 1632 2035 1711 vndique
2062 1653 2290 1710 magno
2317 1634 2561 1710 fragore
2588 1626 3025 1707 perstrepenti-

612 1734 748 1794 bus.
837 1733 1012 1793 Bene
1039 1732 1193 1792 vale.

696 1831 931 1892 Filium
985 1830 1248 1890 herilem
1294 1829 1555 1889 amabili
1608 1829 1821 1891 indole
1875 1850 2140 1908 puerum
2186 1850 2313 1892 vna
2358 1849 2502 1889 cum
2553 1846 2763 1888 sorore
2808 1822 3026 1884 fratris

528 1955 590 2006 35
613 1930 713 1990 sui
753 1929 1090 2006 matrisque
1129 1927 1458 1989 simillima
1486 1931 1653 1988 recte
1688 1927 1896 1989 valere
1926 1948 2158 2006 precor.
2246 1929 2611 1990 Familiares
2646 1930 2788 1986 tuos
2827 1923 3027 1984 nomi·

614 2028 816 2087 natim
844 2046 985 2087 meo
1012 2027 1271 2086 nomine
1297 2027 1540 2087 saluere
1569 2025 1827 2088 iubebis.

698 2125 795 2184 Ex
822 2124 1231 2202 Antuuerpia.
1318 2124 1516 2202 pridie
1546 2124 1701 2184 Idus
1728 2122 2112 2186 Februarias.
2198 2127 2393 2186 Anno
2421 2139 2887 2187 11.ccoc.xcv111.

746 2394 849 2457 952.
943 2393 1149 2457 Fnom
1200 2390 1545 2457 WILLIAM
1591 2391 1912 2457 HERMAN
1956 2410 2042 2458 ‘ro
2091 2392 2494 2459 Sanum-ms
2539 2393 2883 2458 Roonnvs.

686 2529 795 2585 LB.
822 2529 969 2599 App.
997 2544 1119 2599 491.
2526 2530 2742 2603 (Steyn
2762 2529 2828 2603 5³>

2410 2618 2730 2692 <February
2760 2614 2950 2689 1499.)

685 2740 822 2804 [The
859 2740 985 2789 date
1022 2740 1071 2788 is
1104 2741 1265 2803 given
1307 2741 1379 2802 by
1417 2739 1689 2789 Erasmus·
1713 2741 1845 2790 visit
1882 2745 1940 2790 to
1984 2741 2192 2803 Steyn3
2222 2741 2406 2790 which
2443 2742 2582 2790 from
2620 2742 2714 2790 the
2748 2741 3027 2789 reference

619 2809 676 2854 to
700 2806 889 2854 Easter
911 2807 958 2854 is
980 2809 1038 2855 to
1061 2808 1125 2855 be
1147 2805 1475 2855 understood
1501 2806 1561 2853 of
1578 2806 1673 2854 the
1691 2805 1929 2867 journey
1951 2807 2011 2856 in
2033 2808 2305 2869 February
2334 2822 2462 2869 ¹499
2484 2807 2641 2870 (Epp.
2660 2808 2814 2868 87-9)
2840 2805 3030 2854 rather

619 2871 757 2921 than
780 2872 839 2919 or
857 2871 981 2921 that
1004 2872 1064 2920 in
1088 2871 1183 2921 the
1204 2886 1445 2920 summer
1467 2871 1526 2918 of
1548 2873 1673 2934 1498
1699 2872 1818 2936 (Ep.
1848 2874 1953 2936 76).
1999 2872 2113 2921 The
2137 2887 2366 2921 manner
2388 2874 2449 2920 in
2472 2873 2655 2921 which
2680 2873 2774 2921 the
2799 2870 3026 2919 faithful

619 2938 749 2987 Batt
771 2937 819 2985 is
843 2937 1048 2999 spoken
1071 2938 1195 2985 osis
1219 2936 1562 3000 noticeable.]

1193 3067 1626 3116 GVILIELMVS
1671 3068 2018 3117 SERVATIO
2065 3069 2340 3117 ROGEBO
2385 3070 2437 3118 8.

702 3174 876 3249 QvAs
912 3174 1049 3233 heri
1082 3175 1191 3234 abs
1223 3177 1286 3234 te
1324 3172 1529 3250 accepi
1566 3173 1825 3249 litteras,
1861 3174 2215 3235 incredibili
2249 3195 2350 3236 me
2387 3176 2645 3235 affecere
2681 3175 3024 3252 voluptate.

619 3270 844 3331 Laetor
883 3291 953 3331 ac
994 3272 1392 3348 triumphum
1432 3272 1621 3331 actito
1672 3271 1939 3332 Erasmo
1986 3292 2127 3333 meo
2173 3293 2285 3351 pro
2333 3273 2532 3352 ipsius
2570 3273 2800 3333 virtute
2846 3274 3032 3350 atque

544 3360 551 3364 ’
618 3368 901 3429 doctrina
927 3370 1185 3429 tandem
1214 3369 1585 3446 respondere
1611 3368 1948 3446 fortunam,
1973 3391 2163 3448 quam
2185 3371 2338 3431 dum
2359 3373 2492 3431 toto
2511 3390 2701 3449 prope
2718 3373 3030 3431 terrarum

622 3467 769 3525 orbe
815 3468 1220 3545 persequitur,
1268 3468 1379 3526 vix
1428 3468 1685 3527 tandem
1729 3470 1825 3528 est
1872 3471 2260 3530 consecutus.
2369 3469 2515 3530 Fuit
2570 3469 2673 3528 hic
2728 3468 3034 3528 Erasmus

565 3584 592 3632 5
620 3567 850 3639 noster,
908 3564 1171 3626 fortasse
1226 3565 1417 3642 (quod
1473 3568 1763 3625 auertant
1815 3567 2027 3644 superi
2081 3566 2291 3644 omen)
2343 3571 2732 3645 postremum
2789 3587 2908 3627 nos
2961 3571 3034 3627 vt

617 3663 877 3722 videret.
969 3663 1124 3724 Post
1172 3663 1449 3724 Paschae
1497 3663 1700 3724 iturus
1743 3665 2119 3738 Bononiam,
2169 3664 2382 3743 (quam
2430 3667 2690 3744 longum
2740 3668 2804 3725 et
2852 3665 3037 3744 quale

619 3761 739 3820 iter
759 3762 798 3836 !)
837 3761 966 3821 iam
999 3763 1315 3838 comparat
1349 3761 1668 3824 viaticum.
1757 3762 1828 3824 Si
1863 3761 2022 3823 bene
2056 3763 2352 3841 procedit,
2386 3764 2618 3824 redibit
2655 3784 2798 3824 cum
2834 3764 3036 3841 gradu

619 3878 691 3918 ac
728 3859 1068 3936 triumpho.
1157 3860 1271 3920 Sin
1309 3860 1458 3939 quid
1497 3860 1655 3920 forte
1690 3860 1809 3921 fati
1843 3861 2106 3938 sinistri,
2138 3861 2399 3923 daturus
2435 3866 2531 3923 aet
2568 3862 2751 3923 nobis
2788 3862 3034 3923 luctum

619 3960 957 4034 aeternum,
1007 3957 1171 4018 mihi
1225 3957 1607 4035 praesertim,
1660 3978 1850 4036 quem
1903 3979 2164 4037 semper,
2219 3963 2292 4021 vt
2347 3960 2484 4032 scis,
2543 3961 2688 4021 fecit
2743 3962 3034 4021 omnium
3115 3999 3124 4006 -

534 4080 594 4117 10
616 4054 894 4133 plurimi.

705 4153 930 4214 Noster
983 4153 1249 4215 Iacobus
1302 4155 1532 4215 Battus
1586 4156 1654 4215 in
1712 4155 2125 4217 Hollandiam
2177 4161 2483 4219 venturus
2536 4162 2671 4233 est;
2727 4158 2877 4235 quid
2929 4160 3038 4219 fiet

623 4251 886 4329 ambigo.
995 4252 1323 4312 Caeterum
1368 4251 1644 4312 hominis
1691 4254 2228 4331 magnificentiam
2275 4256 2460 4333 nosti,
2507 4260 2650 4335 aget
2698 4277 2812 4317 suo
2861 4277 3037 4318 more

1081 4401 1161 4448 ⁰1.
1187 4415 1267 4461 27.
1302 4414 1520 4462 prorsus
1540 4404 1656 4449 add.
1681 4404 1745 4449 Π.
1942 4417 2023 4464 34.
2059 4402 2246 4453 fratris
2268 4407 2383 4453 aad.
2409 4408 2462 4453 F.
2488 4409 2651 4466 corriy.

693 4560 773 4608 92.
796 4561 846 4607 6.
884 4558 1146 4622 Paschae]
1170 4572 1233 4619 31
1256 4557 1386 4607 Mar.
1420 4572 1562 4621 1499.
1880 4560 2012 4609 Batt
2057 4559 2254 4611 should
2299 4563 2425 4611 take
2464 4562 2554 4611 his
2587 4562 2744 4625 pupil
2784 4564 2841 4610 to
2885 4575 3036 4611 some

696 4638 771 4673 11.
809 4623 1190 4687 Hollandiam]
1248 4623 1304 4672 It
1356 4638 1581 4686 appears
1635 4625 1776 4674 from
1878 4624 2060 4674 school
2077 4641 2139 4675 or
2154 4627 2493 4692 University,
2513 4628 2748 4691 perhaps
2761 4627 3042 4677 Deventer

627 4689 721 4751 Ep.
749 4705 832 4753 95.
856 4690 921 4751 46
950 4692 1006 4738 to
1038 4690 1174 4738 have
1208 4689 1343 4738 been
1375 4691 1633 4753 proposed
1657 4691 1780 4740 that
1877 4705 1939 4738 or
1961 4691 2221 4742 Louvain.
2291 4693 2371 4745 Cf.
2395 4693 2528 4755 Epp.
2561 4708 2670 4743 101.
2695 4708 2764 4755 39
2783 4693 2895 4742 and
2922 4693 3042 4754 138.
