3355 5380
629 361 750 430 see
1336 354 1711 418 LETTERS
1765 354 1871 417 or
1927 352 2323 421 ERAsMUs
2835 349 3013 433 [1501

630 514 832 576 multo
856 513 1059 591 magis
1077 531 1078 534 ’
1099 516 1282 574 tuum
1319 511 1516 572 istum
1549 513 1619 572 in
1653 530 1759 572 me
1793 511 2079 572 animum
2113 528 2481 588 summaque
2518 509 2729 584 officis,
2760 529 3026 588 quorum

543 633 607 682 30
628 611 792 690 apud
821 630 924 671 me
952 630 1280 688 nunquam
1307 611 1403 670 est
1428 609 1899 669 intermoritura
1932 608 2251 669 memoria.

712 710 903 784 Haec,
941 709 1031 769 mi
1066 708 1164 783 Β.,
1199 707 1348 767 boni
1384 707 1668 767 consules
1706 707 1774 767 in
1809 706 2192 784 praesentim
2248 705 2358 767 vbi
2401 708 2643 766 certum
2682 726 3031 783 cognouero

629 813 692 870 te
724 809 866 869 istic
902 827 1096 886 egere,
1136 805 1364 867 curabo
1394 808 1466 865 vt
1500 803 1767 866 subinde
1804 803 2053 883 aliquod
2093 804 2446 865 studiorum
2487 824 2772 864 meorum
2815 824 3035 866 monu-

630 909 918 968 mentum
937 904 1016 965 ad
1035 908 1099 964 te
1119 903 1558 982 proficiscatur.
1623 901 1975 980 Epistolam
1993 902 2071 963 ad
2093 901 2392 965 Iacobum
2410 903 2711 963 Tutorem
2730 901 3033 982 scriptam

631 1005 826 1084 velim
853 1023 965 1082 per
983 1004 1225 1063 certum
1252 1000 1578 1062 hominem
1598 1019 1777 1062 cures
1802 999 2126 1061 Aureliam
2154 1000 2603 1082 perferendam.
2676 999 2854 1072 Bene
2874 1000 3035 1066 vale,

541 1124 604 1174 35
633 1133 636 1136 ¹
701 1104 809 1182 ,Ex
869 1120 1011 1164 arce
1073 1098 1394 1162 Tornensi.
1482 1095 1701 1180 [Anno
1765 1097 2105 1162 millesimo
2168 1097 2783 1182 quadringentesimo
2846 1118 3038 1159 nonar

625 1198 1132 1280 gesimooctaum]

1382 1363 1526 1425 159.
1614 1358 1713 1424 To
1758 1359 1987 1426 JAMES
2029 1361 2285 1428 Toron.

707 1450 959 1522 Farrago
982 1467 1038 1521 p.
1065 1450 1194 1518 269.v
2522 1447 2897 1504 Toni-nehem.
3009 1520 3013 1523 .

625 1543 634 1582 ἰ
701 1538 765 1596 -Γ,
793 1557 850 1609 p.
878 1538 1012 1608 386:
1052 1535 1193 1591 HN:
1232 1533 1409 1590 Lond.
1433 1532 1509 1590 ix.
1535 1548 1631 1588 20:
1670 1533 1783 1590 LB.
1811 1548 1892 1605 59.
2475 1535 2578 1608 (18
2604 1536 2740 1606 July
2771 1537 2962 1609 1501.)

631 1664 642 1724 j
699 1659 943 1725 [Plainly'
962 1657 1250 1720 belonging
1283 1657 1340 1704 to
1377 1655 1470 1704 the
1505 1669 1675 1717 group
1710 1654 1769 1704 of
1796 1654 2000 1716 letters,
2028 1656 2161 1721 Epp.
2192 1656 2396 1717 153—61.
2466 1657 2515 1704 A
2539 1657 2959 1719 recapitulation
2981 1654 3041 1708 of

632 1726 730 1789 Ep.
758 1739 864 1788 167·
934 1723 1069 1773 This
1086 1722 1196 1771 and
1219 1721 1317 1782 Ep.
1351 1722 1449 1771 160
1467 1735 1611 1770 vene
1632 1724 1755 1770 sent
1778 1720 2017 1785 through
2036 1721 2119 1771 St.
2144 1722 2344 1783 Omen-3
2376 1721 2445 1773 cf.
2468 1721 2569 1784 Ep.
2598 1722 2740 1786 zon]

1368 1853 1683 1902 ERAsMVS
1728 1853 1979 1901 IACOBO
2024 1853 2300 1903 TVTORI.

632 1960 638 1966 ⁸
714 1979 949 2054 Parnm
986 1995 1174 2057 quam
1202 1976 1318 2037 has
1344 1975 1682 2037 scriberem
1719 1975 1846 2037 iam
1875 1975 2074 2044 alium
2102 1975 2416 2055 quendam
2444 1975 2646 2038 literis
2676 1977 2754 2038 ad
2782 1979 2845 2037 te
2874 1976 3040 2038 datis

633 2096 1074 2149 oneraueram3
1116 2094 1336 2138 verum
1362 2073 1592 2135 certius
1627 2074 2004 2151 existimaui,
2035 2075 2093 2136 si
2129 2074 2279 2153 quid
2313 2075 2473 2138 forte
2504 2075 2759 2142 fortuna
2791 2074 3044 2136 accidis·

632 2178 745 2248 set,
789 2173 1014 2234 alteras
1054 2193 1168 2252 per
1207 2172 1377 2242 hunc
1415 2172 1660 2248 addere,
1702 2192 1829 2236 non
1869 2172 2095 2236 iisdem
2136 2172 2391 2253 quidem
2425 2174 2635 2235 verbis
2674 2174 2785 2235 sed
2818 2175 3039 2235 eodem

633 2272 827 2334 ferme
849 2273 1236 2349 argumento.
1303 2271 1387 2331 In
1408 2270 1752 2338 Hellandia
1770 2270 1916 2349 plus
1933 2270 2425 2353 sesquimensem
2446 2292 2577 2334 non
2596 2271 2734 2334 sine
2760 2272 3040 2336 maximo

580 2396 607 2446 5
633 2356 894 2448 sumptu
919 2369 1373 2444 contriuimus;
1413 2368 1847 2445 contriuimus,
1876 2369 2138 2450 inquam
2160 2393 2176 2443 ς
2215 2369 2383 2434 nihil
2407 2370 2581 2433 enim
2608 2389 2799 2447 aeque
2823 2369 3037 2450 periit.

636 2470 879 2534 Rursus
912 2469 982 2529 in
1015 2467 1310 2530 Selandia
1343 2467 1523 2545 pueri
1560 2468 1689 2529 mei
1724 2468 1983 2532 morbus
2018 2467 2368 2546 complures
2392 2488 2496 2534 me
2524 2469 2659 2533 dies
2688 2469 3037 2549 remoratus

633 2569 749 2644 est,
766 2587 902 2628 non
930 2567 1116 2627 modo
1142 2585 1394 2628 summo
1420 2586 1566 2632 cum
1591 2565 1816 2642 taedio,
1850 2567 2015 2644 quod
2042 2566 2164 2628 alio
2188 2585 2599 2646 properarem,
2622 2565 3037 2646 verumetiam

633 2686 767 2733 ,non
793 2665 1092 2743 mediocri
1119 2663 1392 2744 periculo
1427 2664 1825 2727 valetudinis.
1914 2665 2090 2727 Nihil
2129 2665 2301 2729 enim
2337 2665 2541 2747 adhuc
2567 2685 2641 2736 eo
2668 2664 2835 2731 coelo
2853 2663 3039 2741 sensi

545 2820 549 2825 .
585 2813 596 2816 -
635 2764 917 2844 ‚asperius
975 2783 1235 2843 meoque
1296 2764 1660 2841 corpusculo
1721 2764 2054 2829 inimicius.
2176 2766 2448 2841 Caetera,
2506 2766 2599 2826 mi
2667 2762 3043 2842 suauissimess

551 2889 612 2925 10
635 2864 847 2939 Tutor,
898 2863 990 2931 sic
1045 2866 1391 2924 euenerunt
1443 2864 1515 2923 vt
1565 2862 1816 2925 Erasini
1870 2863 1966 2924 tui
2024 2883 2123 2925 res
2176 2865 2650 2927 consueuerant.
2747 2862 3044 2927 Antiates

636 2960 1100 3041 Cameracensis
1137 2961 1237 3021 sui
1276 2958 1645 3022 simillimus
1683 2963 1797 3023 est.
1890 2961 2163 3024 Veriana
2203 2961 2377 3023 duris
2416 2961 2562 3023 fatis
2600 2960 2922 3038 premitur,
2970 2962 3043 3037 vt

635 3060 1023 3129 subleusnda
1047 3059 1256 3137 potius
1282 3078 1472 3137 quam
1498 3059 1811 3120 oneranda
1836 3059 2137 3122 videatur.

721 3158 905 3219 Nunc
941 3176 1054 3235 ego
1088 3156 1159 3218 in
1186 3155 1361 3243 Batti
1386 3155 1512 3217 mei
1540 3156 1969 3235 complexibus
2000 3161 2063 3218 et
2097 3158 2165 3218 in
2204 3157 2407 3219 literis
2436 3158 2796 3237 acquiesco;
2836 3176 3044 3234 neque

553 3332 560 3342 ⁸
638 3260 851 3324 tamen
895 3254 1155 3316 omnino
1203 3254 1341 3315 sine
1382 3258 1484 3328 te;
1544 3256 1696 3317 adeo
1739 3255 1980 3316 multus
2020 3255 2088 3317 in
2128 3275 2417 3318 sermone
2458 3254 2643 3316 nobis
2684 3258 2779 3315 est
2820 3255 3039 3327 Tutor,

554 3381 574 3415 1
585 3383 613 3433 5
644 3372 844 3429 neque
871 3371 984 3428 ego
1011 3352 1261 3415 fabulor
1287 3353 1621 3432 quicquam
1648 3352 1967 3435 libentius,
2003 3373 2204 3432 neque
2231 3373 2366 3413 rem
2386 3353 2585 3414 vllam
2610 3354 2786 3415 audit
2814 3353 3047 3415 Battus

637 3449 902 3511 auidius
986 3450 1130 3511 Iam
1168 3454 1230 3512 te
1267 3451 1532 3529 deamat,
1562 3453 1693 3513 iam
1728 3451 1921 3528 ardet,
1954 3451 2083 3512 iam
2118 3452 2328 3517 videre
2359 3452 2566 3529 gestit.
2654 3451 2816 3512 Mihi
2843 3451 3045 3528 crede,

639 3549 697 3608 si
747 3546 897 3625 quid
944 3549 1204 3610 omnino
1252 3549 1470 3625 credis,
1515 3553 1767 3613 tantum
1815 3569 1927 3629 ego
1972 3550 2274 3626 fucorum,
2326 3552 2579 3611 tantum
2625 3549 2922 3628 perfidiae
2972 3550 3045 3611 in

639 3645 973 3706 hominum
1020 3648 1317 3708 amicitiis
1364 3650 1617 3726 reperio,
1671 3669 1799 3709 non
1854 3649 1958 3709 his
2005 3649 2193 3710 modo
2240 3647 2619 3725 vulg-aribus,
2670 3668 2891 3708 verum
2939 3648 3047 3708 his

640 3763 888 3831 quoque
916 3764 1070 3823 quas
1097 3745 1406 3823 Pyladeas
1432 3752 1674 3822 vocant,
1708 3750 1780 3808 vt
1808 3747 1968 3807 mihi
1996 3746 2122 3807 iam
2160 3766 2287 3807 non
2323 3747 2512 3807 libeat
2547 3765 2854 3807 nouarum
2889 3749 3051 3824 peri·

556 3873 617 3908 20
644 3840 857 3902 culum
911 3842 1129 3904 facere.
1228 3842 1308 3905 In
1364 3844 1554 3907 Batto
1606 3866 1736 3906 vno
1790 3846 2151 3908 mortalium
2206 3845 2491 3906 omnium
2544 3844 3051 3909 beneuolentism

640 3939 941 4019 perspexi,
972 3940 1067 4001 vti
1091 3960 1433 4018 synceram,
1462 3943 1551 4003 ita
1576 3948 1986 4005 constantem.
2074 3944 2266 4005 Hunc
2292 3964 2406 4024 ego
2443 3945 2719 4005 amicum
2752 3944 3052 4005 fortunae

644 4058 772 4113 non
801 4030 1007 4126 debeo,
1038 4039 1268 4119 quippe
1293 4061 1482 4120 quem
1506 4041 1666 4105 mihi
1694 4041 1899 4104 virtus
1924 4063 2049 4105 vna
2081 4042 2476 4118 conciliauit3
2520 4042 2689 4104 hunc
2725 4042 2883 4103 item
2921 4061 3051 4107 non

640 4156 862 4198 vereor
913 4157 994 4198 ne
1055 4139 1217 4199 mihi
1281 4140 1531 4200 fortuna
1592 4141 1943 4219 praeripiat.
2051 4142 2179 4202 Gur
2235 4141 2411 4201 enim
2472 4140 2773 4201 afflictum
2840 4160 3058 4201 amare

642 4235 905 4312 desinat,
939 4236 1049 4315 qui
1084 4257 1293 4300 amare
1335 4239 1534 4317 coepit
1576 4239 1679 4300 vel
1719 4238 2197 4303 afflictissimum
2217 4241 2251 4301 ’Β
2331 4239 2524 4301 Hunc
2565 4243 2655 4319 tu,
2689 4238 3057 4301 doctissime

553 4361 579 4396 ι
586 4362 613 4412 5
649 4334 888 4411 Iacobe,
923 4336 1445 4414 quemadmodum
1471 4338 1896 4415 praenomine,
1930 4338 2021 4399 ita
2055 4339 2318 4400 candore
2343 4338 2625 4415 miraque
2648 4336 3063 4415 simplicitate

644 4433 855 4495 refers.
960 4433 1183 4513 Itaque
1231 4435 1308 4513 de
1353 4438 1560 4498 vestro
1605 4436 1872 4501 duorum
1917 4437 2129 4498 animo
2175 4436 2379 4505 sentio
2418 4439 2490 4499 vt
2531 4435 2587 4497 si
2628 4433 2821 4514 (quod
2865 4455 3058 4496 omen

711 4582 822 4632 158.
847 4597 930 4643 35.
968 4583 1050 4632 Ex
1084 4598 1205 4633 arce
1226 4620 1242 4636 .
1269 4620 1284 4635 .
1313 4621 1328 4636 .
1351 4585 1888 4649 nonagesimooctauo
1924 4589 2037 4635 add.
2072 4590 2137 4635 Η.
2292 4587 2401 4637 159.
2437 4601 2520 4637 21.
2546 4591 2614 4636 Fz
2656 4601 2953 4649 syncerum
2988 4592 3051 4639 Ε.

642 4646 727 4697 26.
759 4649 1024 4699 sentioE:
1062 4649 1142 4699 ita
1162 4653 1339 4701 sentio
1363 4657 1421 4711 F,
