3355 5380
244 364 430 450 1500]
1089 368 1197 429 'ro
1251 366 1527 428 JAMES
1585 367 1811 429 BATT
2521 369 2633 425 281

234 544 541 587 nummus
577 528 992 603 peruetustus,
1034 526 1136 585 cui
1171 527 1487 603 supererat
1517 524 1683 584 vltra
1723 523 2080 603 legitimum
2120 523 2402 602 pondus;
2457 525 2529 584 vt
2571 524 2640 583 in

235 624 339 685 his
364 623 728 684 decrescunt
753 625 980 684 omnia.

320 721 461 782 Iam
508 721 746 798 iugulis
792 723 1024 782 nostris
1063 724 1378 799 vtcunque
1420 720 1782 781 consultum
1824 723 1971 792 erat,
2016 719 2302 797 nihilque
2341 720 2641 799 agebatur

237 819 364 880 nisi
389 822 462 880 vt
489 819 702 879 lucelli
729 819 964 897 aliquid
1001 839 1112 896 per
1139 819 1521 880 calumniam
1555 819 1933 879 abraderent.
2021 819 2186 878 Tum
2213 817 2373 878 latro
2399 817 2506 880 ille
2534 837 2642 896 spe
2670 840 2761 890 215

235 917 696 997 propemodum
717 918 1053 978 frustratus
1078 937 1205 992 sua,
1231 917 1336 978 vel
1356 917 1519 995 quod
1550 936 1769 993 parum
1793 916 2120 994 magnifice
2140 935 2258 976 nos
2284 918 2645 976 nummatos

239 1015 635 1094 intelligeret,
673 1016 775 1076 vel
821 1016 983 1094 quod
1034 1035 1100 1075 se
1146 1017 1272 1075 iam
1316 1015 1385 1075 in
1430 1017 1665 1075 certam
1709 1014 2127 1092 suspicionem
2171 1013 2354 1074 nobis
2399 1015 2643 1075 venisse

238 1113 480 1174 videret
509 1132 733 1190 meque
761 1113 1055 1173 nonnihil
1082 1115 1274 1173 etiam
1302 1113 1723 1187 minitantem,
1758 1112 2021 1190 denique
2050 1112 2216 1189 quod
2244 1113 2372 1172 iam
2402 1112 2642 1172 multus

241 1215 410 1272 esset
455 1212 599 1286 dies,
647 1231 994 1289 cauponem
1042 1212 1163 1272 sibi
1210 1211 1593 1289 nimisqnam
1637 1210 2012 1272 familiarem
2059 1230 2097 1271 a
2143 1210 2327 1271 nobis
2372 1214 2638 1272 seuocat.

241 1310 580 1384 Quonam?
620 1310 873 1386 inquis;
916 1310 983 1370 in
1025 1310 1376 1371 thalamum
1414 1309 1637 1386 ipsum,
1662 1309 1719 1369 si
1756 1308 1879 1370 diis
1921 1308 2140 1386 placet,
2175 1309 2243 1368 in
2286 1310 2448 1385 quod
2488 1308 2645 1369 latro
2671 1333 2766 1371 220

239 1407 352 1468 ille
385 1407 590 1468 solum
629 1427 696 1468 se
733 1409 1061 1485 receperat.
1149 1407 1309 1467 Vide
1346 1411 1419 1469 vt
1448 1406 1902 1485 propemodum
1938 1407 2025 1467 sit
2050 1407 2216 1466 inter
2249 1407 2419 1468 fures
2456 1426 2644 1484 quam

240 1507 410 1566 inter
433 1505 709 1583 reliquos
736 1505 1030 1566 mortales
1064 1505 1221 1566 fides
1255 1506 1455 1565 maior
1481 1509 1667 1582 atque
1695 1503 2073 1565 humanitas.
2160 1505 2443 1565 Aureum
2480 1505 2648 1567 inter

239 1623 376 1664 sese
407 1605 678 1680 mutant,
709 1624 822 1681 pro
856 1622 1047 1664 coena
1073 1607 1136 1664 et
1168 1605 1344 1682 equis
1376 1604 1653 1663 retinent
1682 1605 1990 1682 quantum
2018 1602 2223 1664 libuit.
2310 1604 2538 1681 Accepi
2570 1623 2599 1661 2
2611 1623 2642 1679 3

240 1702 548 1776 denarios,
578 1702 867 1780 equidem
896 1703 1128 1763 laetus:
1172 1706 1312 1762 tum
1338 1705 1569 1776 mente,
1605 1704 1915 1779 quantum
1943 1721 2082 1762 mea
2108 1702 2232 1761 fert
2257 1701 2643 1780 simplicitas,

242 1799 646 1876 dissimulata,
709 1800 907 1875 ‘Quin
929 1799 945 1824 ’
1002 1801 1262 1877 inquam
1329 1800 1486 1860 ‘iam
1546 1820 1737 1877 equos
1791 1799 2350 1860 conscendimus?’
2432 1799 2648 1859 Stabat
2675 1821 2768 1871 225

239 1897 587 1958 etiamdum
629 1898 874 1959 ociosus
914 1898 1146 1958 locator
1183 1899 1309 1958 ille.
1401 1901 1415 1929 ‘
1434 1898 1594 1972 Quid
1637 1898 1756 1958 tibi
1774 1899 1789 1923 ’
1826 1899 2086 1974 inquam
2119 1897 2220 1957 ‘in
2257 1897 2469 1957 animo
2503 1900 2646 1959 est?

242 1997 373 2056 Cur
400 2016 530 2056 non
556 1996 706 2056 hinc
733 1997 1063 2074 fugimus?
1131 1998 1240 2057 An
1267 1997 1357 2055 ire
1385 2016 1464 2055 ne
1491 2016 1660 2055 nunc
1689 1996 1941 2072 quidem
1969 1998 2226 2074 paratus
2251 1996 2398 2056 es?'
2470 1997 2485 2025 ‘
2505 1993 2647 2055 Non

239 2097 428 2167 sum,’
476 2095 685 2172 inquit
731 2094 890 2154 ‘nisi
931 2095 1288 2155 vniuersam
1337 2113 1651 2154 summam
1701 2093 2084 2153 reddideris?
2169 2096 2184 2125 ⁴
2207 2093 2291 2155 Et
2339 2097 2649 2170 quantum

238 2191 501 2253 tandem
554 2191 843 2269 poscis?’
920 2193 1220 2269 inquam;
1302 2212 1449 2252 nam
1505 2211 1695 2269 supra
1746 2194 2063 2252 scutetum
2124 2195 2255 2252 tres
2316 2192 2394 2252 ad
2464 2191 2648 2253 illum

241 2289 613 2350 duodenarii
651 2290 958 2350 redibant.
1042 2289 1252 2351 Poscit
1285 2289 1829 2367 impudentissime
1865 2293 2177 2367 quantum
2210 2290 2462 2351 libitum
2499 2294 2645 2364 erat,
2678 2307 2773 2357 ²30

241 2392 308 2448 et
337 2391 650 2464 quantum
676 2407 923 2465 poscere
960 2388 1370 2449 conueniebat
1405 2388 2023 2465 impudentissimum
2060 2388 2387 2450 latronem.
2481 2393 2495 2421 ‘
2514 2391 2649 2449 Duc

239 2485 443 2562 igitur
459 2486 475 2510 ’
503 2486 765 2563 inquam
799 2488 918 2546 ‘ita
943 2489 1015 2546 vt
1054 2486 1339 2565 recepisti
1376 2506 1480 2546 me
1508 2486 1797 2560 Parisios,
1827 2490 2012 2563 atque
2045 2486 2175 2546 illic
2212 2489 2452 2548 ratione
2489 2487 2653 2547 inita

242 2583 412 2660 quod
453 2586 643 2643 tuum
674 2585 792 2643 erit
831 2585 1131 2662 accipies'
1208 2585 1299 2644 At
1339 2584 1446 2644 ille
1490 2587 1505 2615 ⁴
1524 2584 1687 2658 Quid
1707 2585 1722 2609 ’
1760 2585 1970 2661 inquit
2012 2587 2026 2615 ‘
2042 2585 2201 2644 mihi
2229 2585 2486 2645 Parisiis
2523 2585 2644 2658 dea

241 2680 356 2760 qui
398 2681 504 2743 hie
542 2681 736 2743 etiam
776 2702 1022 2743 mecum
1063 2703 1306 2761 pugnas
1322 2684 1355 2743 ⁶?
1374 2682 1391 2708 ’
1470 2682 1775 2761 Sapiebat,
1809 2703 1937 2743 non
1975 2702 2193 2761 passus
2230 2686 2326 2744 est
2362 2704 2428 2743 se
2463 2704 2500 2744 a
2537 2704 2650 2744 suo

240 2779 578 2840 latrocinio
615 2781 897 2855 extrahi;
954 2800 1102 2842 nam
1145 2801 1182 2842 a
1223 2802 1325 2842 me
1367 2781 1623 2859 quidem
1665 2782 1789 2842 ista
1829 2781 2239 2858 fingebantur,
2282 2782 2510 2859 quippe
2551 2782 2655 2842 cui
2682 2796 2776 2846 235

241 2877 412 2938 nihil
449 2877 668 2939 minus
706 2879 897 2938 fuerit
938 2879 1007 2938 in
1044 2880 1260 2940 animo
1296 2899 1486 2957 quam
1527 2899 1673 2939 cum
1716 2879 2113 2940 carnificibus
2145 2880 2278 2940 illis
2305 2882 2519 2942 itineri
2551 2901 2652 2941 me

242 2976 656 3037 committere.
744 2976 1074 3055 Paulisper
1119 2978 1378 3052 rixatus,
1428 2997 1573 3039 cum
1621 2977 1730 3038 ille
1779 2978 1941 3037 nihil
1984 2997 2051 3038 se
2094 2981 2529 3051 commoneret,
2576 2979 2654 3039 ad

241 3094 493 3135 sacrum
529 3094 634 3135 me
669 3075 760 3134 ire
792 3075 999 3152 fingo;
1039 3095 1260 3136 verum
1295 3079 1461 3136 recta
1498 3076 1866 3136 transmisso
1903 3075 2165 3136 flumine
2193 3075 2464 3136 Parisios
2492 3079 2651 3153 peto,

243 3192 364 3232 nec
417 3173 594 3250 prius
651 3171 913 3234 latronis
958 3174 1151 3234 sicam
1205 3175 1427 3235 timere
1482 3174 1842 3247 desinimus,
1896 3194 2085 3250 quam
2142 3173 2482 3252 Dionysius
2541 3192 2656 3233 nos

243 3270 583 3332 moenibus
611 3271 744 3332 suis
771 3272 1097 3349 exciperet.
2684 3284 2780 3332 240

327 3368 646 3430 Postridie
693 3370 823 3431 Cal.
891 3369 1260 3430 Februarias
1306 3370 1624 3432 Lutetiam
1679 3370 2096 3448 peruenimus,
2149 3369 2373 3431 itinere
2427 3371 2652 3447 vexati,

245 3467 538 3528 exhausti
572 3468 893 3546 pecuniis;
933 3468 1043 3528 vbi
1071 3488 1216 3529 cum
1244 3469 1405 3529 mihi
1441 3469 1606 3528 nihil
1633 3471 1794 3529 esset
1829 3469 2085 3546 negocii,
2118 3469 2242 3528 nisi
2268 3473 2340 3529 vt
2376 3470 2654 3530 tunicam

244 3584 650 3643 reposcerem,
702 3565 820 3625 hoc
875 3567 1085 3643 ipsum
1137 3586 1361 3644 parum
1414 3566 1774 3643 expeditum
1831 3565 2223 3628 offendimus.
2332 3567 2658 3627 Gallorum

245 3662 733 3724 sanctimoniam
779 3664 997 3741 accipe.
1087 3664 1267 3726 Falco
1311 3664 1634 3725 discedens
1690 3663 1925 3742 scripto
1978 3664 2170 3724 etiam
2224 3664 2647 3737 mandauerat,

245 3764 319 3822 vt
365 3761 533 3822 mihi
577 3780 826 3822 reuerso
867 3762 1062 3823 vestis
1109 3764 1577 3840 quamprimum
1633 3762 2009 3823 redderetur.
2115 3763 2332 3837 Venio,
2383 3782 2651 3840 reposco.
2687 3781 2777 3830 ²45

246 3858 461 3919 Aiunt
483 3858 777 3920 homines
804 3859 899 3919 illi
921 3860 1197 3938 religiosi
1217 3860 1311 3937 (vt
1332 3861 1532 3921 videri
1553 3860 1800 3937 volunt)
1820 3863 2062 3921 vestem
2081 3861 2325 3939 pignori
2346 3862 2658 3936 relictam3

249 3956 306 4017 si
335 3957 629 4018 francum
665 3957 894 4032 darem,
924 3958 1001 4018 ad
1040 3978 1142 4019 me
1186 3959 1531 4020 redituram
1569 3978 1723 4020 esse.
1811 3957 1913 4018 Me
1952 3977 2101 4019 vero
2136 3978 2269 4018 rem
2312 3960 2658 4021 accuratius

315 4126 433 4174 993.
482 4124 547 4172 93
581 4115 654 4159 E:
701 4113 896 4175 viginti
935 4117 1048 4162 tres
1079 4118 1148 4163 Η.
1367 4129 1479 4175 994.
1529 4117 1715 4163 mente
1746 4150 1761 4164 .
1790 4148 1804 4165 .
1833 4150 1846 4163 .
1884 4113 2227 4163 dissimulata
2261 4119 2333 4163 E:
2380 4117 2531 4163 metu
2563 4150 2578 4163 .
2607 4148 2621 4161 .
2643 4149 2656 4160 .

251 4176 596 4226 dissimulato
617 4181 674 4227 F.
907 4181 1021 4228 996.
1057 4178 1360 4229 etiamdum
1383 4182 1430 4227 Ε
1451 4197 1462 4228 z
1498 4182 1665 4228 etiam
1692 4193 1806 4228 non
1828 4183 1894 4228 H.
2142 4194 2255 4241 997.
2291 4194 2440 4229 nunc
2463 4184 2576 4229 ada.
2602 4184 2658 4229 F.

252 4257 364 4303 ²31·
402 4256 621 4306 poscere
643 4247 758 4293 add.
781 4246 846 4292 Η.
1044 4259 1157 4307 934.
1195 4259 1404 4308 pugnas
1424 4250 1500 4294 F:
1534 4259 1742 4308 pugnes
1763 4249 1824 4295 Ε.

268 4350 364 4358 4.-

316 4422 434 4455 919.
470 4422 732 4457 nummus
754 4408 1120 4473 peruetustue]
1142 4410 1257 4459 The
1290 4411 1414 4472 gold
1513 4410 1650 4473 galis
1690 4410 1951 4474 Francus)
1996 4425 2103 4459 was
2147 4412 2435 4474 originally
2483 4410 2661 4459 worth

254 4474 446 4522 ‘scuta
483 4474 701 4523 vetera·
740 4474 920 4522 under
956 4475 1118 4524 Louis
1154 4489 1236 4524 111
1273 4490 1413 4525 were
1514 4490 1580 4523 9ο
1617 4475 1712 4525 sol.
1749 4475 1976 4537 Turon.‚
2013 4478 2111 4525 but
2154 4477 2330 4525 under
2375 4476 2535 4525 Louis
2576 4489 2659 4523 111

243 4537 434 4587 worth
455 4554 523 4600 4ο
542 4540 637 4589 eol.
664 4539 864 4589 Tur-on.
1513 4540 1623 4591 had
1656 4544 1802 4590 risen
1836 4545 1893 4590 to
1915 4557 2014 4603 393
2046 4557 2078 4591 a
2108 4542 2328 4591 smaller
2361 4543 2479 4591 coin
2513 4545 2661 4590 must

318 4619 434 4664 944.
471 4604 655 4670 Falco]
682 4606 781 4654 See
805 4604 898 4667 Ep.
927 4605 1005 4666 87.
1513 4608 1578 4655 be
1614 4607 1876 4656 intended
1912 4608 2056 4656 here.
2128 4607 2206 4657 cf.
2245 4607 2283 4656 1.
2327 4621 2392 4669 52
2416 4621 2468 4655 n.
2488 4622 2501 4665 ;
2552 4606 2662 4656 and

318 4684 432 4731 947.
471 4670 751 4734 francum]
788 4671 901 4719 The
933 4671 1056 4733 gold
1088 4671 1241 4721 franc
1286 4671 1411 4734 <R0-
1513 4673 1611 4735 Ep.
1640 4673 1750 4732 146.
1776 4674 1808 4721 8
1829 4673 1938 4721 and
1962 4687 2042 4735 59.

357 4769 519 4801 mn
1435 4775 1480 4816 u
