3355 5380
255 388 443 471 1500]
894 392 1002 453 ΤΟ
1059 392 1566 456 AUGUSTINE
1621 392 2002 456 VINCENT
2527 402 2643 460 317

248 551 305 610 si
345 548 497 626 quid
539 547 662 610 erit
701 547 1108 626 quamobrem
1156 548 1437 629 hospites
1476 549 1578 611 vel
1626 570 1852 628 parum
1896 552 2254 628 tempestiui
2296 554 2398 615 v'el
2437 555 2654 616 minus

251 646 568 709 commodi
602 646 808 707 futuri
842 646 1188 723 videamur,
1229 648 1388 710 citra
1424 668 1680 711 omnem
1718 648 1933 709 fucum
1975 649 2230 728 aperies,
2260 669 2333 711 ea
2365 652 2656 715 videlicet
2681 668 2743 719 35

251 745 540 807 libertate
583 764 773 823 quam
805 748 983 806 tanta
1020 746 1296 822 postulat
1331 746 1743 809 necessitudo.
1831 747 1964 825 Ego
2007 767 2086 808 ne
2125 747 2254 826 pilo
2296 750 2551 828 quidem
2592 753 2656 811 te

251 845 466 905 minus
505 863 815 905 amauero.
904 842 1008 904 Ita
1046 863 1150 904 me
1190 845 1403 923 superi
1441 863 1661 906 omnes
1702 844 1858 905 bene
1901 848 2135 922 ament,
2180 866 2309 907 non
2357 850 2492 908 tam
2532 848 2653 908 huc

250 945 479 1020 specto,
527 962 652 1019 quo
691 941 964 1001 fortunis
1001 941 1162 1003 meis
1198 943 1573 1022 prospiciam
1613 945 1994 1022 (quanquam
2035 943 2159 1004 huc
2207 964 2490 1022 quoque;
2545 965 2658 1007 cur

250 1039 426 1101 enirn
486 1039 728 1100 inficier
744 1041 799 1116 ¹?)
852 1059 1041 1117 quam
1098 1042 1169 1100 vt
1224 1041 1540 1103 doctrinae
1597 1044 1743 1102 tuae
1805 1061 1962 1118 mea,
2019 1042 2116 1104 vti
2175 1042 2416 1118 scribis,
2473 1063 2658 1122 opera

252 1138 631 1200 deformatae
672 1156 961 1216 suprema
1001 1158 1230 1199 manus
1270 1139 1647 1217 imponatur.
1735 1140 1912 1215 Quod
1950 1140 2006 1199 si
2043 1141 2259 1202 eadem
2296 1141 2418 1202 tibi
2455 1162 2650 1219 mens,
2680 1160 2746 1209 40

252 1237 387 1298 imo
427 1236 483 1296 si
534 1237 789 1298 fortuna
840 1237 1096 1314 patitur,
1148 1240 1220 1297 vt
1267 1237 1516 1316 vtrique
1562 1239 1887 1299 commoda
1939 1241 2153 1300 nostra
2199 1258 2343 1300 cum
2396 1239 2657 1301 alterius

250 1334 692 1397 commoditate
740 1333 1212 1413 coniungamus,
1262 1354 1542 1412 accerse;
1601 1337 1704 1398 sin
1751 1335 1981 1411 minus,
2027 1340 2243 1397 tamen
2284 1337 2403 1398 hoc
2443 1337 2655 1416 ipsum

245 1435 407 1496 scire
425 1433 756 1512 permagni
775 1452 917 1493 mea
935 1433 1143 1508 refert,
1164 1436 1237 1495 vt
1255 1454 1579 1513 properem
1599 1434 1739 1496 aliis
1757 1435 2106 1496 rationibus
2133 1434 2297 1496 mihi
2314 1435 2651 1512 consulere,

244 1532 441 1595 etiam
480 1531 537 1593 si
575 1531 754 1610 prius
792 1531 949 1592 illud
990 1531 1201 1608 potius
1242 1536 1355 1594 est.
1445 1532 1715 1609 Quicum
1755 1532 1929 1593 enim
1970 1532 2218 1611 cupiam
2260 1534 2471 1612 potius
2514 1554 2655 1595 mea

246 1649 685 1693 consummare
732 1629 941 1691 studia
986 1649 1176 1707 quam
1219 1633 1449 1704 tecum,
1499 1650 1692 1709 quem
1734 1651 1849 1708 ego
1897 1630 2177 1709 primum
2225 1629 2407 1692 bonis
2451 1630 2654 1692 literis
2678 1646 2741 1697 45

246 1729 516 1804 initiand,
562 1728 819 1806 quicum
858 1728 936 1789 ad
977 1728 1106 1789 iam
1144 1748 1336 1807 prope
1375 1728 1617 1790 abiecta
1655 1728 1865 1790 studia
1905 1748 2009 1789 me
2048 1729 2354 1804 reuocaui,
2398 1728 2653 1807 quicum

247 1832 347 1889 tot
383 1848 584 1889 annos
618 1825 1125 1888 coniunctissime
1149 1826 1282 1887 vixi
1298 1828 1332 1889 *Ρ
1413 1827 1651 1889 Verum
1687 1827 1744 1888 si
1780 1826 1846 1887 id
1881 1846 2011 1889 non
2047 1829 2223 1904 potes
2251 1827 2415 1906 quod
2443 1827 2559 1901 vis,
2589 1827 2650 1888 id

246 1924 408 1987 velis
432 1926 600 2005 quod
627 1925 845 2004 possis.

331 2026 705 2086 ostentatur
744 2022 953 2084 nescio
996 2041 1151 2101 quae
1194 2022 1445 2100 specula
1486 2022 1562 2084 de
1601 2023 1888 2085 adeunda
1921 2023 2127 2099 Italia,
2159 2026 2220 2083 et
2257 2023 2464 2101 prurit
2501 2041 2653 2084 non·

246 2122 413 2184 nihil
439 2121 732 2198 animus3
778 2141 999 2182 verum
1026 2120 1408 2201 simulatque
1433 2123 1574 2183 tuas
1601 2121 1818 2183 literas
1842 2140 2145 2201 accepero,
2177 2122 2335 2182 meis
2361 2122 2439 2181 de
2468 2121 2653 2182 rebus
2679 2137 2743 2187 50

244 2225 540 2283 statuam.
654 2219 984 2280 Nicolaum
1037 2219 1481 2295 Benseradum,
1540 2219 1650 2297 qui
1704 2239 1825 2295 me,
1881 2222 1954 2281 vt
2006 2219 2243 2295 scribis,
2300 2219 2652 2298 plurimum

245 2319 452 2380 valere
493 2317 680 2397 cupit,
724 2337 838 2396 ego
876 2317 1156 2379 vicissim
1202 2317 1552 2396 plurimum
1599 2317 1839 2379 saluere
1880 2317 2079 2380 iubeO.
2165 2316 2544 2378 Tumultuor
2583 2316 2652 2377 in

245 2437 388 2479 mea
428 2416 636 2495 Copia,
682 2415 790 2478 sed
832 2415 1034 2476 Musis
1072 2416 1297 2493 opinor
1329 2416 1570 2477 inuitis.
1656 2417 1820 2492 Quid
1860 2416 2035 2477 enim
2074 2434 2332 2495 possum
2380 2414 2647 2494 pulchri,

246 2516 549 2578 omnibus
591 2513 776 2576 bonis
817 2512 998 2575 libris
1045 2513 1385 2575 destitutus
1405 2517 1438 2575 *Ρ
1519 2514 1603 2575 Et
1649 2514 1846 2576 altius
1892 2534 2026 2575 sese
2081 2515 2153 2575 in
2200 2532 2447 2576 recessu
2494 2532 2650 2591 opus

244 2614 451 2693 aperit
477 2633 670 2693 quam
706 2613 776 2673 in
811 2612 1097 2690 ingressu
1134 2610 1556 2690 promittebat.
1647 2613 1732 2674 Et
1763 2616 1978 2674 tamen
2014 2610 2254 2688 molior,
2287 2610 2438 2689 quid
2477 2611 2650 2671 enim
2680 2623 2742 2675 55

243 2713 420 2775 aliud
447 2713 670 2790 agam?
746 2711 994 2774 Scilicet
1019 2711 1142 2772 hoc
1166 2729 1284 2790 ago
1312 2731 1408 2786 ne,
1440 2711 1606 2789 quod
1636 2716 1733 2773 est
1760 2711 2219 2790 turpissimum,
2250 2710 2416 2770 nihil
2444 2729 2643 2787 agam.

243 2815 412 2877 Cura
437 2816 509 2873 vt
535 2810 759 2886 valeas,
792 2811 884 2870 mi
910 2809 1290 2886 Augustine,
1322 2829 1563 2889 meque,
1598 2811 1763 2889 quod
1791 2810 1972 2886 soles,
2004 2829 2162 2870 ama.

326 2911 566 2971 Datum
617 2908 915 2969 Aureliae
969 2907 1269 2986 postridie
1322 2908 1744 2987 conceptionis
1791 2908 2055 2987 virginis
2101 2905 2340 2968 matris.
2432 2901 2649 2986 [Auno

242 3028 311 3072 11.
327 3026 494 3071 0000.
505 3001 710 3087 xcxz]

803 3170 949 3235 137.
1039 3169 1139 3235 To
1181 3169 1476 3235 Aaron
1520 3185 1606 3235 or
1649 3169 2103 3235 ansusse.

315 3284 566 3352 Farrago
589 3299 645 3352 p.
678 3296 795 3348 104.
2112 3278 2362 3335 Orleans.

319 3370 382 3425 F.
408 3389 466 3440 p.
495 3371 592 3425 261
616 3360 644 3423 ι’
672 3367 807 3422 HN:
846 3367 1022 3423 Lond.
1048 3385 1097 3421 v.
1131 3371 1225 3424 18:
1263 3366 1374 3422 LB.
1402 3383 1488 3439 99.
1914 3383 1973 3425 11
2003 3365 2316 3424 December
2345 3362 2577 3437 (1500).

307 3473 557 3589 Rzlainly
580 3476 638 3523 at
660 3472 755 3522 the
777 3472 886 3522 end
909 3473 969 3521 of
986 3473 1080 3521 the
1104 3472 1234 3522 visit
1257 3477 1313 3522 to
1333 3473 1571 3522 Orleans.

397 3543 534 3602 tony
559 3538 619 3587 of
645 3538 988 3600 Luxemburg
1013 3552 1125 3586 was
1158 3538 1402 3587 Steward
1436 3539 1497 3588 of
1521 3537 1617 3587 the
1650 3538 1839 3599 Abbey
1872 3538 1933 3586 os
1958 3537 2034 3587 st.
2066 3537 2257 3585 Bertin
2292 3538 2350 3585 at
2384 3535 2464 3584 St.
2485 3534 2648 3584 Omer

241 3606 351 3655 and
375 3606 486 3655 had
507 3607 663 3668 great
684 3604 954 3652 influence
975 3603 1114 3653 with
1137 3604 1233 3653 the
1254 3604 1448 3667 Abbot,
1471 3603 1702 3664 Antony
1724 3603 1784 3652 of
1799 3604 2023 3664 Bergen.
2090 3602 2177 3651 He
2198 3617 2310 3651 was
2330 3598 2649 3650 afterwards

241 3670 430 3721 Canon
453 3670 514 3720 of
529 3669 698 3719 Notre
720 3669 891 3719 Dame
912 3671 969 3717 at
993 3669 1070 3718 St.
1090 3669 1251 3718 Omer
1273 3669 1392 3732 (Ep.
1416 3670 1555 3730 273).
1627 3669 1711 3731 By
1732 3682 1854 3730 1517
1878 3668 1948 3716 he
1969 3681 2141 3716 seems
2161 3670 2219 3716 to
2240 3667 2378 3716 have
2400 3664 2650 3729 resigned

241 3736 332 3786 the
354 3735 735 3797 Stewardship
768 3736 828 3783 of
853 3734 950 3784 the
972 3734 1162 3797 Abbey
1185 3733 1316 3799 (LB.
1340 3735 1479 3798 App.
1509 3735 1600 3795 187
1624 3733 1733 3782 and
1755 3736 1895 3797 309).
1960 3733 2037 3782 At
2069 3733 2184 3782 thia
2214 3733 2349 3781 time
2370 3730 2645 3782 Erasmus’

242 3802 428 3853 letters
450 3806 512 3852 to
534 3800 631 3851 the
654 3800 836 3849 Abbot
856 3815 950 3850 are
972 3799 1191 3861 usually
1212 3803 1334 3849 sent
1355 3800 1595 3862 through
1618 3799 1891 3864 Antony.]

599 3916 914 3963 ERASMVS
957 3915 1268 3964 ANTONIO
1313 3913 1815 3963 LVTZENBVRGO
1859 3913 1984 3961 SVO
2030 3915 2080 3963 S.
2126 3913 2186 3960 P.
2232 3913 2296 3960 D.

318 4025 716 4084 Scamvnvs
773 4040 946 4082 eram
999 4020 1457 4082 humanissimo
1512 4020 1587 4081 D.
1636 4018 1888 4096 Abbati,
1943 4018 2049 4078 sed
2099 4016 2396 4097 quoniam
2443 4035 2648 4094 nuper

238 4120 587 4183 admodum
635 4138 711 4180 ex
760 4118 935 4179 Batti
974 4118 1102 4180 mei
1142 4119 1346 4180 literis
1389 4118 1614 4180 certior
1653 4118 1857 4179 factus
1893 4136 2097 4178 essem
2140 4116 2327 4176 illum
2362 4115 2647 4176 nondum

433 4256 518 4303 39.
554 4241 638 4291 vti
660 4244 736 4290 E:
773 4242 834 4290 vt
852 4244 920 4289 Η.
1115 4256 1196 4302 47.
1238 4240 1296 4290 id
1319 4247 1425 4289 ante
1445 4255 1557 4291 non
1580 4256 1670 4290 om.
1695 4244 1762 4290 H.
1962 4238 2075 4292 1³7.
2098 4253 2141 4289 1.
2178 4238 2242 4287 D.
2265 4253 2363 4286 om.
2384 4240 2448 4285 H.

301 4361 382 4419 4⁶·
421 4356 675 4421 initiaui]
710 4356 790 4408 cf.
816 4356 913 4419 Ep.
943 4356 1053 4418 138.
1076 4372 1156 4417 27.
1554 4371 1638 4419 49.
1680 4353 1870 4419 Italia]
1909 4353 2253 4418 Apparently
2280 4352 2418 4401 with
2462 4350 2647 4400 assist-

367 4422 653 4487 renocaui]
734 4421 998 4484 Probably
1077 4425 1216 4471 aster
1292 4422 1388 4472 the
1490 4436 1624 4471 ance
1645 4420 1789 4469 from
1811 4420 1906 4469 the
1929 4420 2079 4482 Lady
2094 4418 2335 4468 ofVeere
2356 4417 2479 4481 (Ep.
2501 4414 2639 4477 ¹39)-

237 4492 425 4539 return
455 4490 603 4539 from
638 4487 906 4552 England‚
939 4487 1101 4537 when
1132 4486 1391 4537 Erasmus
1489 4487 1604 4537 'l'he
1626 4487 1768 4550 hope
1791 4501 1901 4535 was
1922 4486 2080 4549 again
2103 4484 2219 4533 disa
2259 4481 2498 4545 pointed.

236 4570 410 4604 seems
466 4558 527 4603 to
579 4554 717 4603 have
768 4554 907 4603 been
963 4552 1204 4615 friendly
1249 4553 1389 4602 with
1556 4566 1637 4613 51.
1670 4549 2069 4614 Benseradnm]
2105 4549 2205 4599 See
2220 4497 2325 4610 ΞΡ.
2352 4548 2461 4608 158.

232 4621 564 4684 Augustino.
632 4618 714 4670 Cf.
749 4619 847 4682 Ep.
875 4632 985 4680 119.
1021 4632 1120 4681 ²50
1152 4618 1260 4669 and
1294 4618 1391 4682 Ep.
1558 4631 1637 4679 53.
1676 4616 1867 4682 Copia]
1904 4617 1981 4666 cf.
2004 4617 2099 4677 Ep.
2123 4629 2209 4677 95.
2231 4627 2309 4676 35.

239 4700 331 4749 103
355 4684 564 4736 introd.
1561 4697 1643 4746 54.
1680 4683 1740 4732 in
1764 4681 1991 4745 recessu]
2026 4681 2107 4731 Cf.
2130 4679 2319 4743 Quint.
2350 4691 2393 4728 1.
2415 4692 2463 4737 4.
2492 4691 2538 4726 ο.
