3355 5380
589 387 705 443 408
1281 377 1671 441 'LETTERS
1726 375 1832 441 OF
1888 372 2288 442 ER‘ASMUS
2796 374 2984 461 [1505

583 540 688 618 pio
735 538 1007 618 quodam
1053 535 1254 598 calore
1297 538 1571 616 percitus
1611 535 1862 597 nuUum
1905 534 2198 608 laborem,
2250 536 2497 596 nullam
2546 520 2853 597 recusauit
2899 537 2992 599 in·

588 637 839 711 indiam,
860 621 1048 697 inodo
1069 634 1281 713 paucis
1304 653 1431 694 non
1455 633 1719 712 ingratis
1745 632 2009 710 (omneis
2029 635 2240 694 autem
2260 635 2473 709 gratos
2491 652 2627 695 esse
2648 633 2996 712 oportebat)

586 735 962 798 beneficium
1003 753 1191 795 suum
1236 732 1713 794 commendaret.
1800 733 1892 792 At
1935 751 2105 793 nunc
2146 734 2362 792 nostro
2398 731 2555 794 vitio
2596 731 2672 792 fit
2709 734 2780 792 vt
2820 752 2992 809 prae·

585 838 831 913 postere
862 832 1223 912 obsequium
1250 829 1497 905 amicos,
1529 830 1763 893 veritas
1790 829 2005 890 odium
2031 829 2251 908 pariat.

494 954 561 1001 40
667 933 788 996 Sed
829 931 1102 1004 foenum,
1152 929 1462 1008 inquiunt,
1511 928 1702 990 habet
1744 927 1814 989 in
1854 947 2053 989 cornu
2095 931 2160 989 et
2204 928 2524 989 neminem
2570 948 2698 990 non
2737 927 2991 991 lacerat.

587 1033 770 1092 Itane
799 1030 1055 1091 tandem
1083 1029 1356 1089 lacerare
1380 1030 1609 1089 vocant
1636 1026 1965 1087 dissentire
1990 1025 2059 1086 in
2086 1026 2336 1102 litteris,
2368 1046 2437 1087 ac
2466 1026 2727 1088 docendi
2759 1028 2991 1101 studio,

584 1149 779 1208 quum
807 1127 1082 1207 plurima
1108 1125 1397 1197 laudaris,
1426 1124 1692 1203 paucula
1718 1125 2019 1204 quaedam
2056 1124 2398 1204 suggillare
2412 1128 2447 1187 ‘x’
2528 1124 2708 1200 Quod
2732 1125 2790 1186 si
2817 1124 2995 1188 iuxta

585 1225 850 1288 Fabium
878 1224 1041 1285 nihil
1071 1227 1203 1285 tam
1231 1223 1444 1283 efficax
1472 1225 1570 1283 est
1595 1222 1663 1283 in
1692 1222 1970 1285 docendo
2006 1243 2197 1302 quam
2233 1224 2303 1284 in
2341 1223 2657 1285 artificum
2698 1224 2998 1301 operibus

587 1345 714 1385 non
764 1322 1073 1384 imitanda
1121 1321 1323 1386 modo.
1371 1319 1480 1381 sed
1533 1320 1728 1381 etiam
1774 1320 2032 1381 vitanda
2078 1340 2233 1404 quae
2282 1320 2432 1397 sint,
2483 1324 2992 1396 commonstrare,

497 1442 559 1491 45
586 1425 820 1501 quanto
846 1420 1050 1498 magis
1077 1419 1244 1480 idem
1282 1418 1604 1497 oportebat
1639 1417 1710 1478 in
1748 1417 2107 1479 dedocendo
2142 1418 2342 1481 facere
2358 1422 2392 1481 ⁴?
2469 1421 2688 1480 Ausus
2714 1422 2811 1480 est
2836 1419 2999 1479 Lau·

586 1521 827 1582 rentius
868 1519 935 1580 in
976 1517 1345 1580 authoribus
1385 1518 1626 1595 aliquot
1667 1517 1959 1578 voculam
2000 1520 2229 1580 taxare.
2318 1517 2669 1596 Indignum
2711 1517 2993 1582 facinus!

587 1619 761 1702 quasi
787 1637 938 1680 vero
976 1637 1106 1677 non
1145 1617 1361 1676 omnia
1395 1635 1591 1695 poene
1628 1614 1697 1674 in
1735 1614 2031 1677 omnibus
2068 1615 2576 1694 repraehenderit
2602 1615 2992 1690 Aristoteles,

587 1718 763 1798 quasi
804 1736 934 1777 non
975 1717 1175 1776 totam
1201 1713 1519 1775 Ciceronis
1560 1712 1900 1774 dictionem
1941 1713 2381 1792 contempserit
2410 1715 2669 1790 Brutus,
2717 1714 2995 1776 Maronis

586 1835 656 1876 ac
704 1813 874 1876 Liuii
916 1812 1216 1889 Caligula,
1267 1813 1532 1873 Senecae
1577 1810 1807 1872 Fabius
1848 1815 2033 1889 atque
2076 1812 2286 1875 Aulus
2331 1812 2596 1887 Gellius,
2646 1812 2995 1891 Augustini

499 1933 563 1983 50
589 1906 931 1989 Rufinique
959 1909 1402 1989 Hyeronimus,
1429 1913 1745 1988 postremo
1763 1909 2140 1984 Quintiliani
2163 1910 2558 1989 philelphus.
2649 1911 2815 1988 Quid
2831 1909 2993 1990 quod

589 2010 840 2072 Plinius
888 2029 1015 2069 non
1063 2008 1260 2068 credit
1307 2007 1543 2067 librum
1590 2027 1780 2068 suum
1827 2008 2027 2068 amico
2080 2007 2404 2086 placuisse,
2459 2007 2584 2069 nisi
2632 2008 2997 2086 cognouerit

589 2108 892 2187 quaedam
939 2105 1328 2182 displicuisse
1345 2108 1378 2166 ‘?
1458 2105 1639 2166 Adeo
1680 2104 1843 2167 vicio
1887 2105 2094 2170 danda
2135 2127 2267 2167 non
2310 2110 2424 2181 est,
2472 2108 2543 2167 vt
2584 2105 2779 2168 etiam
2817 2107 2997 2168 vehe-

588 2210 833 2272 menter
887 2204 1159 2285 optanda
1205 2205 1290 2264 sit
1335 2204 1458 2264 ista
1509 2204 1578 2265 in
1623 2203 1852 2265 studiis
1899 2203 2208 2266 dissensio
2258 2204 2760 2283 conflictatioque
2802 2223 2993 2283 quam

591 2304 907 2366 Hesiodus
947 2303 1352 2364 vtilissimam
1392 2321 1526 2363 esse
1565 2301 1940 2363 mortalibus
1983 2303 2247 2380 scripsit,
2293 2303 2481 2364 modo
2525 2323 2605 2365 ne
2646 2302 2718 2365 in
2756 2301 2996 2366 rabiem

501 2425 563 2474 55
590 2406 766 2464 exeat
793 2422 862 2463 ac
899 2402 1052 2462 citra
1087 2400 1367 2461 conuicia
1398 2401 1714 2462 consistat.
1801 2400 1962 2462 Mihi
1998 2400 2252 2479 quidem
2288 2421 2443 2463 sano
2479 2421 2613 2462 non
2647 2400 2881 2480 gratior
2909 2402 2998 2463 sit

587 2500 828 2563 amicus
851 2500 1185 2578 applausor
1201 2518 1387 2576 quam
1408 2497 1507 2559 vel
1529 2497 1823 2560 inimicus
1844 2499 2304 2576 repraehensor,
2331 2499 2486 2561 dum
2515 2519 2596 2562 ne
2615 2499 2796 2578 plane
2812 2501 2999 2560 sutor

591 2599 757 2662 vltra
784 2599 1113 2678 crepidam.
1189 2598 1352 2657 Nam
1373 2600 1443 2660 vt
1464 2616 1791 2675 nunquam
1814 2598 1941 2658 fere
1962 2617 2089 2661 non
2111 2602 2292 2659 nocet
2313 2599 2615 2675 laudator,
2637 2600 2724 2659 ita
2748 2616 2998 2676 semper

591 2700 846 2778 prodest
872 2697 1328 2776 repraehensor.
1414 2697 1673 2757 Etenim
1700 2698 1754 2757 si
1782 2716 1928 2760 vere
1955 2697 2409 2775 repraehendit,
2442 2697 2691 2759 discedo
2721 2697 2957 2758 doctior
2979 2721 2996 2771 ;

590 2796 693 2860 sin
719 2797 898 2870 falso,
925 2799 1134 2857 tamen
1163 2813 1362 2866 acuor,
1392 2793 1746 2872 extimulor,
1777 2795 2139 2873 expergefio,
2165 2795 2388 2857 reddor
2412 2797 2715 2858 attentior
2739 2796 2999 2858 cautior·

501 2902 568 2951 60
591 2916 727 2974 que,
762 2895 1008 2957 animor
1034 2895 1112 2955 ad
1143 2894 1565 2955 defensionem
1592 2892 1745 2955 veri.
1818 2892 2143 2971 Siquidem
2172 2894 2390 2959 minus
2416 2913 2552 2956 acre
2582 2895 2784 2958 calcar
2809 2894 2999 2958 habet

507 3060 512 3065 ,
591 2992 823 3071 gloriae
850 2992 1159 3069 cupiditas
1191 3011 1378 3069 quam
1406 2991 1791 3068 ignominiae
1819 2993 2047 3055 metus.

676 3090 817 3151 Iam
861 3109 1008 3150 vero
1050 3089 1213 3168 quod
1257 3088 1561 3167 quosdam
1603 3088 1673 3148 in
1718 3091 1927 3149 totum
1968 3088 2315 3165 damnauit,
2365 3090 2518 3169 quid
2566 3090 2820 3152 obsecro
2865 3094 2998 3154 tam

594 3191 728 3251 erat
753 3187 1171 3249 necessarium
1203 3206 1392 3265 quam
1421 3185 1693 3247 indoctis
1719 3185 2180 3263 authoritatem,
2210 3189 2328 3249 hoc
2355 3191 2450 3249 est
2480 3189 2586 3271 ὄνῳ
2612 3189 2717 3265 τὴν
2742 3192 2996 3266 λεοντῆν,

593 3286 933 3361 detrahere,
986 3306 1064 3347 ne
1108 3285 1293 3346 turba
1335 3284 1772 3361 imperitorum
1814 3285 2086 3362 pessima
2131 3306 2245 3363 pro
2289 3286 2547 3364 optimis
2591 3289 3000 3365 sequeretur?

505 3392 568 3456 65
594 3382 835 3457 Quibus
871 3383 939 3443 in
980 3382 1166 3444 rebus
1203 3382 1258 3443 si
1295 3382 1543 3461 quando
1578 3381 1680 3442 vir
1715 3381 1828 3443 ille
1859 3382 2111 3444 videtur
2146 3383 2342 3445 nimis
2377 3385 2844 3458 excandescere,
2871 3404 3000 3446 non

593 3479 784 3543 huius
829 3480 1007 3550 vitio,
1056 3481 1163 3541 sed
1217 3479 1732 3558 deprauatoribus
1786 3479 1926 3541 istis
1979 3484 2112 3542 erat
2160 3481 2626 3559 imputandum.
2712 3482 3001 3562 Denique

595 3574 794 3637 nimio
837 3578 1186 3639 consultius
1232 3579 1436 3639 fuerat
1482 3577 1693 3639 alieno
1740 3577 1835 3639 vti
1875 3577 2035 3639 vitio
2089 3599 2276 3657 quam
2326 3581 2404 3641 ob
2448 3600 2642 3642 vnam
2684 3582 3001 3645 maculam

594 3693 630 3733 a
673 3676 768 3735 tot
814 3676 1361 3737 commoditatibus
1400 3675 1674 3740 alienari.
1770 3676 1937 3740 Sunt
1978 3678 2149 3739 em‘m
2194 3698 2485 3757 prorsum
2527 3679 2834 3757 quaedam
2876 3683 3002 3741 ἅνα-

594 3776 764 3855 γκαῖα
799 3775 964 3848 κακά,
997 3776 1224 3853 quibus
1266 3778 1480 3835 tamen
1525 3773 1627 3835 vel
1663 3794 1778 3836 sua
1817 3794 1998 3837 causa
2033 3775 2346 3856 sapientes
2384 3776 2481 3837 vti
2518 3782 2995 3840 consueuerunt.

508 3888 570 3942 70
594 3871 1008 3934 Postulabant
1050 3872 1139 3933 sic
1180 3873 1570 3950 deprauatae,
1612 3875 1702 3933 sic
1744 3873 2206 3935 contaminatae
2247 3875 2494 3937 litterae
2535 3876 2832 3938 audacem
2869 3877 3001 3940 Zoi-

593 3969 730 4031 lum
748 3989 818 4030 ac
837 3972 1361 4052 βαρβαρομάστιγα
1379 3971 1580 4049 magis
1601 3992 1790 4051 quam
1806 3972 2234 4047 Partheniam‚
2250 3974 2317 4034 id
2339 3976 2434 4034 est
2452 3993 2658 4035 acrem
2680 3993 3001 4037 censorem

593 4088 663 4130 ac
703 4069 892 4146 plane
932 4070 1214 4130 Momum
1258 4069 1654 4149 quempiam3
1703 4073 1766 4131 et
1805 4071 1860 4131 si
1899 4070 2016 4147 vis,
2059 4070 2255 4132 etiam
2297 4071 2845 4150 contumeliosum,
2890 4073 3001 4152 qui

596 4166 897 4228 nimirum
924 4168 1179 4229 auderet
1207 4168 1553 4245 ἀποπαρδεῖν
1570 4170 1710 4246 πρὸς
1735 4171 1834 4232 τὰς
1858 4168 2120 4247 βροντάς,
2143 4174 2216 4232 vt
2237 4173 2421 4233 vetus
2440 4169 2629 4231 habet
2648 4170 2998 4249 Comoedia,

592 4265 818 4345 quique
844 4268 1011 4328 malo
1043 4266 1203 4327 nodo
1230 4264 1470 4328 malum
1500 4286 1770 4328 cuneum
1796 4267 2136 4332 adhiberet.
2211 4268 2434 4347 Itaque
2460 4268 2653 4332 Vnius
2677 4268 3000 4333 Laurentii

507 4383 567 4435 75
594 4365 965 4427 mordacitas
991 4364 1068 4441 (si
1097 4364 1347 4443 quidem
1384 4363 1473 4425 ita
1507 4364 1757 4426 malunt
1790 4365 2124 4446 appellare)
2153 4386 2282 4428 non
2308 4367 2494 4445 paulo
2530 4366 2676 4444 plus
2701 4368 3004 4433 conduxit

662 4510 744 4558 45.
786 4499 863 4544 E:
895 4494 1219 4545 dedocendis
1239 4512 1286 4547 α.
1435 4495 1517 4558 ⁶7·
1553 4496 1709 4546 abuti
1731 4499 1790 4548 Ε.
1939 4498 2024 4560 69.
2056 4497 2210 4547 abuti
2231 4499 2295 4548 Η.
2452 4511 2530 4560 73.
2562 4495 2854 4561 ἀποπαρδὼν
2876 4503 2937 4549 Β.

659 4624 744 4673 39.
778 4611 1122 4673 obsequium]
1157 4610 1274 4660 Ter.
1299 4615 1457 4661 Andr.
1480 4611 1561 4662 68.
1915 4627 1996 4674 54.
2035 4611 2307 4663 Hesiodus
2358 4615 2442 4672 op.
2471 4626 2548 4675 19.

662 4689 744 4736 43.
780 4675 1032 4741 Fabium]
1057 4681 1174 4726 Inst.
1202 4692 1250 4731 ε.
1273 4692 1305 4740 5
1327 4678 1437 4727 and
1467 4692 1541 4727 xo.
1565 4692 1612 4727 α.
1913 4693 1997 4742 73.
2030 4678 2314 4731 Comoedia
2369 4680 2463 4729 Ar.
2486 4682 2615 4731 Nat».
2638 4693 2758 4744 993,
2782 4696 2836 4741 4.
