3355 5380
246 355 507 440 1523-4]
762 360 1159 423 ERASMUS
1212 362 1320 424 ΤΟ
1374 362 1601 423 JOHN
1660 362 2107 424 BOTZHEIM
2555 371 2632 426 33

230 517 539 596 intelligo,
584 517 985 596 interpretati
1030 522 1179 580 sunt
1224 539 1357 581 esse
1410 520 1619 598 Balac,
1672 521 1780 599 qui
1831 541 1932 582 me
1980 520 2228 582 vasculo
2272 521 2633 584 conduxerit

239 619 309 676 vt
335 616 782 677 maledicerem
808 617 1165 695 euangelico
1199 618 1446 697 populo.
1532 620 1733 697 Atqui
1761 619 1922 680 hanc
1957 619 2304 681 amicitiam
2333 640 2462 680 non
2493 640 2634 681 con-

236 714 413 775 flauit
445 714 619 775 inter
653 734 776 774 nos
815 715 1165 791 Lutherus;
1206 719 1353 779 ante
1384 719 1516 777 tres
1547 737 1750 777 annos
1778 716 2004 777 coierat
2040 716 2208 777 inter
2234 737 2350 777 nos
2377 718 2624 794 noticia,

231 812 515 889 primum
545 812 861 887 Bruxelle,
892 833 1038 874 mox
1064 813 1371 889 Coloniae,
1405 835 1600 893 quum
1628 815 1694 876 id
1722 814 2024 893 temporis
2059 815 2223 892 regis
2249 816 2348 875 sui
2373 816 2632 878 nomine

230 912 395 989 apud
434 912 768 974 Caesarem
805 910 1121 988 legatione
1161 913 1536 991 fungeretur.
1624 913 1915 991 Comperi
1952 912 2243 973 iuuenem
2277 932 2472 991 quum
2500 933 2631 974 non
2658 942 2687 991 5

234 1010 579 1087 vulgariter
625 1010 962 1086 eruditum,
1007 1013 1146 1071 tum
1189 1030 1336 1088 erga
1377 1011 1664 1073 meliores
1707 1011 1923 1073 literas
1964 1011 2176 1071 fauore
2217 1010 2519 1088 singulari
2560 1032 2632 1077 ac

232 1107 523 1187 religiosa
571 1109 845 1187 quadam
898 1108 1295 1173 veneratione
1348 1108 1660 1171 affectum.
1749 1109 1833 1173 In
1886 1110 2002 1169 hac
2057 1107 2364 1186 legatione
2417 1127 2629 1171 secum

224 1206 497 1269 ducebat
553 1207 710 1269 duos
760 1206 985 1268 fratres
1036 1226 1197 1281 suos,
1259 1205 1565 1268 Ioannem
1612 1207 1933 1286 aliquanto
1988 1209 2143 1268 natu
2190 1205 2516 1283 minorem,
2568 1211 2633 1270 et

228 1305 642 1381 stanislaum,
694 1307 1006 1383 vtrunque
1048 1304 1308 1383 pulchre
1355 1305 1696 1382 literatum,
1753 1326 1864 1367 nec
1908 1305 2092 1366 aliter
2139 1305 2431 1369 affectum
2487 1324 2634 1383 erga

230 1404 427 1464 bonas
465 1403 684 1464 literas
726 1422 916 1481 quam
962 1405 1093 1462 erat
1133 1402 1305 1480 ipse;
1364 1403 1434 1464 in
1479 1404 1706 1482 quibus
1745 1403 2042 1482 quoniam
2082 1422 2302 1463 omnes
2343 1401 2465 1462 sibi
2504 1423 2636 1479 per·
2663 1426 2724 1466 10

225 1504 562 1563 suaserant
590 1522 692 1562 me
720 1520 856 1562 esse
879 1500 1132 1578 aliquid,
1159 1499 1314 1577 ipsis
1341 1501 1545 1562 oculis·
1560 1522 1629 1563 ac
1657 1501 1863 1563 fronte
1890 1504 2159 1579 totoque,
2194 1500 2357 1578 quod
2386 1499 2631 1578 dicitur,

224 1618 485 1677 corpore
526 1599 758 1660 miram
800 1599 1115 1676 quandam
1156 1598 1226 1658 in
1266 1618 1370 1658 me
1410 1599 1735 1677 spirabant
1781 1599 2295 1659 beneuolentiam.
2382 1597 2631 1662 Talium

230 1697 573 1757 hominum
620 1697 904 1757 fauorem
949 1696 1022 1757 vt
1072 1715 1203 1757 non
1255 1695 1572 1758 illibenter
1624 1698 1953 1775 amplexus
1996 1716 2154 1772 sum,
2212 1695 2304 1757 ita
2354 1696 2635 1774 gratulor

226 1795 414 1856 bonis
454 1795 677 1870 literis,
707 1795 874 1873 quod
910 1794 1215 1872 incipiant
1241 1814 1280 1855 a
1306 1796 1728 1857 summatibus
1769 1794 1963 1857 etiam
1989 1794 2145 1856 viris
2183 1794 2319 1855 coli.
2406 1793 2548 1855 Iam
2575 1795 2631 1855 si

228 1891 510 1971 iniquior
549 1894 683 1955 erat
728 1891 1020 1967 Luthero‚
1071 1912 1218 1953 eum
1264 1892 1549 1954 animum
1592 1913 1805 1955 secum
1843 1894 1967 1955 huc
2006 1892 2315 1969 attulerat,
2359 1912 2487 1954 non
2528 1894 2632 1955 hie
2661 1917 2719 1969 15

227 1991 543 2052 hauserat.
630 1990 757 2051 Per
782 2010 886 2055 me
913 1990 1097 2052 citius
1134 1991 1348 2052 mitior
1383 1992 1582 2053 faetus
1618 1995 1714 2052 est
1742 2011 1933 2070 quam
1959 1990 2247 2052 iritatior.
2333 1992 2441 2053 An
2470 1992 2632 2053 mihi

224 2089 703 2150 submouendus
743 2092 877 2149 erat
921 2111 959 2152 a
1000 2089 1308 2168 colloquio
1350 2089 1512 2167 quod
1558 2111 1689 2151 non
1729 2090 2019 2168 probaret
2061 2089 2409 2151 Lutherum
2427 2092 2460 2153 ⁴?
2540 2093 2632 2153 At

222 2187 451 2248 eodem
505 2191 789 2263 tempore
843 2206 969 2246 non
1021 2186 1312 2248 submoui
1360 2188 1468 2267 qui
1516 2190 1819 2249 venerant
1857 2186 2314 2265 Vuittenberga
2356 2187 2630 2250 Luthero

220 2284 664 2361 addictissimi,
708 2283 1105 2363 cupidissime
1159 2286 1409 2346 visurus
1463 2287 1671 2365 ipsum
1726 2286 1920 2347 etiam
1973 2284 2341 2363 Philippum
2396 2286 2630 2349 Melan·

230 2383 590 2458 (thimonem,
646 2382 703 2445 si
759 2382 882 2443 huc
935 2401 1002 2443 se
1047 2382 1430 2446 contulisset.
1537 2385 1671 2462 Ego
1719 2383 1884 2444 nulli
1939 2402 2213 2461 vnquam
2265 2383 2628 2445 renunciaui
2655 2410 2718 2447 20

220 2482 595 2557 amicitiam,
628 2481 730 2542 vel
757 2479 920 2559 quod
951 2480 1019 2540 in
1052 2480 1399 2543 Lutherum
1428 2483 1512 2543 sit
1537 2482 1912 2562 propensior,
1945 2482 2047 2547 vel
2075 2480 2238 2559 quod
2275 2501 2313 2542 a
2349 2481 2627 2543 Luthero

220 2581 503 2656 alienior,
558 2580 748 2640 modo
792 2577 956 2641 mihi
996 2578 1196 2640 fidum
1237 2584 1300 2640 et
1342 2600 1584 2641 comem
1625 2581 1898 2659 praestet
1937 2578 2228 2640 amicum.
2312 2577 2432 2641 Sed
2473 2578 2627 2640 istos

223 2679 533 2757 quosdam
586 2678 886 2758 ingratos,
944 2676 1228 2756 perfidos,
1286 2678 1469 2754 leues,
1530 2678 1811 2754 furiosos,
1868 2677 2211 2751 seditiosos,
2269 2675 2620 2754 maledicos,

224 2798 439 2853 vanos,
472 2776 1034 2856 perniciosissimos
1073 2776 1284 2839 hostes
1325 2780 1387 2838 et
1414 2778 1746 2856 Euangelii
1773 2780 1838 2842 et
1873 2777 2179 2838 bonarum
2205 2774 2532 2836 literarum
2559 2778 2624 2836 et

224 2878 505 2954 publicae
544 2875 1025 2955 tranquillitatis
1063 2874 1185 2950 odi,
1218 2874 1288 2938 in
1315 2878 1696 2954 vtracunque
1723 2876 1898 2954 parte
1925 2872 2174 2935 fuerint.
2260 2871 2369 2932 An
2407 2870 2622 2933 Hiero·
2651 2895 2710 2945 ²5

218 2975 340 3036 alai
380 2974 852 3048 munusculum,
886 2972 1048 3051 quod
1090 2971 1200 3032 ille
1239 2973 1340 3033 sui
1377 2977 1740 3052 μνημόσυνον
1765 2972 1929 3050 apud
1968 2990 2070 3033 me
2104 2967 2372 3031 residere
2399 2967 2618 3044 voluit,

220 3073 360 3134 ideo
396 3074 718 3136 rusticana
758 3071 1130 3133 inciuilitate
1169 3070 1418 3133 reiicere
1458 3072 1663 3147 debui,
1693 3070 1857 3149 quod
1897 3068 2006 3130 ille
2045 3068 2209 3134 male
2249 3067 2510 3128 sentiret
2542 3068 2619 3128 de

221 3171 504 3233 Luthero
519 3173 556 3232 ?
635 3171 816 3232 Certe
856 3169 1073 3230 nullus
1111 3169 1462 3248 principum
1502 3170 1807 3236 hactenus
1847 3166 2011 3230 mihi
2046 3165 2378 3248 quicquam
2412 3166 2621 3244 potuit

223 3268 555 3329 obtrudere
576 3269 695 3330 hoc
714 3267 984 3342 nomine,
1011 3270 1082 3328 vt
1109 3267 1440 3328 scriberem
1469 3267 1539 3328 in
1558 3268 1947 3341 Lutherum;
1990 3265 2153 3344 quod
2184 3268 2396 3325 tamen
2418 3265 2620 3328 Euan·

214 3366 398 3443 gelici
446 3367 708 3445 quidam
750 3369 966 3428 contra
1010 3385 1188 3426 suam
1243 3365 1524 3443 ipsorum
1578 3365 2023 3429 conscientiam
2077 3363 2618 3442 impudentissime
2640 3387 2709 3437 30

218 3464 637 3525 mentiuntur.
723 3462 939 3525 Habes
965 3465 1165 3524 totam
1191 3464 1594 3525 comoediam.

297 3563 445 3624 Iam
465 3562 597 3622 scio
614 3561 898 3622 dicturus
916 3580 1000 3636 ΘΒ,
1018 3561 1081 3621 τί
1100 3565 1275 3623 ταῦτα
1293 3564 1431 3639 πρὸς
1448 3564 1549 3623 τὸν
1567 3563 1881 3631 Διόνυσονς
1939 3560 2130 3622 Recte
2150 3579 2383 3636 mones,
2409 3560 2615 3641 itaque

218 3679 472 3720 meurro
494 3659 575 3722 ad
614 3658 1002 3736 catalogum.
1087 3659 1191 3721 Ad
1220 3659 1670 3738 Apologiarum
1699 3679 1897 3738 genus
1921 3657 2137 3718 referri
2162 3660 2365 3734 potest
2391 3662 2455 3718 et
2490 3658 2614 3737 epi·

216 3758 394 3834 stola,
431 3777 623 3836 quam
663 3777 859 3835 nuper
881 3756 1243 3835 scripsimus
1270 3759 1347 3819 ad
1377 3758 1668 3818 omnibus
1694 3755 2143 3836 episcopalibus
2171 3755 2418 3816 dotibus
2443 3777 2616 3817 orna·

217 3855 541 3916 tissimum
564 3855 641 3916 D.
663 3854 1196 3931 Christophorum‚
1221 3855 1568 3933 praesulem
1588 3854 2031 3927 Basileensem‚
2056 3853 2152 3914 De
2169 3872 2278 3914 esu
2300 3854 2613 3929 carnium;
2641 3879 2704 3928 35

216 3973 404 4029 quam
422 3957 643 4013 tamen
660 3971 789 4012 non
804 3952 873 4011 in
889 3951 1006 4012 hoc
1023 3953 1467 4031 scripseramus
1483 3956 1555 4014 vt
1567 3952 1905 4014 sederetur.
1959 3951 2196 4012 Verum
2210 3951 2318 4012 vbi
2335 3970 2611 4029 sparsam

217 4052 648 4125 sensissemus,
661 4053 724 4110 et
745 4051 1000 4111 omnino
1017 4050 1302 4112 futurum
1315 4055 1385 4112 vt
1402 4051 1565 4111 alius
1578 4051 1840 4125 sederet,
1853 4049 1987 4128 ipse
2002 4049 2379 4127 recognitam
2396 4050 2615 4111 aedere

218 4149 450 4225 malui3
489 4148 861 4228 praesertim
890 4148 1289 4210 submonitus
1305 4151 1377 4209 vt
1404 4149 1472 4209 id
1498 4149 1763 4209 facerem
1790 4167 1829 4208 a
1857 4146 2229 4226 quibusdam
2252 4147 2442 4208 huius
2461 4148 2613 4207 Aca·

217 4248 456 4310 demiae
473 4247 853 4326 proceribus.
901 4246 1083 4308 Nunc
1100 4246 1519 4308 indicabimus
1537 4267 1695 4326 quae
1711 4244 2056 4326 prodierint
2071 4243 2316 4320 mutila,
2332 4263 2612 4322 quaeque

608 4389 660 4436 9.
694 4390 762 4436 γε
798 4372 1083 4422 literarum
1108 4375 1160 4428 β.
1409 4388 1492 4437 33.
1527 4372 1912 4438 Apologiarum
1934 4373 2006 4428 βε
2038 4372 2140 4421 hoc
2160 4389 2206 4421 α.

281 4561 329 4602 4.
365 4541 643 4607 Coloniae]
664 4540 799 4591 'I'his
821 4542 969 4589 must
989 4540 1125 4589 have
1148 4540 1283 4588 been
1307 4540 1366 4588 in
1466 4553 1586 4588 mus
1615 4537 1712 4587 did
1747 4541 1843 4588 not
1865 4538 1996 4588 visit
2021 4538 2251 4600 Oologne
2274 4552 2343 4586 on
2375 4536 2465 4586 his
2486 4549 2608 4598 way

223 4609 313 4656 the
344 4615 579 4658 autumn
611 4608 673 4656 of
703 4608 983 4666 1520,sour
1008 4620 1163 4668 years
1193 4606 1369 4654 before
1467 4609 1524 4655 to
1547 4605 1719 4653 Basle.
1787 4604 1954 4653 Lond.
1975 4605 2129 4654 xxiii.
2156 4606 2205 4666 6,
2233 4602 2338 4652 LB.
2361 4604 2474 4663 650.

226 4673 333 4722 this
353 4689 568 4738 passage
590 4686 703 4722 was
720 4672 972 4732 written3
995 4673 1051 4720 in
1076 4685 1195 4734 1521
1217 4671 1370 4721 Eras-
1535 4685 1617 4720 20.
1653 4668 1790 4734 Ego]
1809 4670 2060 4733 repeated
2084 4669 2222 4718 from
2245 4682 2296 4730 p.
2322 4683 2396 4732 17·
2422 4683 2504 4730 34.
2575 4721 2583 4734 ‚

319 4774 468 4805 mn
1392 4781 1434 4822 D
