3355 5380
330 365 512 452 1513]
988 370 1096 432 TO
1152 371 1544 434 ANDREW
1597 371 2060 435 AMMONIUS
2309 376 2324 391 '
2598 378 2716 436 531

320 529 380 591 is
405 528 508 590 cui
534 528 739 590 dicaui
765 528 1055 590 libellum
1082 529 1153 590 in
1180 529 1402 590 castris
1435 531 1612 591 adest
1652 534 1718 590 et
1751 530 1984 591 incidet
2016 532 2470 609 opportunitas,
2497 551 2723 610 quaeso

322 628 396 688 vt
442 626 766 689 hominem
812 628 971 688 meis
1012 626 1219 689 verbis
1266 627 1501 689 salutes
1547 648 1619 689 ac
1662 628 1956 690 libellum
2002 629 2312 691 exhibeas.
2402 628 2505 690 Sic
2549 629 2723 690 enim

322 725 652 786 emendaui
690 731 763 788 vt
801 726 911 787 vix
949 726 1222 787 eundem
1262 745 1395 788 esse
1434 727 1520 788 sit
1558 726 1923 789 crediturus.

403 821 679 885 Londini
703 843 834 885 non
873 824 1086 886 minus
1119 825 1320 886 saeuit
1354 825 1551 903 pestis
1587 845 1779 902 quam
1815 825 2005 887 isthic
2041 827 2224 888 Mars.
2312 825 2533 904 Itaque
2568 826 2725 888 Oan-
2754 849 2815 885 10

323 921 626 1000 tabrigiae
692 942 808 983 nos
876 924 1177 999 tenemus,
1250 924 1528 1001 quotidie
1607 924 2195 1003 circumspectantes
2262 928 2335 986 vt
2402 922 2726 986 commode

324 1020 664 1083 auolemus.
779 1021 901 1082 Sed
965 1042 1093 1083 non
1158 1021 1344 1083 datur
1407 1021 1860 1100 opportunitas.
1975 1023 2060 1084 Et
2124 1024 2398 1084 retinent
2461 1021 2725 1099 triginta

324 1118 567 1179 nobiles
599 1138 755 1196 quos
781 1118 860 1180 ad
889 1119 1214 1181 Michaelis
1240 1124 1515 1199 expecto.
1577 1121 1868 1183 Sixtinus
1895 1121 2023 1183 iam
2050 1120 2327 1183 euolauit
2353 1121 2422 1181 in
2451 1119 2727 1182 Braban·

325 1216 498 1278 tiam.
584 1218 688 1279 Ad
730 1218 1197 1297 Hieronymum
1235 1219 1702 1281 emendandum
1743 1223 1808 1281 et
1845 1220 2103 1282 scholiis
2144 1221 2595 1282 illustrandum
2636 1218 2725 1278 ita

324 1315 487 1376 mihi
528 1316 730 1377 feruet
778 1317 1026 1377 animus
1066 1319 1139 1378 vt
1180 1317 1426 1379 afflatus
1468 1338 1507 1379 a
1546 1318 1662 1379 deo
1701 1319 2000 1398 quopiam
2040 1319 2204 1380 mihi
2242 1319 2476 1380 videar.
2582 1316 2722 1376 Iam
2755 1340 2811 1392 ¹5

322 1430 483 1488 pene
508 1416 717 1474 totum
741 1415 1072 1476 emendaui
1097 1415 1431 1476 collatione
1459 1415 1808 1477 multorum
1837 1437 1908 1477 ac
1935 1420 2219 1478 veterum
2249 1415 2719 1493 exemplarium.

323 1512 538 1590 Atque
563 1512 629 1573 id
657 1533 772 1592 ago
799 1508 1154 1574 incredibili
1179 1534 1320 1575 meo
1347 1517 1622 1593 sumptu.

405 1610 544 1671 Risi
597 1611 841 1673 affatim
893 1612 1231 1673 castrensis
1276 1612 1445 1674 vitae
1490 1612 1760 1674 formam
1807 1617 1940 1675 tam
1994 1613 2286 1692 graphice
2342 1612 2410 1673 in
2466 1611 2592 1673 tuis
2645 1611 2723 1671 ad

322 1707 634 1770 Ioannem
673 1713 857 1771 tuum
899 1710 1101 1772 literis
1141 1711 1485 1789 depictam:
1538 1713 1694 1774 adeo
1729 1712 2039 1786 hinnitus,
2070 1713 2387 1787 clamores,
2420 1729 2723 1789 equorum

326 1825 676 1884 concursus,
740 1809 1037 1871 tubarum
1104 1808 1444 1888 clangores,
1510 1811 1999 1873 bombardarum
2063 1810 2362 1886 tonitrua,
2430 1808 2720 1882 fulmina,
2753 1831 2814 1867 20

323 1906 602 1967 vomitus
638 1908 1111 1985 aegrotantium,
1149 1908 1424 1986 gemitus
1458 1908 1887 1984 morientium,
1923 1909 2120 1970 oculis
2154 1907 2492 1969 subiecisti.
2580 1908 2634 1968 Ο
2662 1910 2726 1967 te

322 2003 569 2064 felicem
598 2004 670 2080 si,
703 2006 869 2083 quod
898 2006 1069 2066 Deus
1096 2006 1372 2083 optimus
1398 2006 1572 2082 faxit,
1603 2007 1940 2068 incolumis
1967 2007 2150 2068 nobis
2174 2007 2466 2068 redieris!
2522 2005 2726 2082 Quam

322 2102 629 2165 iucundas
675 2104 746 2165 in
801 2125 1057 2166 omnem
1104 2105 1305 2167 vitam
1359 2106 1607 2168 fabulas
1653 2107 1967 2168 malorum
2020 2107 2289 2168 istorum
2342 2103 2728 2183 experientia

324 2201 745 2264 ministrabit!
814 2202 939 2265 Sed
978 2207 1042 2264 te
1081 2223 1190 2282 per
1230 2205 1441 2265 Musas
1487 2208 1551 2264 et
1598 2205 1851 2266 Gratias
1891 2205 2085 2266 etiam
2135 2207 2324 2283 atque
2364 2202 2557 2264 etiam
2598 2221 2722 2276 oro,

324 2300 417 2360 mi
452 2302 778 2377 Ammoni,
821 2301 1189 2364 memineris
1225 2304 1290 2364 id
1331 2304 1498 2381 quod
1534 2304 1838 2382 proximis
1873 2304 2175 2365 admonui
2212 2302 2427 2376 literis,
2470 2302 2616 2363 vide
2656 2304 2729 2362 vt
2757 2320 2814 2371 25

303 2402 465 2461 ‚tuto
502 2420 759 2479 pugnes.
855 2402 1108 2462 Calamo
1155 2405 1464 2480 quantum
1505 2403 1679 2463 voles
1720 2402 1984 2463 ferocias
2031 2405 2095 2462 et
2144 2403 2357 2463 decem
2408 2400 2727 2479 myriadas

322 2497 605 2560 hostium
655 2500 874 2562 eodem
920 2501 1238 2562 confodias
1286 2501 1403 2562 die.
1489 2502 1650 2562 Rem
1701 2501 1936 2561 nostris
1980 2499 2306 2562 succedere
2352 2499 2421 2559 in
2471 2501 2727 2560 tantum

323 2599 559 2673 gaudeo
601 2603 672 2661 vt
715 2619 828 2661 nec
868 2599 1085 2680 lingua
1126 2619 1239 2660 nec
1278 2599 1478 2660 literis
1519 2599 1703 2660 liceat
1742 2597 2063 2675 explicare.

409 2697 727 2775 Siquando
766 2700 931 2765 vises
971 2700 1193 2761 diuum
1220 2700 1655 2760 Audomarum
1694 2702 1759 2759 et
1786 2697 2075 2759 inciderit
2110 2697 2539 2772 commoditas,
2572 2697 2730 2758 salu·

324 2794 495 2856 tabis
520 2796 834 2858 Abbatem
862 2797 995 2858 diui
1021 2797 1284 2873 Bertini,
1322 2797 1707 2876 singularem
1734 2800 2073 2877 patronum
2101 2816 2332 2857 meum.
2404 2795 2731 2856 Praeterea
2757 2813 2822 2863 3ο

326 2913 734 2957 oeconomum
772 2896 947 2957 illius
985 2896 1345 2957 Antonium
1393 2896 1924 2973 Lutzenburgum,
1969 2895 2341 2956 canonicum
2387 2894 2552 2972 apud
2594 2894 2730 2956 diui

324 2993 715 3068 Andomari3
777 2997 917 3055 tum
964 2995 1278 3056 medicum
1326 2993 1573 3056 abbatis
1627 2997 1692 3056 et
1737 2993 1913 3055 vrbis
1960 2994 2035 3054 D.
2094 2993 2522 3068 Ghisbertum,
2574 2992 2730 3052 duos

326 3090 806 3153 candidissimos
827 3092 1064 3154 amicos
1089 3113 1304 3169 meos;
1342 3093 1424 3155 ad
1453 3093 1606 3155 haec
1647 3094 1970 3154 Decanum
2006 3091 2145 3152 eius
2179 3091 2490 3167 ecclesiae,
2520 3091 2730 3168 singu·

327 3187 447 3250 lari
499 3188 806 3266 probitate
858 3189 1068 3251 virum
1121 3192 1187 3250 et
1237 3191 1568 3252 literarum
1622 3190 2157 3252 amantissimum.
2275 3189 2436 3251 Cum
2500 3209 2623 3267 quo
2674 3190 2730 3250 si

327 3288 652 3366 continget
705 3288 992 3365 colloqui,
1039 3309 1189 3367 rogo
1242 3292 1604 3367 percontare
1659 3289 1811 3367 quid
1866 3292 2079 3350 actum
2134 3288 2218 3349 sit
2274 3288 2352 3349 de
2406 3288 2727 3364 Mauricio,
2757 3304 2818 3355 35

328 3405 469 3448 meo
511 3385 829 3465 quondam
870 3386 1204 3463 ministr03
1260 3388 1360 3448 cui
1401 3388 1676 3465 profecto
1717 3387 1942 3449 lubens
1983 3387 2039 3448 si
2086 3387 2237 3465 quid
2276 3386 2515 3464 possim
2555 3385 2733 3447 bene-

328 3483 545 3545 fecero.
633 3484 777 3545 Non
818 3485 1022 3546 ausim
1065 3486 1175 3547 abs
1215 3488 1278 3546 te
1317 3489 1415 3547 tot
1452 3489 1680 3547 vexato
1720 3490 1861 3549 tum
1902 3486 2107 3560 malis,
2154 3489 2293 3545 tum
2336 3485 2431 3545 vti
2472 3484 2733 3546 coniicio

330 3581 619 3659 negociis,
664 3586 871 3659 petere
926 3587 998 3643 vt
1052 3583 1391 3661 aliquando
1446 3582 1682 3644 scribas
1736 3583 1816 3644 ad
1863 3602 1982 3644 nos
2036 3601 2298 3660 quoque.
2384 3582 2625 3642 Tamen
2676 3582 2733 3642 si

329 3680 578 3756 quando
622 3700 750 3741 non
794 3681 1171 3761 grauaberis‚
1214 3683 1333 3742 erit
1375 3682 1441 3744 id
1485 3681 1644 3743 mihi
1689 3685 1823 3742 tam
1867 3683 2119 3760 gratum
2162 3700 2352 3758 quam
2395 3681 2561 3759 quod
2603 3700 2735 3760 gra-

329 3777 667 3840 tissimum.
2758 3797 2825 3847 40

409 3878 501 3937 vt
544 3876 806 3938 Ioannis
854 3878 947 3938 tui
990 3878 1248 3956 negocio
1291 3879 1502 3940 faueas
1553 3882 1620 3940 et
1663 3882 1737 3940 vt
1792 3897 1984 3957 quam
2031 3877 2393 3939 felicissime
2441 3877 2736 3956 procedat

324 3977 653 4052 adiutares,
696 3976 969 4039 sciebam
1015 3997 1262 4039 necesse
1305 3997 1435 4039 non
1477 3998 1611 4040 esse
1656 3981 1728 4038 vt
1773 3977 2106 4056 quisquam
2152 3979 2217 4038 te
2258 3979 2451 4055 roget,
2502 3977 2733 4038 nedum

326 4095 458 4154 ego.
545 4075 712 4138 Noui
760 4069 979 4154 quanti
1027 4076 1352 4137 hominem
1401 4076 1607 4138 facias.
1714 4076 1838 4137 Ille
1880 4080 1946 4138 te
1995 4076 2205 4155 diligit
2248 4076 2447 4148 vnice,
2493 4078 2558 4135 et
2604 4095 2734 4135 non

1029 4235 1113 4283 32.
1148 4220 1213 4271 D.
1235 4236 1329 4270 om.
1353 4224 1417 4268 Η.
1619 4223 1699 4282 4'2.
1736 4221 1953 4271 adiutos
1976 4226 2028 4270 F.

401 4436 478 4484 13·
517 4420 754 4486 nobiles]
797 4422 916 4472 The
959 4420 1080 4471 first
1120 4423 1383 4484 payment
1428 4420 1488 4469 of
1581 4421 1691 4471 GC.
1719 4421 1795 4470 iii.
1822 4423 1939 4497 4⁸²:
1976 4488 1987 4498 ¹

330 4487 832 4548 ‘¹²⁰¹'⁰¹¹⁸¹⁰¹¹‘¹⁰¹¹²
847 4486 1478 4602 ”fflssffiffffiffi
1644 4484 2729 4615 ³{·,}⁸2323⁰}.‘3‘³⁹;.⁹⁶1.3·„12.29.222.

333 4566 480 4683 stass&
496 4552 831 4682 διιίἒῗῖὲὲἶ
847 4553 1252 4668 νῗὶὶιῗέζιαίιιοᾱ
1274 4568 1481 4681 posses·g
1577 4567 1742 4679 3814}
1768 4567 1892 4666 thgat
1906 4617 2056 4666 John
2078 4563 2423 4664 ofppssamino
2450 4613 2561 4663 had
2584 4627 2732 4663 some

331 4685 455 4735 sion
486 4681 546 4733 of
569 4684 664 4733 the
695 4683 944 4746 Deum-y
966 4698 1037 4733 on
1071 4697 1140 4746 30
1170 4685 1302 4735 Har.
1332 4696 1474 4746 1513.
1577 4683 1794 4733 edne-e
1813 4682 1898 4732 flor
1916 4682 2009 4732 his
2032 4696 2156 4732 oum
2180 4681 2502 4744 promotion.
