3355 5380
677 388 791 444 124
1368 379 1750 443 LETTERS
1806 379 1913 442 oF
1967 378 2368 441 ERASMUS
2886 374 3080 460 [1489

668 543 775 603 sed
818 542 928 620 qui
971 540 1156 620 plane
1197 538 1478 600 Romane
1519 536 1689 616 loqui
1730 535 1956 615 cupiat.
2045 535 2160 597 Est
2206 536 2379 597 enim
2427 535 2497 596 in
2545 534 2648 596 his
2689 535 3088 599 Terentianis

668 640 1005 701 comoediis
1050 637 1315 700 mirifica
1355 636 1658 714 quaedam
1701 634 2010 696 sermonis
2055 634 2313 713 puritas,
2359 633 2726 713 proprietas,
2773 633 3085 713 elegantia

578 760 643 810 4ο
668 757 754 811 ac,
796 739 868 797 vt
908 737 977 797 in
1017 740 1153 798 tam
1192 735 1453 813 antiquo
1493 733 1743 807 comico,
1786 732 2063 795 horroris
2105 732 2485 807 minimum;
2540 731 2714 811 lepos
2755 731 2913 808 (sine
2956 755 3085 813 quo

668 835 898 895 rustica
923 837 1020 895 est
1047 835 1272 909 omnis,
1303 832 1714 912 quantumuis
1750 830 2086 910 phalerata,
2119 831 2336 909 oratio)
2360 834 2425 892 et
2451 828 2729 892 vrbanus
2756 833 2821 892 et
2856 831 3077 894 salsuS.

670 936 804 995 Aut
839 934 958 995 hoc
984 932 1181 1010 igitur
1205 932 1506 1010 magistro
1539 933 1650 991 aut
1677 928 1931 991 nemine
1958 929 2191 991 discere
2227 927 2442 989 licebit
2468 948 2592 1007 quo
2627 930 2809 1007 pacto
2835 933 3085 993 veteres

668 1031 769 1093 illi
805 1030 1033 1108 Latini,
1063 1031 1171 1110 qui
1212 1049 1380 1091 nunc
1420 1028 1525 1090 vel
1564 1027 1748 1088 nobis
1788 1026 1965 1106 peius
2006 1026 2382 1103 balbutiunt,
2413 1024 2607 1088 locuti
2647 1027 2798 1088 sint.
2886 1028 3082 1090 Hunc

671 1129 877 1209 itaque
904 1127 1025 1189 tibi
1053 1148 1183 1189 non
1216 1126 1403 1188 modo
1439 1125 1634 1187 etiam
1669 1128 1855 1203 atque
1891 1124 2086 1186 etiam
2122 1123 2534 1187 lectitandum
2562 1145 2800 1201 censeo,
2833 1146 3084 1188 verum·

579 1246 642 1297 45
668 1228 861 1289 etiam
887 1227 966 1288 ad
995 1226 1263 1290 verbum
1290 1223 1708 1287 ediscendum.

749 1326 916 1388 Oaue
952 1329 1162 1385 autem
1199 1344 1282 1384 ne
1314 1321 1813 1383 homuncionum
1850 1322 2117 1382 istorum
2147 1320 2666 1399 imperitulorum,
2700 1322 2828 1385 imo
2855 1322 3085 1385 liuidu-

668 1423 873 1487 lorum
926 1424 1198 1503 garritus
1244 1426 1309 1484 te
1357 1422 1695 1501 quicquam
1749 1421 2176 1499 permoneant,
2230 1418 2339 1499 qui
2383 1420 2496 1482 vbi
2547 1422 2619 1482 in
2665 1421 3086 1501 ineptissimis

667 1521 1037 1584 authoribus
1055 1520 1341 1596 Florista,
1354 1519 1632 1581 Ebrardo
1643 1519 1978 1593 Gmecista,
1990 1517 2382 1596 Huguitione
2394 1537 2460 1580 se
2478 1519 2757 1581 senuisse
2765 1519 3079 1595 viderunt,

670 1641 783 1682 nec
810 1622 1006 1682 tantis
1041 1618 1410 1697 ambagibus
1439 1639 1518 1679 ex
1549 1617 1903 1696 imperitiae
1940 1615 2304 1693 labyrintho
2338 1619 2619 1695 potuisse
2653 1637 2982 1698 emergere,
3011 1619 3083 1680 id

584 1738 648 1789 50
670 1721 928 1781 vnicum
969 1737 1116 1780 suae
1156 1715 1471 1779 stulticiae
1510 1715 1811 1778 solatium
1858 1715 2235 1795 proponunt,
2280 1714 2337 1776 si
2383 1715 2454 1775 in
2495 1716 2764 1777 eundem
2803 1736 3083 1779 errorem

668 1837 855 1879 suum
892 1817 1166 1878 iuniores
1202 1835 1421 1877 omnes
1455 1815 1798 1894 pelliciant.
1885 1813 2073 1875 Nefas
2107 1814 2289 1876 aiunt
2327 1832 2365 1874 a
2399 1812 2776 1875 Christianis
2807 1813 3084 1877 lectitari

669 1914 1072 1976 Terentianas
1098 1913 1354 1976 fabulas.
1416 1915 1621 1990 Quam
1649 1912 1730 1974 ob
1757 1932 1893 1973 rem
1922 1911 2179 1973 tandem
2206 1913 2475 1989 quaeso?
2533 1911 2730 1988 Nihil,
2754 1912 3074 1992 inquiunt,

666 2015 914 2089 praeter
939 2010 1263 2072 lasciuiam
1289 2031 1359 2072 ac
1377 2011 1780 2090 turpissimos
1808 2009 2278 2073 adolescentum
2305 2028 2549 2071 amores
2574 2009 2824 2086 habent,
2847 2010 3081 2090 quibus

668 2108 915 2171 lectoris
940 2109 1225 2170 animum
1253 2110 1570 2189 corrumpi
1597 2128 1848 2170 necesse
1875 2107 1979 2168 sit.
2046 2106 2254 2168 Facile
2281 2107 2452 2168 vnde
2474 2107 2629 2170 libet
2654 2108 3081 2189 corrumpitur

586 2224 647 2276 55
670 2208 779 2287 qui
818 2210 1147 2287 corruptus
1189 2208 1529 2270 accesserit.
1615 2207 1964 2286 Syncerum
2007 2205 2134 2267 nisi
2173 2226 2301 2281 vae,
2341 2206 2754 2286 quodcunque
2793 2208 3079 2270 infimdis

668 2308 907 2370 acescit.
997 2306 1181 2369 Itane
1201 2307 1311 2369 isti
1338 2306 1686 2385 religiosuli
1713 2307 1792 2367 ad
1813 2307 2054 2366 caetera
2068 2305 2172 2367 vel
2187 2305 2526 2368 vtilissima
2545 2307 2737 2386 talpis
2756 2308 3075 2381 caeciores,

667 2407 746 2468 ad
775 2424 984 2480 vnam,
1017 2405 1076 2466 si
1112 2425 1235 2485 qua
1271 2408 1382 2481 est,
1414 2404 1739 2468 lasciuiam
1776 2422 2031 2482 capreae
2072 2407 2224 2464 sunt
2242 2406 2276 2465 ?
2357 2403 2502 2466 Imo
2542 2404 2712 2483 capri
2749 2426 2821 2468 ac
2862 2404 3080 2468 stolidi

667 2504 832 2565 nihil
872 2503 996 2566 sibi
1035 2506 1281 2583 praeter
1326 2502 1690 2583 nequitiam,
1740 2520 1863 2579 qua
1902 2498 2035 2562 sola
2074 2499 2308 2561 imbuti
2349 2505 2499 2563 sunt
2538 2502 2800 2580 (indocti
2848 2503 3083 2581 quippe

668 2602 983 2682 iidemque
1008 2600 1200 2679 mali),
1226 2602 1555 2680 rapientes,
1579 2620 1709 2661 non
1725 2599 1946 2660 vident
1966 2601 2201 2678 quanta
2219 2598 2354 2661 illic
2375 2599 2460 2661 sit
2480 2601 2820 2675 moralitas,
2842 2604 3083 2679 quanta

578 2704 644 2756 60
670 2701 835 2763 vitae
878 2701 1302 2764 instituendae
1342 2702 1534 2763 tacita
1573 2699 1942 2773 exhortatio,
1989 2700 2224 2777 quanta
2265 2700 2721 2762 sententiarum
2759 2704 3075 2763 venustas.

669 2800 884 2878 Neque
911 2799 1279 2878 intelligunt
1308 2803 1513 2861 totum
1542 2800 1658 2860 hoc
1692 2797 1910 2876 scripti
1945 2817 2144 2874 genus
2178 2796 2259 2857 ad
2297 2799 2682 2877 coarguenda
2710 2799 3077 2861 mortalium

666 2896 827 2958 vitia
856 2897 1414 2974 accommodatum,
1452 2897 1580 2958 imo
1616 2897 1767 2958 adeo
1803 2896 2156 2957 inuentum.
2246 2896 2408 2973 Quid
2444 2896 2619 2958 enim
2654 2901 2807 2959 sunt
2842 2918 3081 2960 comoe-

669 2995 820 3072 diae,
852 2994 978 3058 nisi
1007 3016 1227 3058 seruus
1263 3000 1546 3075 nugator,
1578 2994 1939 3057 adolescens
1971 3014 2183 3055 amore
2215 2991 2502 3071 insanus,
2520 2997 2823 3057 meretrix
2848 2996 3077 3059 blanda

669 3113 740 3155 ac
774 3112 1014 3173 procax,
1046 3114 1235 3156 senex
1270 3093 1561 3171 difficilis,
1593 3112 1895 3168 morosus,
1927 3111 2156 3154 auarus
2172 3095 2206 3153 ⁴?
2286 3092 2459 3154 Haec
2497 3094 2680 3156 nobis
2719 3094 2789 3155 in
2826 3094 3075 3170 fabulis,

584 3191 646 3256 ⁶5
669 3188 926 3270 perinde
961 3194 1146 3271 atque
1180 3192 1249 3253 in
1277 3191 1506 3265 tabula,
1537 3194 1975 3270 proponuntur
2007 3190 2289 3269 depicta3
2328 3194 2417 3268 vt,
2450 3211 2649 3272 quum
2686 3192 2755 3253 in
2793 3193 3079 3255 moribus

668 3288 1002 3350 hominum
1050 3290 1200 3368 quid
1244 3290 1475 3365 deceat,
1521 3290 1670 3369 quid
1722 3290 2025 3365 dedeceat,
2071 3288 2429 3363 viderimus,
2475 3289 2744 3352 alterum
2790 3312 3082 3353 amemus

669 3385 939 3449 alterum
967 3388 1360 3466 castigemus.
1446 3389 1564 3464 En,
1596 3389 1665 3449 in
1704 3387 2011 3450 Eunucho
2055 3387 2366 3450 Phaedria
2395 3388 2510 3449 ille
2546 3409 2623 3450 ex
2658 3407 2905 3450 summa
2934 3409 3078 3450 con-

668 3483 940 3546 tinentia
982 3486 1049 3546 in
1092 3505 1412 3547 summam
1452 3486 1761 3565 ineptiam
1802 3505 2033 3562 amore,
2067 3489 2369 3565 tanquam
2412 3486 2631 3548 morbo
2662 3486 3072 3563 validissimo,

669 3583 1059 3657 immutatus,
1112 3582 1263 3644 adeo
1310 3587 1382 3645 vt
1428 3585 1700 3646 eundem
1748 3605 1883 3646 esse
1937 3604 2071 3645 non
2127 3604 2460 3662 cognoscas
2487 3607 2502 3660 3
2571 3606 2762 3663 quam
2816 3585 3083 3664 pulchro

583 3693 645 3747 70
669 3681 955 3761 exemplo
977 3681 1154 3744 docet
1181 3703 1459 3744 amorem
1478 3704 1614 3745 rem
1635 3703 1770 3745 esse
1789 3685 1855 3744 et
1880 3682 2302 3745 miserrimam
2329 3686 2394 3744 et
2420 3683 2690 3758 anxiam,
2711 3683 3078 3745 instabilem

668 3783 730 3840 et
758 3798 1011 3857 prorsus
1036 3779 1320 3841 insaniae
1339 3781 1738 3860 turpissimae
1765 3779 2038 3861 plenam.
2110 3782 2552 3843 Assentatores
2579 3782 2752 3858 istos,
2776 3782 3083 3861 pestilens

668 3877 1001 3940 hominum
1054 3898 1267 3956 genus,
1321 3878 1674 3941 Gnatonem
1730 3900 1932 3955 suum,
1985 3878 2141 3940 artis
2187 3898 2338 3940 suae
2382 3878 2747 3959 principem,
2800 3883 3077 3959 spectare

669 3973 899 4036 iubeto.
986 3974 1362 4037 Iactabundi
1386 3980 1450 4037 et
1478 3977 1601 4039 sibi
1628 3977 1959 4055 placentes,
1986 3975 2202 4055 quales
2229 3978 2503 4039 diuitum
2530 3977 2859 4058 plerosque
2885 3980 3080 4057 impe·

668 4070 825 4132 ritos
851 4072 1154 4148 videmus,
1185 4074 1575 4136 Thrasonem
1602 4095 1788 4136 suum
1816 4077 2098 4153 spectent
2136 4095 2206 4136 ac
2233 4076 2488 4137 tandem
2516 4097 2661 4138 cum
2693 4095 2806 4138 sua
2840 4077 3082 4156 magni·

585 4180 645 4234 75
670 4167 921 4230 ficentia
948 4190 1138 4250 quam
1165 4170 1416 4234 ridiculi
1443 4173 1574 4234 sint
1599 4172 1979 4251 intelligant.

1202 4339 1285 4387 43.
1320 4326 1435 4375 sint
1459 4331 1662 4386 scripsi:
1696 4330 1827 4377 sunt
1854 4325 1926 4377 0¹.
2125 4330 2205 4390 56.
2245 4329 2440 4379 acessit
2465 4327 2534 4380 0¹.

738 4483 819 4543 ⁴8.
855 4481 1111 4546 Florista]
1147 4480 1340 4531 Either
1375 4481 1524 4532 John
1560 4482 1823 4545 Garland‚
1923 4483 2146 4547 printed
2175 4485 2250 4547 by
2277 4483 2531 4547 Quentell
2560 4487 2619 4534 at
2651 4485 2885 4548 Cologne
2911 4500 3038 4549 1505
3063 4503 3084 4546 ς

673 4547 771 4597 the
805 4547 1001 4596 author
1033 4547 1094 4597 of
1123 4547 1219 4597 the
1251 4551 1457 4597 Horam
1490 4550 1568 4612 (p.
1596 4550 1726 4614 115),
1763 4564 1825 4598 or
1922 4565 2012 4598 see
2043 4548 2243 4599 Miiller
2265 4550 2326 4599 in
2356 4554 2587 4611 Amiqer
2597 4553 2644 4610 s.
2667 4554 2842 4601 Kando
2871 4555 2919 4601 d.
2948 4556 3081 4602 daat-

674 4611 926 4677 Ludolph
960 4612 1020 4662 of
1046 4612 1284 4663 Luchow
1314 4615 1381 4675 (c.
1423 4613 1587 4678 1317),
1625 4614 1825 4664 author
1922 4619 2058 4664 achon
2085 4618 2278 4678 Vormt,
2309 4615 2456 4677 1878,
2477 4632 2565 4679 pp.
2596 4630 2693 4678 235
2715 4617 2824 4665 and
2848 4630 2965 4678 352.

672 4678 734 4727 of
753 4683 910 4729 flores
937 4683 1054 4728 artis
1084 4683 1403 4743 (yn-ammaum,
1437 4683 1561 4730 aliae
1596 4684 1818 4743 Hor-iata,
1989 4693 2067 4742 55.
2104 4679 2432 4745 syncerum]
2456 4681 2589 4733 Hor.
2611 4686 2704 4742 Ep.
2733 4697 2776 4732 ι.
2803 4697 2849 4732 a.
2876 4697 2956 4745 54.
