3355 5380
229 382 409 468 1489]
898 384 1001 445 ΤΟ
1062 383 1548 447 CORNELIUS
1604 384 1958 445 GERARD
2537 388 2649 444 119

229 544 432 605 virum
478 544 622 604 vita
667 542 1109 615 venerabilem,
1157 542 1322 616 misi,
1367 542 1446 602 ad
1487 544 1552 602 te
1595 542 1745 602 dare
1788 541 2017 616 curaui,
2060 541 2117 602 si
2160 541 2320 602 forte
2361 544 2425 602 te
2467 543 2654 602 inter·
2684 555 2748 606 25

233 662 458 703 cessore
488 641 784 720 aliquam
809 661 885 701 ex
910 662 982 701 eo
1010 640 1513 701 vicissitudinem
1541 639 1816 718 accipere
1842 659 2098 714 merear,
2133 659 2319 717 quam
2353 639 2656 701 hactenus

236 740 500 819 nequiui.
598 739 733 800 Nec
793 739 872 800 ob
938 759 1075 800 eam
1140 759 1273 798 rem
1328 741 1581 800 tantum
1651 739 1813 798 mihi
1867 738 2074 799 virum
2128 740 2237 798 aut
2290 738 2491 800 fastus
2543 741 2655 799 aut

235 837 623 915 arrogantiae
706 835 963 898 nomine
1040 839 1397 915 suspectum
1470 837 1684 912 habeo,
1757 835 1867 897 sed
1949 834 2292 896 amicorum
2369 856 2653 897 meorum

234 935 516 1014 loquaces
549 937 823 1014 linguas,
855 955 1009 1013 quae
1046 955 1253 996 meam
1287 936 1452 1013 apud
1489 935 1677 995 illum
1719 934 1952 995 famam
1995 953 2182 1012 quam
2218 932 2654 996 inimicissime

235 1033 793 1094 commacularunt.
897 1034 1063 1094 Tuae
1109 1033 1305 1110 igitur
1350 1032 1781 1108 humanitatis,
1829 1032 2081 1093 Corneli
2135 1031 2385 1111 optime,
2444 1033 2648 1109 fuerit,
2678 1060 2746 1109 30

235 1152 326 1193 me
363 1131 465 1192 illi
506 1131 684 1209 apud
727 1151 914 1209 quem
954 1130 1305 1210 plurimum
1341 1131 1534 1192 habes
1569 1131 1923 1192 autoritatis
1957 1150 2209 1191 rursum
2235 1128 2647 1192 reconciliare.

235 1230 305 1291 Id
349 1230 406 1292 si
434 1230 687 1304 feceris,
743 1249 876 1289 rem
926 1229 1113 1290 facies
1155 1232 1220 1290 et
1259 1229 1421 1290 mihi
1460 1228 1888 1307 gratissimam
1934 1232 1998 1290 et
2040 1249 2077 1290 a
2115 1232 2227 1289 tua
2265 1228 2654 1306 benignitate

233 1348 351 1389 non
392 1327 698 1388 alienam.
786 1326 943 1387 Vale
984 1329 1048 1387 et

1634 1441 1851 1499 mente
1891 1437 2064 1499 fideli

729 1535 988 1597 Mutuus
1027 1535 1269 1597 absenti
1307 1540 1371 1598 te
1411 1536 1574 1597 mihi
1612 1539 1822 1598 seruet
1860 1556 2051 1597 amor.
2677 1562 2745 1612 35

900 1718 1003 1781 29.
1094 1715 1190 1780 To
1239 1715 1637 1783 Commune
1685 1716 2000 1781 GERARD.

299 1804 556 1874 Farrago
583 1821 642 1872 p.
676 1817 791 1870 174.
2307 1803 2575 1877 (sumn.)

300 1890 356 1945 F.
384 1909 438 1961 p.
469 1906 612 1959 314:
653 1887 794 1943 HN:
836 1889 1008 1945 Lond.
1036 1889 1128 1945 vii.
1156 1905 1226 1945 2:
1267 1890 1374 1945 LB.
1408 1906 1453 1946 1.
2369 1894 2516 1962 1489.

506 2027 827 2077 EBASMVS
873 2028 1383 2077 ROTERODAMVS
1428 2028 1770 2078 CORNELIO
1815 2028 2170 2081 AVBOTINO
2215 2030 2270 2077 S.
2316 2030 2382 2077 D.

1178 2132 1481 2180 SCRIPSIT
1525 2133 1724 2181 PVER.

316 2255 511 2315 Lvrrs
558 2255 623 2313 et
665 2254 847 2330 agnis
886 2256 1120 2331 quanta
1160 2256 1383 2316 sortito
1426 2254 1670 2332 obtigit,
1719 2257 1927 2315 tecum
1969 2254 2130 2316 mihi
2174 2255 2484 2318 discordia
2532 2260 2644 2321 est.

239 2353 414 2413 Heus
468 2356 558 2425 tu,
613 2351 669 2412 si
725 2351 907 2429 sapis,
961 2355 1072 2413 aut
1119 2353 1586 2431 quamprimum
1639 2372 1785 2413 cum
1835 2353 2169 2414 Laurentio
2228 2375 2369 2415 meo
2417 2355 2652 2417 redibis

236 2454 302 2512 in
334 2452 627 2529 gratiam,
669 2453 780 2511 aut
823 2448 1064 2510 bellum
1104 2450 1223 2510 tibi
1259 2450 1471 2528 palam
1502 2449 1816 2511 indictum
1852 2451 2150 2531 intellige.
2239 2452 2443 2531 Rogas
2484 2454 2653 2515 vnde

238 2550 388 2610 haec
433 2550 647 2610 subita
692 2547 876 2608 turba
891 2550 926 2608 ⁴?
986 2548 1178 2622 Quasi
1222 2568 1368 2609 vero
1416 2548 1727 2624 exciderit,
1776 2570 1934 2627 quae
1985 2553 2058 2610 tu
2101 2569 2302 2627 nuper
2352 2552 2419 2611 in
2463 2551 2648 2612 illum

240 2668 430 2727 quam
486 2647 683 2722 foeda,
735 2666 924 2725 quam
980 2645 1273 2725 capitalia
1327 2646 1557 2709 dixeris
1615 2647 1914 2724 conuicia,
1963 2668 2108 2709 cum
2162 2648 2265 2710 hic
2318 2650 2484 2729 apud
2535 2671 2651 2712 nos
2675 2663 2702 2714 5

240 2767 469 2824 ageres.
559 2746 869 2806 Horresco
897 2746 1185 2806 referens.
1268 2747 1355 2808 Os
1382 2746 1755 2825 impudens!
1824 2748 1984 2809 Tun’
2009 2748 2336 2809 hominem
2364 2749 2650 2810 omnium

241 2844 783 2919 facundissimum,
835 2863 1020 2922 quem
1071 2843 1309 2921 optimo
1357 2843 1491 2904 iure
1537 2843 1779 2904 Suadae
1824 2844 2168 2906 medullam
2212 2847 2354 2924 quis
2400 2847 2646 2920 dixerit,

243 2943 433 3003 audes
471 2962 733 3003 coruum
761 2941 1173 3003 crocitantem
1206 2940 1535 3020 appellare,
1568 2945 1633 3003 et
1666 2942 2111 3020 cauillatorem,
2146 2964 2275 3004 non
2303 2947 2655 3006 oratorem?

243 3040 364 3115 Qui
391 3041 447 3101 si
482 3037 849 3118 superesset,
878 3039 1003 3100 vah
1042 3059 1196 3118 quas
1229 3040 1328 3100 illi
1357 3061 1589 3119 poenas
1617 3041 1844 3102 dares‘?
1923 3041 2311 3120 Experireris
2347 3043 2468 3104 tibi
2507 3063 2650 3104 cum

242 3139 499 3199 homine
545 3159 944 3217 nequaquam
991 3139 1285 3200 edentulo
1332 3159 1467 3200 rem
1516 3160 1665 3202 esse.
1759 3140 2039 3202 Sentires
2085 3141 2205 3202 tibi
2250 3143 2651 3220 prouocatam
2684 3153 2747 3190 ¹0

242 3257 373 3299 esse
423 3240 755 3297 cornutam
802 3236 1087 3297 bestiam.
1176 3238 1345 3312 Quae
1388 3238 1531 3313 tela,
1574 3258 1731 3317 quas
1772 3238 2234 3300 inuectiuarum
2277 3239 2542 3318 sagittas
2583 3240 2653 3300 in
2689 3239 2693 3244 ’

243 3339 302 3396 te
345 3336 672 3397 vibraret?
740 3334 959 3395 Nihilo
1006 3338 1069 3395 te
1116 3335 1372 3396 mollius
1419 3336 1724 3414 acciperet
1766 3358 1956 3415 quam
1997 3337 2313 3398 infelicem
2359 3338 2647 3417 Pogium.

244 3438 331 3495 At
370 3435 504 3494 iam
541 3432 861 3512 sepultum
899 3432 1063 3493 nihil
1105 3435 1350 3509 metuis,
1382 3435 1777 3513 nimiumque
1814 3435 2164 3497 meministi
2202 3457 2334 3498 non
2375 3437 2656 3498 mordere

246 3537 543 3593 mortuos.
632 3531 768 3593 Hui
812 3552 1113 3609 perquam
1156 3534 1496 3594 strennuus
1540 3553 1622 3610 es,
1670 3533 1781 3612 qui
1825 3534 1895 3594 in
1941 3554 2088 3594 eum
2132 3534 2352 3613 lingua
2392 3535 2647 3608 saeuias,

244 3633 349 3709 qui
395 3630 650 3691 referire
699 3649 831 3690 non
875 3629 1089 3707 possit.
1193 3632 1430 3691 Tutum
1485 3634 1581 3692 est
1628 3632 1699 3691 in
1743 3631 1928 3693 illum
1973 3632 2225 3710 quiduis
2269 3636 2409 3693 tum
2453 3633 2654 3694 dicere
2683 3652 2742 3706 15

244 3732 383 3790 tum
409 3729 653 3795 facere3
700 3747 938 3802 verum,
970 3748 1051 3788 ne
1092 3728 1378 3807 protinus
1415 3730 1811 3808 triumphum
1839 3731 2117 3806 adornes,
2150 3751 2278 3792 non
2305 3733 2654 3810 Vsqueadeo

245 3829 475 3888 tutum.

322 3926 424 3987 En
451 3924 576 3984 tibi
612 3943 718 3983 me
745 3923 1203 3986 Laurentianae
1229 3926 1499 3987 iniuriae
1527 3926 1842 3988 vindicem
1867 3950 1881 4000 ;
1921 3947 2034 4005 ego
2070 3926 2245 3988 illius
2282 3927 2647 4000 doctrinam,

248 4042 366 4101 qua
391 4043 537 4083 meo
578 4021 814 4081 iudicio
842 4021 1017 4083 nulla
1056 4022 1387 4101 probatior,
1419 4027 1723 4085 tuendam
1764 4024 1927 4085 mihi
1966 4025 2225 4102 sumpsi.
2315 4025 2653 4104 Nunquam

248 4121 641 4182 committam
669 4122 741 4179 vt
768 4140 842 4181 ea
868 4120 1213 4199 cuiuspiam
1240 4122 1647 4201 impudentia,
1671 4143 1751 4183 ne
1778 4123 1981 4184 dicam
2002 4123 2371 4200 inuidentia,
2395 4124 2655 4202 impune
2683 4142 2748 4179 20

249 4223 353 4281 aut
397 4219 709 4281 laceretur
757 4221 868 4280 aut
913 4219 1297 4283 obliteretur.
1405 4221 1540 4284 Has
1583 4222 1780 4299 igitur
1821 4222 2035 4284 literas
2087 4222 2406 4284 fecialium
2457 4224 2655 4284 officio

250 4318 570 4380 iuncturas
598 4318 766 4380 istuc
793 4319 885 4378 ire
909 4319 1082 4394 iussi,
1115 4341 1237 4400 quo
1272 4323 1483 4382 tecum
1517 4321 1926 4398 expostulent.
2014 4322 2183 4396 Quas
2217 4326 2289 4382 tu
2317 4325 2390 4383 vt
2427 4325 2654 4384 tractes

989 4465 1067 4512 29.
1105 4476 1202 4514 ππ.
1226 4476 1454 4512 scamn-
1475 4477 1612 4512 rvsa
1633 4468 1744 4514 add.
1771 4468 1827 4512 F.

317 4632 391 4682 28.
410 4647 487 4694 3⁴·
514 4607 715 4680 ⁸mente
741 4626 916 4691 fideli]
939 4628 1050 4679 Tib.
1077 4643 1121 4680 1.
1147 4631 1194 4678 6.
1218 4644 1296 4693 75,
1318 4631 1367 4680 6.
1570 4645 1650 4680 αι.
1685 4628 1989 4694 fecialium]
2012 4631 2125 4680 The
2147 4644 2294 4679 same
2313 4631 2591 4693 formality
2607 4634 2655 4680 is

318 4699 393 4746 29.
416 4715 455 4749 ι.
498 4695 697 4759 Lupis]
727 4696 859 4745 Hor.
892 4699 1033 4754 epod.
1057 4710 1105 4754 4.
1135 4709 1178 4758 1,
1205 4710 1253 4746 2.
1503 4696 1637 4745 used
1662 4696 1722 4744 in
1748 4696 1837 4745 the
1859 4700 2187 4758 Antibarmri,
2217 4697 2320 4744 LB.
2347 4711 2396 4745 x.
2431 4700 2554 4758 1706
2576 4713 2619 4748 c,
