3355 5380
263 415 448 498 1499]
1112 421 1219 481 ΤΟ
1261 420 1534 483 JAMES
1575 422 1802 484 ΒΑΤΤ
2546 432 2664 487 237

257 594 445 637 cursu
498 575 901 653 depellemur,
952 577 1114 638 velis
1160 580 1374 638 tamen
1424 580 1715 652 vtemur3
1777 581 1842 638 et
1885 578 1941 639 si
1988 599 2135 640 eum
2183 585 2438 658 portum
2479 603 2668 662 quem
2699 603 2760 653 ²5

258 674 531 734 maxime
586 674 864 752 petimus
918 675 1277 754 contingere
1333 695 1458 736 non
1513 675 1743 750 licebit,
1801 680 1966 737 certe
2028 677 2096 737 in
2159 679 2429 756 quoduis
2488 680 2670 744 littus

257 770 596 832 eiiciemur.
713 772 1036 835 Hactenus
1090 774 1417 851 migrando
1466 777 1530 834 et
1577 774 1972 852 remigrando
2021 795 2242 836 sumus
2297 780 2670 841 tumultuati

257 889 332 930 ac
368 869 629 932 vixdum
665 873 858 932 etiam
889 871 1302 933 consedimus.
1404 871 1635 933 Omnia
1677 892 1816 934 mea
1858 874 2162 935 contraho
2205 876 2664 955 perdiligenter,

257 971 331 1027 tu
385 968 484 1029 fac
537 968 805 1031 asellum
854 973 1142 1032 nostrum
1192 989 1381 1050 quam
1426 969 1707 1048 primum
1758 971 1879 1032 huc
1926 971 2304 1033 clitellatum
2357 976 2665 1049 extrudas,

258 1085 407 1126 eum
448 1066 567 1127 tibi
609 1068 927 1129 chartacea
966 1068 1207 1130 sarcina
1249 1071 1577 1130 oneratum
1618 1069 1957 1131 remittam.
2044 1071 2142 1132 'Pu
2181 1077 2427 1149 praeter
2464 1077 2670 1135 vestes
2699 1090 2762 1140 30

261 1183 451 1236 meaS,
482 1165 559 1225 de
593 1166 823 1243 quibus
858 1166 1094 1244 scripsi,
1125 1167 1422 1245 epistolas
1461 1186 1704 1245 quoque
1740 1170 1879 1228 tum
1924 1188 2096 1230 meas
2136 1171 2276 1231 tum
2321 1171 2667 1233 GuilheLmi

261 1262 517 1323 mittito.
604 1263 963 1341 Campanus
1015 1265 1119 1326 hic
1175 1265 1416 1326 venalis
1470 1286 1607 1326 esse
1659 1265 1864 1340 desiit,
1926 1269 1990 1327 et
2044 1267 2244 1329 nimio
2297 1271 2450 1331 dum
2505 1274 2667 1332 esset

257 1361 622 1436 emebatur;
692 1366 907 1424 tamen
968 1367 1033 1425 et
1083 1364 1253 1424 hunc
1310 1367 1373 1424 et
1430 1362 1774 1440 Sulpitium
1836 1364 2110 1427 mittam.
2239 1367 2361 1428 Sed
2417 1367 2667 1429 asinum

255 1464 545 1521 nostrum
594 1464 865 1538 expecto,
918 1482 1117 1541 neque
1159 1463 1332 1523 enim
1379 1462 1594 1541 ignoto
1642 1464 1928 1524 iumento
1972 1466 2184 1525 tantas
2226 1483 2466 1526 merces
2508 1486 2667 1527 com·

253 1577 501 1620 misero.
2694 1577 2753 1630 35

339 1654 585 1717 Natalis
640 1657 968 1737 theologus
1024 1658 1357 1735 diligenter
1409 1679 1513 1719 me
1566 1659 1696 1719 tuis
1751 1659 1958 1720 verbis
2012 1661 2353 1736 salutauit3
2414 1681 2490 1722 ex
2546 1682 2668 1740 quo

252 1754 580 1815 dominam
609 1756 976 1818 Veriensem
1004 1757 1122 1818 iter
1146 1757 1418 1818 Romam
1448 1778 1573 1818 vna
1601 1777 1745 1819 cum
1773 1777 1981 1819 sorore
2009 1757 2357 1821 instituisse
2384 1761 2665 1837 cognoui,

255 1873 360 1914 me
394 1854 520 1914 sibi
552 1854 848 1916 comitem
884 1857 1045 1917 velle
1082 1856 1374 1916 ostendit.
1461 1855 1638 1931 Quod
1677 1874 1756 1916 ex
1794 1876 1932 1917 arce
1967 1857 2145 1918 breui
2181 1858 2270 1918 sis
2309 1858 2669 1919 euolaturus

254 1952 629 2028 Louanium,
682 1953 1030 2032 gratularer
1083 1954 1216 2027 tibi,
1264 1953 1391 2014 nisi
1443 1956 1506 2014 te
1560 1957 1694 2015 tam
1751 1954 2131 2016 insolentem
2187 1975 2354 2016 noua
2407 1955 2668 2018 libertas

253 2050 560 2111 redderet.
669 2052 827 2112 'Pam
880 2054 1053 2113 ferox
1111 2073 1177 2113 es
1225 2052 1439 2126 factus,
1485 2052 1588 2113 eui
1637 2052 1885 2114 diutina
1932 2053 2237 2114 seruitute
2283 2053 2508 2115 afflicto
2556 2055 2666 2115 vix
2694 2071 2758 2122 40

252 2149 465 2209 tenuis
519 2149 822 2228 quaedam
875 2149 1187 2212 libertatis
1242 2170 1386 2229 spes
1440 2149 1762 2211 affulserit.
1850 2149 2013 2226 Quid
2069 2149 2326 2212 tandem
2380 2151 2666 2213 futurum

251 2250 365 2321 est,
398 2249 507 2309 vbi
535 2249 804 2310 Louanii
830 2268 973 2309 cum
1000 2253 1111 2309 tua
1136 2269 1364 2326 pompa
1392 2248 1731 2327 regnabis?
1786 2248 1907 2309 Fac
1935 2268 2039 2309 me
2064 2248 2399 2326 diligenter
2424 2252 2561 2311 toto
2588 2252 2668 2312 de

251 2346 470 2408 animo
505 2350 618 2408 tuo
656 2347 997 2423 certiorem,
1030 2350 1095 2407 et
1130 2346 1276 2426 quid
1313 2348 1382 2408 in
1410 2349 1469 2407 te
1499 2347 1733 2408 nostris
1760 2347 1837 2407 de
1866 2346 2052 2408 rebus
2083 2347 2298 2408 fatalis
2335 2348 2468 2425 spei
2509 2369 2665 2410 rese-

252 2446 455 2518 derit3
517 2465 668 2506 nam
716 2446 836 2506 sub
882 2445 1222 2506 discessum
1274 2466 1489 2506 meum
1537 2445 1702 2505 nihil
1743 2445 1959 2506 dextre
2000 2444 2162 2505 mihi
2202 2445 2376 2505 visus
2416 2465 2485 2507 es
2524 2466 2666 2508 con·

252 2542 542 2605 suluisse.
590 2542 833 2619 Quibus
848 2542 1025 2604 iubes
1046 2543 1316 2605 scribam
1336 2564 1449 2622 per
1470 2542 1781 2605 Natalem.
1834 2544 2073 2619 Comes,
2094 2564 2216 2621 qua
2235 2546 2334 2605 est
2350 2543 2659 2618 comitate,
2690 2565 2754 2612 45

254 2644 321 2703 te‘
344 2642 650 2704 resalutat
674 2641 1039 2721 plurimum.
1126 2641 1352 2703 Medici
1390 2662 1546 2722 puer
1573 2661 1900 2721 nunquam
1938 2641 2273 2703 concedam
2302 2644 2370 2702 vt
2399 2662 2501 2703 me
2528 2646 2663 2704 tam

252 2740 579 2818 vestigarit
609 2761 798 2820 quam
834 2742 1025 2802 fuerit
1052 2763 1090 2802 a
1118 2741 1301 2802 nobis
1330 2741 1691 2819 vestigatus.
1762 2741 1903 2803 Iam
1933 2761 2012 2801 ne
2047 2740 2413 2800 nominibus
2441 2740 2665 2802 aulicis

250 2839 488 2900 bonam
513 2839 817 2915 epistolae
844 2844 1090 2918 partem
1117 2859 1429 2917 occupem,
1463 2859 1622 2917 quos
1648 2859 1762 2917 par
1788 2842 1884 2900 est
1910 2841 1975 2899 et
2001 2839 2090 2899 ita
2127 2843 2198 2900 vt
2231 2859 2516 2917 quenque
2553 2859 2666 2916 par

248 2940 360 3008 est,
413 2940 738 3016 torquatos
785 2939 940 2998 istos
990 2959 1128 2998 meo
1179 2937 1435 2998 nomine
1495 2939 1816 2999 salutabis
1902 2938 2272 3014 Adolphum
2328 2938 2660 2998 alumnum

248 3040 436 3096 tuum
465 3035 732 3097 feliciter
759 3056 939 3115 agere
966 3057 1195 3114 precor.
1283 3036 1456 3098 Vale.
1544 3036 1827 3098 Parisiis,
1916 3033 2010 3117 [11.
2034 3055 2194 3097 cccc.
2220 3033 2473 3117 xcvm.]
2688 3051 2752 3100 50

1009 3231 1155 3292 102.
1246 3227 1343 3292 To
1385 3228 1432 3294 J
1437 3246 1619 3293 Anas
1666 3226 1873 3294 BA‘r'r.

322 3315 576 3386 Farrago
600 3333 659 3385 p.
690 3330 807 3372 102.
2318 3311 2493 3369 Paris.

323 3401 386 3457 F.
414 3420 473 3472 p.
497 3414 634 3473 259:
671 3401 809 3457 HN:
849 3402 1025 3459 Lond.
1049 3421 1095 3459 v.
1121 3419 1182 3474 9:
1226 3402 1331 3458 LB.
1358 3417 1441 3457 22.
2193 3400 2365 3474 (May
2394 3398 2585 3473 1499.)

312 3523 472 3588 [Just
513 3524 691 3572 before
724 3523 821 3574 the
853 3524 982 3573 visit
1016 3525 1074 3572 to
1114 3522 1379 3586 England.
1447 3523 1561 3572 The
1607 3522 1739 3584 only
1775 3523 2029 3571 evidence
2065 3536 2126 3571 aa
2164 3524 2222 3571 to
2253 3523 2349 3571 the
2381 3535 2570 3571 season
2606 3521 2666 3570 of

246 3589 524 3639 Erasmns'
564 3589 853 3651 departure
886 3591 935 3638 is
967 3590 1029 3638 in
1063 3589 1157 3638 the
1189 3593 1366 3639 uinum
1401 3593 1611 3648 epistolae
1643 3593 1922 3647 mmmm,
1956 3587 2141 3638 which
2176 3587 2226 3636 is
2256 3587 2434 3638 found
2465 3589 2527 3636 in
2561 3585 2659 3637 the

247 3655 462 3704 revised
495 3654 706 3704 edition
741 3654 801 3703 of
827 3659 893 3704 Do
925 3659 1142 3704 conse-nb.
1181 3660 1309 3713 epist.
1347 3653 1503 3703 made
1539 3655 1599 3702 in
1637 3668 1781 3717 1501,
1819 3655 1918 3703 but
1952 3655 2049 3701 not
2082 3654 2143 3701 in
2166 3653 2263 3703 the
2297 3653 2417 3703 first
2448 3652 2659 3702 edition

245 3720 309 3769 of
330 3723 465 3783 ¹⁴9⁸
489 3721 610 3784 (Ep.
635 3734 691 3782 71
717 3736 731 3781 ς
765 3721 873 3769 and
895 3720 962 3770 cf.
986 3735 1039 3783 p.
1068 3718 1199 3783 155).
1273 3720 1341 3769 In
1366 3720 1481 3768 this
1499 3724 1772 3780 exemplum,
1793 3718 1976 3768 which
2000 3720 2049 3768 is
2070 3718 2283 3782 plainly
2303 3718 2492 3768 drawn
2516 3717 2658 3766 from

245 3787 345 3837 the
373 3785 647 3835 incidente
669 3788 728 3835 or
746 3786 841 3835 the
859 3786 1085 3849 English
1104 3787 1249 3846 visit,
1264 3786 1520 3835 Erasmus
1542 3786 1692 3848 gives
1711 3785 1807 3834 the
1828 3784 2106 3847 following
2125 3799 2344 3834 reasons
2363 3784 2447 3833 for
2467 3784 2658 3847 going:

248 3852 458 3900 ‘orabat
477 3852 523 3900 is
537 3854 623 3900 cui
641 3867 833 3914 negare
847 3853 926 3901 fas
941 3866 1052 3899 non
1068 3854 1181 3900 erat
1186 3853 1256 3914 ,et
1272 3865 1368 3913 per
1378 3852 1609 3900 aestiuos
1624 3865 1836 3899 menses
1849 3849 2092 3900 inGallia
2103 3850 2463 3900 desidendum
2478 3847 2658 3912 erata]

971 3982 1286 4032 ERASMVS
1333 3982 1555 4031 ΒΑΤΤΟ
1600 3983 1725 4031 SVO
1771 3983 1822 4030 Β.
1869 3983 1936 4030 D.

326 4104 503 4167 sz
531 4107 843 4183 quantum
880 4104 1306 4165 maledicendo
1334 4102 1558 4164 valeas.
1646 4103 1848 4165 Vnica
1878 4106 2131 4165 tantum
2163 4103 2430 4182 epistola
2455 4102 2661 4164 victus

247 4206 330 4265 do
370 4222 612 4278 manus,
646 4221 721 4262 ex
755 4201 989 4263 harena
1015 4202 1178 4275 cedo,
1214 4203 1282 4262 in
1310 4202 1614 4280 Angliam
1642 4222 1837 4281 vsque
1863 4202 2148 4282 profugio
2171 4225 2187 4277 3
2234 4202 2339 4263 hic
2366 4205 2529 4264 certe
2557 4222 2659 4262 me

515 4336 625 4383 101.
651 4347 732 4396 50.
771 4346 824 4382 11.
839 4346 970 4382 cecc.
987 4346 1157 4383 xcvm
1180 4336 1293 4381 add.
1319 4336 1383 4383 H.
1914 4334 2024 4382 102.
2050 4346 2098 4382 a.
2133 4347 2201 4381 ex
2221 4348 2313 4383 om.
2336 4337 2391 4382 Γ.

314 4473 428 4521 101.
452 4484 534 4531 3⁹·
557 4466 893 4532 Campanus]
917 4467 1013 4518 See
1035 4482 1087 4529 p.
1119 4467 1227 4529 185.
1297 4465 1403 4515 His
1502 4481 1686 4515 course
1717 4466 1854 4515 from
1888 4466 1986 4515 the
2018 4465 2383 4515 Netherlands
2407 4468 2465 4514 to
2491 4464 2656 4512 Rome

237 4536 508 4599 complete
563 4535 741 4585 works
804 4547 945 4583 were
998 4532 1289 4596 published
1345 4535 1399 4581 at
1506 4532 1588 4580 for
1616 4531 1807 4581 Baster-
1842 4545 1971 4592 1500
2001 4546 2088 4581 see
2123 4531 2495 4592 Hacquereau,
2517 4532 2657 4578 aare·

240 4604 413 4652 Rome
434 4601 546 4650 and
568 4605 628 4652 at
649 4600 854 4650 Venice
876 4600 939 4649 in
967 4612 1108 4660 1495.
1503 4604 1666 4656 aitque
1701 4602 1756 4646 de
1789 4601 2090 4657 Bmwyoiqne,
2118 4597 2201 4645 ed.
2237 4595 2482 4654 Buchon,
2509 4595 2651 4655 1838,

303 4682 392 4731 33.
426 4666 727 4731 Sulpitium
779 4665 860 4716 Cf.
884 4665 980 4728 Ep.
1014 4678 1122 4725 ¹17·
1147 4679 1213 4724 42
1235 4679 1292 4712 n.
1505 4677 1558 4725 p.
1583 4677 1629 4723 5.

303 4749 390 4796 37.
427 4732 682 4796 Romam]
772 4745 834 4780 or
873 4731 968 4779 the
1009 4732 1225 4792 general
1281 4743 1404 4778 con·
1573 4743 1652 4790 ⁴3·
1692 4727 1873 4778 fatalis
1895 4726 2035 4791 spei]
2058 4728 2137 4778 cf.
2166 4727 2260 4789 Ep.
2284 4728 2366 4778 80.
2394 4740 2458 4786 79
2475 4741 2528 4776 n.
