3355 5380
643 383 765 440 210
1362 379 1738 442 Lim-Eas
1780 379 1887 442 or
1928 379 2327 442 ERAsts
2854 376 3042 459 [1498

551 563 615 614 ⁵0
640 536 958 609 acciderat,
990 554 1120 595 non
1152 535 1231 595 ab
1268 534 1446 596 asino
1471 535 1580 596 sed
1617 535 1699 595 ab
1737 555 1896 613 equo
1932 535 2180 613 delapso
2215 535 2408 596 asino.
2496 534 2697 595 Iudex
2727 531 3046 611 respondit

640 652 708 694 se
749 633 850 693 ius
892 633 1225 707 dicturum,
1268 632 1377 693 vbi
1416 632 1667 694 sceleris
1705 637 1954 695 autores
1991 634 2515 711 produxissemus.
2601 634 2691 695 At
2737 631 2851 706 illi,
2896 649 3045 691 nam

639 733 899 793 aderant
943 750 1058 792 suo
1105 732 1314 807 iudici,
1360 731 1555 792 simul
1602 735 1788 810 atque
1832 752 1947 793 nos
1985 732 2269 794 viderent
2314 731 2576 809 ingredi,
2622 730 3047 793 subduxerant

640 849 789 892 sese.
878 830 955 891 Id
1005 829 1325 892 Adrianus
1369 830 1714 905 admonuit,
1765 830 1874 891 sed
1917 830 2048 891 illis
2092 830 2221 892 iam
2267 832 2544 909 egressis.
2646 830 2749 891 Ita
2794 846 3044 889 causam

640 928 1024 1008 reliquimus.

551 1051 612 1102 5⁵
724 1028 1015 1088 Poteram
1043 1026 1171 1087 iam
1197 1026 1315 1087 hoc
1342 1025 1552 1087 omine
1579 1026 1812 1087 terreri.
1886 1027 2053 1088 Eum
2079 1029 2244 1105 apud
2273 1048 2376 1089 me
2402 1027 2671 1090 retinere
2698 1024 3040 1103 cupiebam,

639 1126 804 1204 quod
819 1126 1188 1187 vulneratus
1206 1128 1381 1200 esset,
1408 1124 1516 1185 sed
1539 1126 1602 1183 te
1620 1125 2087 1203 quamprimum
2108 1127 2185 1188 de
2204 1130 2419 1188 nostro
2439 1125 2698 1186 consilio
2718 1123 3046 1184 certiorem

641 1224 779 1285 fieri
796 1225 990 1299 volui,
1013 1227 1076 1284 et
1103 1227 1283 1284 tuam
1309 1223 1690 1284 sententiam
1719 1243 1907 1301 quam
1935 1225 2254 1286 celerrime
2281 1244 2662 1303 cognoscere.
2722 1224 3049 1283 Praeterea

640 1326 738 1384 tot
779 1322 1294 1400 occupationibus
1335 1322 1673 1399 premebar,
1707 1325 1780 1382 vt
1819 1322 1928 1383 vix
1963 1343 2186 1384 somno
2223 1328 2477 1402 tempus
2513 1324 2881 1401 suppeteret.
2966 1318 3049 1379 Ei

640 1421 982 1482 octodecim
1004 1422 1416 1482 duodenarios
1440 1422 1518 1482 ad
1540 1421 1900 1499 augendum
1922 1422 2225 1483 viaticum
2251 1424 2388 1485 eius
2406 1422 2567 1483 dedi.
2625 1420 2851 1481 Aiebat
2876 1418 3048 1479 enim

550 1537 617 1587 60
641 1540 710 1581 se
758 1538 889 1580 non
936 1520 1078 1597 plus
1125 1519 1386 1597 triginta
1431 1519 1543 1579 abs
1591 1523 1656 1580 te
1699 1520 2021 1598 accepisse,
2069 1523 2135 1581 et
2182 1521 2347 1598 quod
2395 1524 2544 1595 erat,
2587 1540 2626 1579 a
2670 1516 3052 1580 satellitibus

640 1621 926 1696 ereptum
951 1620 1066 1678 est.
1152 1618 1482 1677 Praeterea
1507 1617 1726 1678 iuueni
1762 1618 2012 1680 cuidam
2043 1622 2271 1697 putum
2301 1618 2549 1680 mutaui
2578 1635 2853 1691 aureum,
2884 1614 3051 1693 quod

643 1716 1006 1777 tabellarius
1031 1735 1257 1777 aurum
1286 1715 1422 1775 eius
1447 1735 1599 1776 auro
1627 1717 1699 1776 in
1725 1716 1949 1778 itinere
1976 1721 2300 1779 mutasset.
2375 1717 2538 1779 Cura
2563 1719 2635 1776 vt
2662 1735 2806 1775 cum
2835 1718 3053 1775 rursu's

640 1814 743 1876 ini
768 1814 1066 1892 pecuniae
1093 1814 1444 1887 mittentur,
1468 1813 1808 1876 mittentur
1832 1820 2041 1877 autem
2068 1820 2141 1877 vt
2164 1816 2351 1878 audio
2378 1814 2572 1890 breui,
2604 1813 2770 1875 iusta
2795 1814 3055 1873 moneta

643 1913 805 1973 mihi
833 1912 1133 1973 reddatur
1155 1933 1171 1985 3
1211 1932 1326 1990 ego
1353 1912 1482 1972 illis
1510 1914 1858 1974 nostratem
1886 1914 2228 1989 rewimam,
2261 1917 2333 1974 vt
2358 1913 2564 1975 isthuc
2592 1913 2882 1972 referant.

550 2028 615 2096 ⁶5
724 2010 870 2070 Non
906 2030 973 2071 es
1007 2011 1455 2084 admonendus,
1487 2012 1581 2072 mi
1605 2011 1808 2089 Batte,
1842 2013 1994 2073 noui
2021 2014 2194 2074 enim
2232 2016 2299 2074 et
2325 2013 2517 2074 fidem
2554 2015 2620 2072 et
2655 2009 3053 2088 diligentiam

641 2111 834 2183 tuam,
866 2112 938 2169 vt
975 2111 1038 2170 et
1075 2109 1481 2170 emolimento
1507 2113 1571 2171 et
1595 2111 1894 2188 dignitati
1925 2132 2102 2172 meae
2128 2111 2431 2173 consulas.
2517 2111 2736 2172 Terret
2763 2129 2868 2169 me
2895 2127 3053 2169 non-

641 2205 809 2266 nihil
851 2206 1028 2269 aulae
1068 2210 1306 2283 natura,
1353 2210 1418 2268 et
1458 2208 1741 2270 fortunas
1788 2229 1961 2272 meas
2000 2230 2267 2289 agnosco
2314 2230 2503 2288 quam
2544 2210 2676 2269 sint
2718 2207 3049 2285 malignae.

642 2304 985 2365 Dominam
1021 2306 1144 2366 isto
1182 2306 1254 2367 in
1291 2326 1396 2366 me
1421 2307 1635 2367 animo
1661 2327 1795 2369 esse
1821 2307 2173 2386 plurimum
2201 2308 2457 2386 gaudeo.
2542 2307 2664 2369 Sed
2691 2327 2813 2385 quo
2840 2306 3055 2367 animo

640 2408 778 2464 erat
802 2405 1093 2466 Antistes
1117 2407 1135 2467 1
1177 2424 1364 2482 quam
1390 2424 1570 2483 spem
1596 2407 1963 2468 ostendebat
1987 2409 2003 2468 1
2046 2408 2195 2486 quid
2226 2427 2395 2468 nunc
2421 2406 2712 2484 frigidius
2729 2408 2763 2466 ⁴?
2829 2404 3053 2465 Malim

552 2524 616 2579 70
642 2522 758 2579 ego
778 2507 1014 2564 certam
1033 2503 1309 2582 aliquam
1329 2503 1559 2580 stipem
1586 2503 1657 2563 in
1684 2504 1886 2566 literis
1912 2505 2042 2566 tuis
2068 2525 2257 2584 quam
2287 2504 2743 2584 amplissimam
2771 2504 3055 2567 nomina-

641 2604 792 2662 tam.
879 2601 1026 2662 Non
1055 2601 1176 2662 tibi
1202 2600 1492 2661 obiiciam
1517 2602 1955 2681 Vergilianum
1984 2603 2161 2678 illud,

1440 2750 1706 2811 Varium
1735 2754 1800 2811 et
1827 2751 2128 2812 mutabile
2155 2771 2403 2831 semper

1281 2848 1598 2910 Foemina.

642 2988 779 3066 Ego
819 2989 993 3050 enim
1033 2990 1221 3051 istam
1261 3008 1393 3051 non
1433 2990 1603 3051 inter
1641 2989 2044 3052 mulierculas
2074 2990 2182 3051 sed
2221 2989 2535 3068 viragines
2559 3010 2848 3052 numero.
2929 2990 3053 3052 Sed

554 3109 582 3164 7
587 3115 615 3165 5
642 3089 1130 3167 quotusquisque
1157 3087 1300 3148 istic
1326 3088 1541 3148 literas
1568 3090 1813 3149 nostras
1840 3087 2153 3148 miratur?
2220 3088 2384 3149 Tum
2411 3088 2552 3167 quis
2578 3089 2767 3150 etiam
2796 3108 3052 3150 omnem

642 3187 1062 3248 eruditionem
1092 3205 1221 3247 non
1247 3185 1434 3246 habet
1460 3185 1735 3247 inuisam
1755 3187 1788 3246 *Ρ
1869 3185 1952 3246 In
1989 3189 2054 3247 te
2085 3185 2340 3264 quidem
2368 3206 2617 3248 summa
2651 3187 3051 3248 fortunarum

642 3302 924 3343 mearum
964 3285 1086 3346 sita
1123 3288 1237 3345 est.
1322 3284 1445 3345 Sed
1485 3284 1542 3345 si
1582 3282 1773 3362 (quod
1815 3303 2002 3344 omen
2045 3303 2311 3362 magnus
2350 3287 2593 3346 auertat
2640 3285 2906 3364 Iupiter)
2953 3305 3054 3346 res

640 3399 822 3441 secus
859 3382 1148 3444 ceciderit
1188 3402 1377 3461 quam
1417 3385 1674 3461 vterque
1714 3382 2022 3457 volumus,
2052 3385 2124 3443 tu
2165 3402 2309 3443 cum
2351 3403 2487 3445 aere
2527 3385 2796 3446 tenearis
2823 3383 3049 3458 alieno,

641 3482 956 3556 praeterea
1000 3484 1110 3542 tuo
1156 3482 1427 3559 quodam
1472 3481 1664 3541 etiam
1711 3481 1842 3542 fato
1886 3480 1974 3541 sis
2018 3481 2134 3542 hac
2183 3481 2251 3541 in
2298 3485 2475 3560 parte
2522 3481 2847 3556 infelicior,
2898 3480 3052 3559 quid

552 3589 617 3638 80
642 3577 914 3638 amiculo
946 3598 1300 3639 succurrere
1331 3580 1533 3657 possis
1552 3581 1586 3640 *ἓ
1668 3578 1813 3640 Non
1854 3579 1974 3640 tibi
2015 3581 2348 3642 concedam
2388 3584 2459 3642 vt
2498 3584 2571 3642 tu
2607 3581 2808 3660 magis
2849 3580 3054 3641 nostri

641 3697 830 3755 quam
874 3696 988 3754 ego
1030 3677 1126 3738 tui
1174 3677 1498 3755 desyderio
1534 3678 1774 3756 flagres.
1860 3677 1982 3739 Sed
2016 3677 2207 3739 etiam
2248 3682 2433 3757 atque
2473 3680 2664 3741 etiam
2703 3679 3055 3741 videndum

640 3795 861 3836 censeo
885 3795 967 3836 ne
993 3774 1267 3837 nimium
1293 3776 1412 3836 hoc
1439 3776 1633 3837 caleat
1656 3778 1866 3838 modo.

725 3874 896 3934 Haec
916 3873 1117 3934 scribo
1139 3894 1270 3935 non
1292 3894 1412 3953 quo
1433 3875 1535 3935 vel
1556 3874 1938 3936 sententiam
1958 3875 2340 3937 mutauerim
2359 3880 2470 3939 aut
2495 3877 2710 3939 animo
2735 3874 3047 3952 vacillem,

709 4036 787 4083 59.
824 4022 1185 4072 duodenarios
1206 4026 1280 4072 F:
1318 4022 1599 4072 duodenos
1620 4027 1680 4073 E.
1717 4025 1836 4073 eius
1866 4038 1959 4073 om.
1981 4027 2038 4072 F.
2262 4025 2346 4073 60.
2383 4024 2660 4076 duodenos
2686 4031 2790 4085 pout
2816 4024 3054 4087 triginta

640 4092 869 4216 3351·qu
891 4104 989 4203 ἕνα.
1002 4092 1145 4215 ἔξω
1170 4158 1237 4205 Η.
1270 4090 1354 4138 61.
1390 4093 1586 4151 putum
1608 4094 1722 4139 add.
1744 4093 1790 4138 E
1809 4093 1984 4150 Gon-ia.
2005 4105 2018 4139 :
2052 4092 2324 4139 scutatuxn
2347 4095 2402 4140 F.
2584 4093 2667 4141 62.
2701 4105 2832 4141 auro
2850 4093 2969 4139 add.
2988 4093 3050 4140 F.

706 4375 790 4425 53.
826 4361 1123 4427 Adrianus]
1153 4363 1250 4412 the
1271 4376 1594 4425 messenger,
1622 4362 1659 4412 1.
1680 4376 1790 4412 110.
1961 4377 2042 4424 71.
2078 4362 2483 4428 Vergilianum]
2505 4368 2629 4414 Aen.
2655 4379 2702 4424 4.
2729 4365 2843 4427 569,
2872 4376 2948 4423 70.

641 4427 726 4480 Cf.
751 4428 887 4492 Epp.
910 4441 991 4490 95,
1024 4442 1133 4490 101,
1163 4443 1274 4489 124,
1299 4443 1409 4490 133,
1440 4429 1550 4488 146.
1959 4443 2038 4490 79.
2074 4431 2169 4479 tuo
2213 4427 2351 4492 fato]
2403 4429 2536 4478 This
2589 4428 2784 4492 phrase
2839 4428 2886 4475 is
2934 4426 3047 4476 fre-

707 4508 789 4556 59.
825 4493 1211 4558 duodenarios]
1299 4494 1402 4543 For
1481 4493 1596 4542 this
1679 4493 1791 4543 and
1892 4494 2124 4557 quently
2166 4494 2300 4544 used
2353 4496 2414 4544 of
2452 4495 2582 4544 Batt
2609 4512 2624 4557 ;
2678 4495 2811 4558 Epp.
2857 4493 2939 4555 87.
2988 4506 3042 4553 7,

641 4565 879 4610 nemaeum
901 4574 989 4609 see
1011 4559 1109 4623 Ep.
1139 4573 1251 4620 119.
1282 4560 1373 4621 187
1398 4560 1508 4608 and
1537 4573 1655 4621 109.
1889 4573 1978 4622 95.
2001 4572 2081 4620 51,
2111 4574 2222 4609 101.
2253 4575 2336 4623 43,
2363 4574 2472 4623 133.
2502 4576 2551 4623 3,
2581 4579 2632 4623 4,
2660 4575 2771 4624 139.
2799 4574 2880 4609 so.
2948 4557 3046 4607 He

705 4626 789 4675 68.
826 4623 1142 4689 Dominam]
1167 4625 1329 4674 Anne
1354 4625 1414 4674 of
1432 4624 1736 4675 Borsselen.
1890 4639 2003 4676 was
2014 4625 2298 4687 evidently
2312 4626 2630 4676 considered
2645 4626 2715 4690 by
2730 4626 2818 4676 his
2832 4622 3051 4675 friends

705 4692 790 4753 69.
824 4690 1097 4754 Antiates]
1123 4690 1182 4738 of
1199 4690 1478 4753 Cambray.
1890 4693 1950 4741 to
1971 4691 2038 4741 be
2059 4705 2092 4741 a
2117 4693 2132 4720 ⁴
2148 4690 2312 4755 lucky
2327 4692 2340 4712 ¹
2365 4706 2576 4756 person.
