3355 5380
685 404 805 462 250
1398 396 1777 459 LETTERS
1816 395 1926 458 or
1965 394 2363 457 ERASMUS
2903 388 3096 472 [1499

683 558 830 618 ilico
878 558 1144 636 pedibus
1191 558 1260 618 in
1306 561 1487 618 tuam
1534 558 1739 617 iturus
1783 576 1985 617 essem
2029 554 2425 616 sententiam.
2512 554 2607 613 Ac
2650 572 2791 612 meo
2840 551 3094 628 quidem

689 657 922 718 iudicio
963 642 1230 718 faciebas
1262 657 1620 735 prudenter.
1713 655 1963 717 Sciebas
1999 655 2173 715 enim
2204 654 2303 731 (vt
2342 652 2617 730 grauiter
2654 650 2820 711 dixit
2856 648 3096 711 Minius

600 769 662 805 10
686 755 794 815 ille
823 755 1077 832 nobilis)
1106 756 1380 816 nimium
1415 754 1769 815 altercando
1800 771 2260 830 nonnunquam
2287 750 2496 812 amitti
2526 750 2856 811 veritatem
2885 770 2901 822 ;
2925 768 3096 827 prae·

683 855 902 915 sertim
923 855 978 913 si
999 853 1341 931 disputatio
1363 855 1692 930 peragatur
1709 851 1811 912 his
1836 850 2115 927 testibus,
2144 851 2309 928 apud
2330 869 2489 927 quos
2507 847 2828 908 doctrinae
2847 848 3098 907 nostrae

685 950 1047 1028 opinionem
1069 951 1407 1028 periclitari
1428 951 1770 1012 credamus.
1853 950 2093 1010 Aderat
2111 952 2323 1009 autem
2344 946 2696 1008 Richardus
2714 946 3094 1021 Chamocus,

683 1049 958 1124 Praesul‚
988 1050 1459 1111 vetustissimus
1488 1049 1731 1109 amicus
1757 1048 1894 1122 tibi,
1927 1047 2087 1108 mihi
2113 1067 2330 1108 recens
2357 1046 2595 1123 hospes,
2627 1045 2737 1106 sed
2763 1045 3097 1122 vtriusque

683 1150 972 1209 nostrum
1024 1168 1223 1225 poene
1277 1168 1353 1208 ex
1407 1167 1606 1225 aequo
1661 1150 1802 1207 tum
1856 1165 2077 1208 amans
2131 1148 2273 1206 tum
2326 1144 2661 1206 admirans.
2765 1145 3099 1205 Praeterea

589 1249 906 1307 1511811118
939 1247 1170 1307 insitus
1206 1246 1630 1307 contentionis
1661 1246 1827 1307 calor
1859 1248 1924 1305 et
1955 1244 2240 1305 studium
2272 1263 2388 1304 sua
2418 1243 2639 1320 cuique
2673 1240 2894 1303 tuendi
2921 1260 3097 1300 man·

678 1344 1056 1405 suetioribus
1089 1345 1279 1405 etiam
1319 1345 1642 1405 mentibus
1679 1362 2138 1421 nonnunquam
2174 1343 2486 1420 imponit;
2525 1361 2676 1402 nam
2703 1344 2775 1401 vt
2803 1339 3099 1400 inuenias

662 1442 790 1520 qui
818 1442 975 1502 velit
1001 1463 1150 1520 agro
1177 1445 1440 1521 paterno
1467 1444 1697 1517 cedere,

1267 1559 1378 1636 qui
1405 1558 1561 1618 velit
1589 1557 1848 1635 ingenio
1875 1556 2087 1616 cedere
2115 1556 2332 1616 nullus
2359 1555 2496 1615 erit.

759 1672 983 1749 Itaque
1020 1672 1279 1732 monitis
1321 1673 1466 1747 tuis,
1501 1673 1593 1732 1111
1636 1672 1861 1747 Colete‚
1905 1672 2174 1731 libenter
2206 1690 2350 1730 sum
2394 1669 2797 1746 obsequutus,
2832 1685 3098 1742 remque

591 1790 652 1826 20
677 1774 877 1832 totam
932 1790 1179 1831 mecum
1226 1771 1439 1832 animo
1488 1774 1776 1849 repetens
1829 1769 2014 1848 paulo
2070 1789 2214 1830 sum
2269 1769 2455 1828 fixius
2509 1766 2907 1845 pressiusque
2956 1784 3101 1825 con·

676 1868 1018 1946 templatus
1042 1891 1058 1942 ς
1099 1869 1380 1947 deposito
1409 1870 1583 1929 omni
1611 1868 1825 1930 studio
1852 1868 2123 1929 rationes
2146 1868 2470 1944 Vtriusque
2496 1876 2879 1943 componens
2903 1866 3101 1941 atque

674 1965 1054 2044 expendens,
1084 1966 1213 2026 imo
1250 1968 1718 2044 permutatione
1754 1966 1934 2040 facta,
1967 1969 2040 2026 vt
2072 1965 2202 2026 tuis
2228 1964 2486 2042 perinde
2512 1985 2581 2024 86
2610 1963 2770 2023 18616
2796 1963 3095 2038 1811616111,

674 2067 739 2125 et
779 2084 948 2125 meas
992 2084 1120 2125 non
1156 2066 1371 2125 minus
1412 2067 1638 2126 acriter
1675 2085 1867 2142 quam
1901 2064 1956 2124 si
1993 2066 2137 2124 tuae
2171 2063 2442 2123 fuissent
2466 2064 2840 2122 excuterem.
2932 2061 3096 2122 Mihi

674 2164 889 2221 tamen
919 2163 1087 2222 inter
1105 2163 1258 2222 haec
1279 2183 1481 2241 neque
1504 2164 1659 2224 noui
1688 2163 2021 2241 quicquam
2045 2162 2116 2222 in
2146 2166 2424 2222 mentem
2451 2161 2632 2220 venit
2662 2179 2863 2237 neque
2891 2160 3098 2220 cuius·

586 2275 647 2323 25
675 2279 867 2337 quam
907 2261 1072 2339 quod
1131 2261 1398 2321 dixerim
1448 2262 1779 2339 poenituit.
1869 2261 2169 2338 Experiar
2209 2260 2404 2337 igitur
2441 2258 2496 2319 si
2538 2258 2772 2334 possim
2814 2278 3096 2335 pugnam

675 2356 852 2417 illam
879 2358 1242 2419 vniuersam
1284 2359 1512 2419 litteris
1554 2362 2029 2436 repraesentare,
2061 2361 2126 2418 et
2165 2362 2468 2435 tanquam
2508 2357 2773 2418 eandem
2815 2356 3098 2417 fabulam

674 2475 857 2532 agere
903 2456 1147 2531 (16811ος
1203 2476 1334 2517 808
1385 2458 1550 2536 quod
1598 2458 1720 2517 sim
1770 2476 1960 2533 quam
2009 2461 2149 2517 tum
2201 2477 2374 2517 61818
2432 2442 2814 2531 instructior,
2863 2455 2976 2515 sed
3028 2458 3100 2515 vt

673 2553 893 2614 cadem
935 2554 1060 2628 1118,
1106 2574 1262 2631 (11186
1311 2559 1452 2616 tum
1499 2555 1827 2615 incondite
1869 2554 2119 2633 (quippe
2162 2555 2529 2632 imparatus)
2571 2553 2870 2628 dicebam,
2921 2572 3098 2613 nunc

674 2650 927 2713 efferam
976 2652 1161 2731 paulo
1209 2656 1349 2714 tum
1407 2654 1712 2734 digestius
1767 2656 1910 2714 tum
1960 2653 2288 2715 munitius.
2380 2652 2545 2714 Nam
2599 2652 2852 2732 paribus
2899 2652 3101 2732 copiis

580 2769 645 2819 30
673 2768 804 2809 1108
852 2749 1012 2809 811111
1058 2753 1273 2812 tamen
1317 2753 1507 2814 refert
1550 2773 1742 2830 quam
1790 2753 1945 2812 scite
1990 2751 2288 2813 collocata
2333 2753 2460 2812 acie
2507 2771 2764 2830 pugnes.
2851 2750 3100 2812 Verum

671 2847 1059 2926 argumentis
1106 2850 1511 2927 potissimum
1560 2870 1836 2929 agemuS,
1885 2850 2393 2927 quandoquidem
2448 2849 2753 2910 librorum
2808 2849 3112 2918 subsidia,

671 2944 743 3006 in
782 2947 1274 3024 praesentiarum
1315 2968 1353 3008 8
1395 2950 1577 3009 nobis
1617 2949 2085 3027 desyderantur.
2172 2947 2309 3023 Qua
2355 2948 2610 3025 quidem
2649 2947 2719 3007 in
2763 2968 2831 3008 re
2871 2951 2948 3008 tu
2991 2968 3099 3008 186

671 3042 952 3104 foelicior
977 3066 992 3119 ς
1031 3065 1257 3106 verum
1297 3047 1448 3124 quid
1488 3049 1679 3107 mea?
1761 3047 1845 3107 In
1876 3045 2180 3107 litteraria
2204 3066 2415 3124 pugna
2443 3046 2554 3124 qui
2581 3046 2761 3124 sapit,
2795 3066 2928 3107 non
2958 3050 3099 3109 tam

670 3141 918 3203 vincere
946 3144 1156 3221 cupiat
1184 3164 1377 3222 quam
1403 3144 1591 3220 vinci,
1622 3146 1742 3206 hoc
1769 3145 1866 3205 est
1901 3164 2031 3205 non
2058 3148 2192 3205 tam
2221 3145 2437 3205 docere
2465 3164 2654 3221 quam
2684 3144 2937 3206 discere.
3028 3147 3098 3208 Si

581 3260 642 3310 35
671 3242 1024 3315 succumbo,
1052 3241 1302 3302 discedo
1330 3242 1606 3319 doct-ior3
1649 3244 1753 3304 sin
1781 3262 2020 3321 supere,
2054 3242 2174 3303 tibi
2203 3243 2406 3304 nihilo
2434 3243 2853 3304 iniucundior.

744 3351 944 3407 Gouda
968 3352 1086 3407 MS.
1118 3370 1269 3423 1324.
1299 3354 1371 3410 f0.
1406 3370 1522 3426 159.

752 3505 768 3524 .
818 3508 833 3524 .
877 3510 892 3526 .
937 3467 1084 3526 Aes·
1110 3467 1256 3543 iam,
1279 3470 1545 3547 inquies,
1566 3469 1875 3530 donamus
1895 3468 2013 3529 tibi
2037 3469 2483 3530 contristatum
2509 3469 2795 3547 teduisse‚
2819 3477 3103 3533 mortem

668 3562 1061 3625 exhorruisse
1089 3566 1418 3627 Christum
1448 3569 1676 3646 quippe
1703 3567 2048 3628 hominem.
2134 3567 2277 3628 Non
2318 3571 2452 3628 erat
2493 3568 2611 3628 hoc
2650 3568 2945 3645 nolentis,
2982 3571 3103 3632 sed

668 3662 965 3739 pacientis
988 3685 1003 3737 ς
1046 3666 1179 3724 erat
1206 3668 1480 3741 naturae,
1514 3686 1643 3727 non
1671 3666 2039 3727 voluntatis.
2127 3667 2219 3727 At
2244 3670 2513 3727 mortem
2540 3687 2651 3728 cur
2675 3666 3057 3746 deprecatur
3072 3671 3108 3731 ¹?

668 3760 756 3822 Et
782 3779 1090 3837 quaenam
1130 3761 1244 3822 illa
1284 3763 1595 3839 voluntas,
1631 3784 1822 3841 quam
1858 3767 2153 3842 paternae
2192 3764 2514 3825 submittit
2547 3763 2865 3826 voluntati
2886 3768 2923 3828 *Ρ
3010 3767 3111 3828 Si·

573 3883 642 3933 40
670 3859 921 3936 quando
940 3859 1104 3918 mori
1125 3860 1347 3936 noluit,
1373 3862 1587 3922 minus
1605 3861 1844 3921 amauit
1866 3883 1881 3937 ς
1923 3862 1979 3922 si
2000 3882 2324 3940 nunquam
2353 3863 2572 3940 noluit,
2597 3882 2710 3925 cur
2728 3864 3110 3942 deprecatur

668 3959 832 4037 quod
876 3959 1129 4019 voluit?
1210 3959 1530 4020 Nimirum
1576 3960 1768 4021 homo
1809 3963 1949 4021 tum
1987 3961 2322 4022 hominum
2365 3982 2550 4024 causa
2595 3962 2760 4039 apud
2802 3963 3110 4027 homines

665 4056 934 4135 loquens
975 4056 1271 4118 humanis
1311 4059 1520 4119 verbis
1566 4059 2144 4121 reformidationem
2193 4060 2535 4121 humanam
2574 4061 2982 4138 significauit,
3029 4067 3111 4125 vt

667 4156 964 4217 voluntas
990 4153 1103 4214 illa
1129 4155 1294 4216 nihil
1327 4157 1414 4217 sit
1450 4157 1621 4217 aliud
1660 4177 1850 4235 quam
1889 4158 2190 4218 naturalis
2225 4158 2336 4218 1116
2372 4158 2595 4219 mortis
2637 4159 2871 4230 horror,
2903 4180 3111 4238 quem

667 4255 762 4316 ita
815 4254 998 4315 nobis
1051 4254 1302 4331 penitus
1361 4254 1594 4315 inseuit
1650 4257 1890 4332 natura,
1942 4258 2017 4317 vt
2070 4260 2203 4316 tam
2259 4258 2344 4317 sit
2398 4256 2742 4316 secundum
2797 4260 3111 4320 naturam

578 4378 641 4428 45
670 4373 1076 4432 expauescere
1141 4356 1341 4414 morte
1406 4357 1656 4414 ostensa
1724 4373 1915 4431 quam
1979 4355 2216 4415 esurire
2280 4355 2584 4416 subducto
2637 4353 2802 4416 cibo.
2914 4356 3115 4421 Sicut

670 4454 880 4513 autem
920 4450 1131 4511 omnis
1170 4452 1248 4511 ad
1291 4452 1613 4530 quippiam
1656 4453 1985 4529 propensio
2023 4452 2320 4514 voluntas
2359 4457 2457 4515 est
2493 4453 2779 4531 quedam,
2811 4450 2903 4515 ita
2944 4457 3117 4536 fuga

1551 4584 1600 4634 8.
1639 4596 1761 4632 meo
1781 4580 1886 4637 αῑβ
1907 4599 1920 4633 ι
1955 4596 2116 4632 nemo
2137 4581 2208 4632 α’.

733 4714 785 4761 9.
821 4700 1047 4765 Mimas]
1074 4700 1134 4752 P.
1159 4701 1276 4762 Syr.
1299 4714 1384 4762 ap.
1413 4698 1552 4750 Gen.
1585 4713 1660 4761 17.
1691 4714 1769 4760 ¹4·
2158 4698 2234 4748 18.
2271 4699 2367 4762 (1111
2390 4699 2549 4765 velit]
2574 4700 2730 4750 Mart.
2758 4703 2808 4752 8.
2838 4703 2916 4752 18.
2951 4720 3047 4760 ιο.
