3355 5380
690 299 762 356 16
1384 295 1764 357 LETTERS
1820 295 1926 356 OF
1980 294 2378 358 ERASMUS
2803 297 3076 374 [1523-4

680 468 854 511 sores
906 450 1165 529 agimus,
1216 452 1538 531 multaque
1589 452 1659 512 in
1713 450 1816 512 his
1869 472 2023 530 quae
2077 451 2386 514 vertimus
2439 470 2517 513 ex
2573 452 2819 514 Graecis
2872 474 3082 515 emen-

684 549 990 625 dauimus,
1025 551 1193 611 idem
1220 550 1446 611 facturi
1474 551 1670 612 donec
1697 551 2060 612 vixerimus.

764 648 885 707 Sed
918 647 1117 725 video,
1155 648 1247 707 mi
1280 648 1590 722 Botzeme,
1629 649 2001 710 iamdudum
2037 649 2116 709 ad
2151 648 2518 725 catalogum
2557 668 2821 711 reuooas.
2907 650 3079 725 Ergo

681 745 1051 806 Suetonium
1096 747 1537 825 Tranquillum
1586 766 1732 808 cum
1779 747 1975 806 mirae
2020 746 2353 807 vetustatis
2406 747 2615 808 codice
2672 747 3077 821 contulimus,

627 868 657 918 5
679 862 749 902 ac
816 844 949 903 loca
1025 845 1332 905 nonnulla
1399 845 1554 906 satis
1637 844 1904 905 feliciter
1980 844 2391 919 restituimus,
2462 864 2501 904 a
2568 845 2822 905 nemine
2887 849 3082 907 antea

680 941 1127 1006 animaduersa.
1230 944 1413 1003 Idem
1474 943 1740 1004 fecimus
1806 944 1874 1003 in
1931 943 2222 1020 operibus
2276 942 2593 1020 Cypriani.
2699 944 3093 1022 Recognoui·

680 1059 825 1100 mus
874 1043 937 1100 et
989 1041 1259 1102 Arnobii
1313 1042 1796 1102 commentarios
1842 1041 1910 1102 in
1960 1061 2166 1101 sacros
2212 1041 2513 1116 Psalmos,
2562 1061 2750 1119 quem
2798 1042 3087 1103 laborem

678 1137 1113 1216 inscripsimus
1166 1139 1446 1200 Adriano
1503 1140 1801 1202 Pontifici
1857 1140 2140 1201 Romano
2193 1139 2328 1200 eius
2374 1139 2654 1201 nominis
2697 1144 2885 1215 sext0,
2935 1145 3090 1202 tum

678 1256 895 1296 recens
920 1238 1129 1301 electe.
1220 1238 1400 1298 Idem
1438 1237 1703 1299 fecimus
1737 1238 1805 1297 in
1845 1237 2110 1311 Hilario,
2146 1237 2251 1315 qui
2289 1237 2469 1298 miris
2496 1237 2702 1298 modis
2730 1259 2844 1298 nos
2869 1239 3082 1300 torsit.

596 1358 656 1395 ιο
680 1334 822 1394 Hoc
867 1335 1095 1395 laboris
1141 1335 1567 1395 dedicauimus
1621 1326 1847 1396 Ioanni
1895 1335 2290 1395 Carondileto
2338 1336 2796 1414 archiepiscopo
2844 1336 3091 1398 Panor-

680 1433 932 1509 mitan0‚
964 1434 1170 1495 Caroli
1199 1433 1475 1495 Caesaris
1504 1434 1573 1493 in
1612 1434 1953 1494 Brabantia
1984 1434 2362 1495 cancellario
2396 1454 2662 1495 summo·
2750 1436 3090 1497 Caeterum

677 1532 787 1591 vbi
840 1532 1361 1609 perpenderemus
1414 1536 1723 1610 quantum
1775 1533 1854 1592 ad
1911 1532 2289 1609 elegantiam
2352 1535 2418 1595 et
2484 1534 2724 1610 copiam
2779 1535 3090 1597 dictionis

679 1631 960 1689 adferant
1001 1629 1310 1690 momenti
1349 1631 1699 1691 sententiae
1741 1633 2009 1709 argutae,
2058 1630 2459 1706 metaphorae
2507 1635 2697 1708 aptae,
2745 1634 3089 1709 prouerbia

678 1727 1032 1805 similiaque
1058 1727 1388 1802 schemata,
1423 1729 1897 1789 decreueramus
1934 1748 2009 1788 ex
2049 1728 2225 1789 omni
2260 1728 2638 1805 scriptorum
2673 1731 3088 1806 probatorum

594 1848 652 1899 15
679 1845 901 1902 genere
949 1845 1136 1903 quam
1184 1827 1529 1887 maximam
1575 1827 1804 1887 harum
1848 1848 2055 1888 rerum
2103 1827 2237 1887 vim
2277 1846 2623 1904 congerere,
2667 1832 2732 1888 et
2778 1828 2847 1888 in
2893 1850 3089 1891 suam

678 1945 954 2002 quaeque
1009 1924 1266 1985 classem
1321 1925 1609 2002 digerere,
1671 1946 1794 2003 quo
1849 1926 2047 2003 magis
2101 1928 2306 1986 essent
2358 1926 2428 1986 in
2482 1930 2776 2005 promptu
2818 1927 2920 1987 his
2962 1929 3087 2006 qui

676 2023 896 2083 stilum
924 2043 1201 2083 exercere
1229 2023 1464 2082 vellent
1500 2024 1578 2083 ad
1619 2024 1965 2100 parandam
2002 2024 2301 2085 orationis
2327 2020 2689 2086 facultatem
2716 2029 2780 2086 et
2806 2027 3077 2104 copiam.

679 2120 889 2180 Huius
927 2122 1017 2181 rei
1057 2121 1406 2197 periculum
1444 2122 1706 2182 fecimus
1745 2126 1892 2182 ante
1933 2142 2149 2197 annos,
2192 2122 2262 2181 ni
2301 2123 2499 2197 fallor,
2539 2123 2770 2201 viginti
2809 2129 3077 2202 septem.

677 2219 930 2279 Occasio
956 2220 1077 2280 fuit
1103 2221 1271 2281 haec.
1338 2220 1420 2280 In
1448 2220 1659 2281 littore
1689 2221 2058 2282 Douariensi
2086 2222 2260 2300 prius
2280 2242 2468 2301 quam
2494 2222 2850 2300 ingrederer
2874 2245 3076 2301 mare,

591 2340 653 2376 20
675 2317 1073 2394 naufragium
1100 2318 1249 2378 fecit
1276 2320 1408 2378 tota
1435 2338 1574 2378 mea
1600 2319 1877 2395 pecunia,
1910 2338 2067 2398 quae
2106 2323 2246 2380 tum
2282 2322 2419 2380 erat
2449 2321 2689 2398 exigua,
2720 2323 2830 2382 sed
2855 2327 3083 2385 tamen

675 2415 836 2475 mihi
878 2416 1165 2490 maxima,
1211 2437 1408 2494 quum
1448 2417 1613 2476 nihil
1654 2422 2020 2494 superesset.
2108 2418 2185 2479 Id
2227 2419 2465 2478 factum
2511 2422 2610 2479 est
2655 2440 2693 2480 a
2739 2422 3075 2499 praefecto,

675 2533 833 2589 pene
875 2514 1153 2574 dixeram
1193 2534 1230 2574 a
1269 2515 1594 2591 praedone,
1629 2516 1862 2577 littoris
1901 2517 2072 2595 regio
2112 2516 2386 2593 nomine,
2421 2537 2616 2595 quum
2658 2518 2820 2579 mihi
2860 2518 3084 2583 Morus

675 2630 746 2670 ac
785 2610 1125 2672 Montioius
1157 2613 1607 2689 persuasissent
1639 2613 1808 2674 nihil
1844 2636 1976 2676 esse
2004 2616 2282 2694 periculi,
2314 2614 2443 2675 nisi
2469 2621 2785 2677 monetam
2824 2617 3083 2679 Britan·

675 2710 881 2770 nicam
922 2711 1229 2773 efferrem.
1311 2714 1402 2772 At
1443 2733 1557 2790 ego
1594 2733 1710 2773 nec
1752 2715 2187 2775 Britannicam
2229 2714 2534 2775 habebam
2575 2736 2688 2776 nec
2729 2717 2798 2777 in
2837 2718 3082 2795 Anglia

589 2833 647 2884 ²5
672 2813 919 2887 partam
959 2812 1068 2870 aut
1107 2812 1435 2888 acceptam.
1522 2812 1760 2872 Verum
1801 2813 1868 2873 in
1909 2814 2128 2874 littore
2170 2812 2358 2873 didici
2398 2833 2528 2873 non
2567 2834 2701 2875 esse
2736 2815 2833 2876 fas
2870 2814 3080 2876 vllam

674 2910 889 2969 efferre
916 2910 1258 2986 pecuniam,
1290 2930 1370 2970 ne
1395 2910 1662 2970 ferream
1690 2911 1957 2988 quidem,
1989 2911 2154 2971 vltra
2180 2912 2457 2988 precium
2483 2931 2593 2972 sex
2618 2913 3070 2990 angelatorum.

570 2996 582 3006 ⁶
674 3008 860 3068 Tanti
885 3008 1047 3067 mihi
1075 3009 1356 3068 constitit
1381 3008 1629 3067 vnicam
1655 3008 1856 3084 legem
1884 3009 2315 3070 Britannicam
2342 3010 2645 3072 didicisse.
2711 3010 2836 3071 Vbi
2860 3011 3082 3073 nudus

672 3105 970 3165 redissem
998 3106 1332 3179 Lutetiam,
1363 3123 1494 3165 non
1532 3105 1895 3166 dubitabam
1932 3108 2086 3184 quin
2122 3108 2314 3168 multi
2350 3112 2747 3185 expectarent
2783 3109 3077 3171 futurum

671 3205 759 3276 vt,
801 3202 964 3280 quod
1013 3202 1217 3262 solent
1258 3202 1509 3277 literati,
1558 3203 1877 3263 fortunam
1917 3204 2077 3264 hanc
2120 3205 2449 3266 vlciscerer
2495 3207 2745 3284 calamn,
2790 3206 3080 3268 scribens

586 3331 649 3380 30
672 3300 909 3377 aliquid
933 3300 1003 3359 in
1026 3300 1240 3360 odium
1268 3300 1432 3376 regis
1458 3301 1567 3359 aut
1592 3300 1865 3377 Angliae
1890 3323 1905 3375 3
1943 3302 2255 3380 simulque
2278 3304 2540 3364 verebar
2566 3324 2646 3364 ne
2668 3303 3078 3365 Guilhelmus

675 3397 1027 3473 Montioius,
1048 3397 1346 3475 quoniam
1373 3398 1625 3457 dederat
1654 3400 2038 3459 occasionem
2065 3402 2414 3477 perdendae
2441 3402 2754 3478 pecuniae,
2781 3400 3076 3461 subuere·

673 3500 846 3557 retur
894 3517 973 3556 ne
1016 3500 1327 3557 verterem
1376 3495 1661 3556 animum
1706 3517 1854 3574 erga
1907 3518 1972 3558 se
2015 3519 2246 3561 meum.
2332 3499 2421 3562 Vt
2467 3501 2665 3578 igitur
2707 3502 2771 3559 et
2813 3500 3073 3560 illorum

670 3593 1162 3670 expectationem
1208 3593 1508 3671 fallerem,
1558 3593 1692 3655 imo
1733 3595 1943 3672 potius
1986 3597 2363 3658 declararem
2419 3618 2524 3659 me
2576 3618 2707 3659 non
2753 3617 2883 3659 esse
2929 3599 3073 3659 tam

673 3693 963 3770 iniquum
1015 3695 1088 3754 vt
1151 3691 1474 3770 priuatum
1528 3712 1742 3753 casum
1798 3693 2178 3770 imputarem
2237 3696 2496 3775 regioni,
2552 3701 2663 3759 aut
2715 3700 2848 3758 tam
2901 3699 3070 3757 inco·

582 3823 612 3872 3
618 3823 644 3872 5
672 3790 978 3869 gitantem
1016 3794 1087 3851 vt
1126 3790 1204 3851 ob
1240 3792 1545 3852 iacturam
1583 3792 1892 3852 tantulam
1917 3793 2018 3854 vel
2055 3794 2123 3853 in
2161 3814 2264 3854 me
2289 3794 2392 3855 vel
2429 3795 2498 3855 in
2535 3795 2782 3872 amicos,
2813 3814 2965 3873 quos
2994 3795 3070 3857 111

670 3887 905 3965 Anglia
935 3889 1321 3966 reliqueram,
1351 3908 1752 3966 prouocarem
1785 3891 1945 3950 tanti
1983 3892 2282 3969 principis
2314 3893 2489 3967 iram,
2523 3894 2832 3972 simulque
2865 3893 3071 3954 Mont-

670 3986 796 4047 ioio
858 4007 1000 4047 meo
1064 3989 1364 4048 testatum
1429 3988 1697 4049 facerem
1756 4008 1860 4048 1116
1918 3989 2124 4049 nihilo
2184 3991 2384 4052 secius
2443 3993 2736 4053 affectum
2801 4013 2934 4054 esse
2995 3993 3071 4053 in

742 4158 816 4195 11.
863 4146 922 4194 in
958 4145 1249 4195 Brabantia
1283 4144 1616 4196 cancellario
1648 4146 1685 4197 β
1702 4162 1714 4195 :
1760 4147 2066 4196 consiliario
2098 4166 2147 4198 α.
2282 4149 2344 4196 16
2375 4163 2617 4211 quaeque
2640 4151 2704 4204 βε
2739 4165 2991 4213 quanque
3014 4169 3063 4203 α.

676 4223 750 4270 19.
801 4228 910 4271 ⁰7²
957 4212 1283 4261 Donariensi
1304 4213 1356 4265 β.
1447 4226 1596 4260 mare
1619 4213 1688 4265 B:
1723 4213 1910 4261 nauim
1936 4231 1983 4264 a.
2180 4227 2259 4264 22.
2293 4229 2432 4277 pene
2457 4249 2470 4264 .
2497 4251 2510 4263 .
2534 4251 2546 4264 .
2570 4216 2841 4277 praedone
2863 4221 2976 4266 add.
3005 4220 3060 4271 β.

672 4277 751 4325 26.
789 4277 1161 4338 angelatorum
1183 4279 1253 4332 B:
1289 4281 1663 4327 coronatorum
1685 4295 1733 4326 a.
2038 4294 2118 4340 34.
2156 4281 2408 4342 iniquum
2427 4283 2464 4336 β
2485 4297 2499 4329 2
2530 4282 2994 4332 inconsideratum
3013 4301 3067 4334 a.

670 4344 785 4390 tam
810 4343 1194 4404 incogitantem
1216 4347 1328 4395 add.
1350 4345 1405 4398 β.
1599 4357 1681 4405 37.
1714 4343 1890 4393 8661118
1910 4345 1947 4399 β
1968 4359 1981 4393 2
2019 4359 2170 4394 secus
2192 4363 2238 4395 α.

740 4545 818 4659 118.
852 4544 1051 4659 vigzmti
1066 4544 1304 4662 zptem]
1328 4544 1598 4595 Erasmus’
1620 4559 1865 4609 memory
1893 4545 1941 4595 is
1958 4548 2117 4611 again
2139 4563 2324 4614 wrong
2345 4547 2416 4613 by
2444 4548 2568 4600 four
2597 4565 2767 4615 years.
2829 4550 2906 4604 Cf.
2933 4567 2987 4615 p.
3015 4568 3070 4617 a,

667 4623 741 4659 an
805 4625 890 4660 see
957 4624 1008 4673 p.
1038 4624 1059 4658 1
