3355 5380
327 359 509 444 1513]
2598 373 2717 429 543

945 444 1095 511 283.
1182 444 1280 509 Το
1324 444 1641 509 Annnnw
1685 443 2087 512 Ammomus.

385 546 633 619 Farrago
655 565 712 618 p.
739 562 863 616 214.
2132 546 2487 621 Cambridge.

388 634 454 691 F.
477 652 534 705 p.
560 651 705 705 344:
740 634 881 691 HN:
921 634 1098 692 Lond.
1124 634 1239 690 viii.
1266 650 1369 691 20:
1408 633 1520 693 LB.
1550 649 1669 693 111.
1959 649 2043 692 -ar
2071 635 2384 693 December
2411 636 2646 712 (1513).

406 755 564 820 [This
578 757 740 806 letter
758 756 1041 819 evidently
1062 771 1300 806 answers
1322 771 1355 805 a
1376 756 1533 820 reply
1556 758 1614 806 to
1634 756 1732 820 Ep.
1758 757 1874 820 280,
1899 756 2012 807 and
2033 757 2246 808 alludes
2268 760 2328 808 to
2351 758 2447 822 Ep.
2477 758 2619 824 nam]

511 887 828 937 ERASMVS
876 889 1387 939 ROTERODAMVS
1435 887 1765 937 ANDBEAE
1811 888 2144 936 AMMONIO
2188 890 2313 940 SVO
2358 891 2413 940 Β.
2460 891 2527 939 D.

908 1025 1242 1076 EPISTOLA
1289 1025 1815 1075 FAMILIARITER
1864 1025 2128 1077 Iocone.

397 1146 497 1207 Ds
525 1146 725 1208 Musis
762 1150 827 1208 et
867 1147 1091 1227 opibus
1125 1148 1385 1227 pulchre
1411 1167 1563 1209 sane
1588 1146 2069 1226 philosophatus
2105 1166 2173 1209 es
2212 1148 2284 1209 in
2325 1149 2455 1211 tuis
2493 1148 2715 1212 literis.

314 1246 412 1306 Ac
452 1245 615 1306 mihi
656 1244 907 1307 videtur
945 1246 1184 1308 Paceus
1224 1249 1436 1308 noster
1480 1248 1545 1306 et
1586 1246 1721 1325 ipse
1762 1245 1907 1306 data
1947 1264 2133 1323 opera
2171 1247 2367 1307 bonas
2407 1246 2721 1309 dediscere

314 1342 530 1406 literas
573 1347 638 1404 et
683 1347 892 1405 nescio
919 1345 1084 1424 quod
1128 1344 1426 1407 dictionis
1469 1363 1667 1423 genus
1710 1344 2010 1419 affectare,
2047 1346 2215 1423 quod
2254 1344 2446 1406 Midis
2484 1346 2724 1424 placeat

313 1442 527 1521 potius
553 1462 742 1522 quam
771 1443 988 1505 Musis.
1078 1443 1256 1520 Quod
1294 1444 1348 1505 si
1387 1444 1503 1505 hac
1538 1443 1659 1504 iter
1696 1446 1792 1505 est
1829 1442 1909 1504 ad
1947 1442 2221 1519 diuitias,
2251 1446 2322 1505 vt
2358 1443 2469 1521 ais,
2500 1445 2556 1506 si
2584 1447 2726 1526 quis

312 1540 400 1603 sit
428 1560 466 1602 a
492 1541 694 1603 Musis
729 1542 987 1616 alienus,
1019 1544 1182 1603 certe
1217 1562 1346 1603 non
1387 1542 1455 1602 in
1492 1541 1827 1620 postremis
1853 1541 2014 1603 foret
2041 1541 2357 1615 Erasmus,
2390 1544 2495 1605 vel
2519 1544 2724 1607 iudice
2748 1554 2778 1607 5

314 1639 716 1704 Garmiliano.
820 1639 986 1701 Nam
1033 1641 1201 1718 quod
1248 1639 1520 1718 teipsum
1568 1640 1637 1701 in
1686 1640 1805 1701 hoc
1847 1658 2108 1701 numero
2154 1641 2352 1719 ponis,
2406 1641 2549 1719 quis
2597 1662 2723 1703 non

313 1739 490 1801 videt
536 1741 598 1799 te
642 1739 854 1817 palam
899 1738 1113 1799 ludere
1129 1741 1162 1800 ⁸?
1264 1739 1462 1801 Porro
1506 1738 1839 1817 splendida
1883 1738 1996 1799 illa
2036 1738 2356 1815 vocabula,
2404 1740 2725 1801 Musarum

313 1835 605 1898 delitium
635 1840 820 1916 atque
848 1837 911 1898 id
941 1857 1138 1916 genus
1164 1837 1303 1913 alia,
1327 1838 1416 1898 sic
1443 1838 1821 1916 interpretor
1837 1839 1909 1897 vt
1930 1835 2288 1898 existimem
2315 1840 2381 1899 te
2404 1838 2505 1899 vel
2526 1839 2726 1901 hallu·

315 1937 512 1998 cinari
538 1955 749 1997 amore
775 1937 991 2012 nostri,
1018 1936 1121 1996 vel
1148 1938 1259 1997 tuo
1288 1936 1553 1997 candore
1580 1935 1796 2014 largiri
1825 1936 1988 2014 quod
2018 1938 2144 1996 no’n
2172 1946 2562 2014 promereor3
2600 1937 2718 2012 vel,

315 2032 480 2112 quod
505 2051 641 2094 esse
679 2034 1084 2094 verissimum
1123 2032 1409 2109 arbitror,
1442 2034 1783 2095 amiculum
1823 2051 2048 2108 parum
2083 2031 2330 2094 felicem
2367 2033 2725 2096 istiusmodi
2750 2055 2814 2094 10

312 2129 801 2193 laudatiunculis
839 2132 1075 2211 erigere
1118 2132 1543 2210 consolarique
1585 2131 1769 2193 velle.
1856 2130 2189 2210 Vtcunque
2232 2134 2343 2207 est,
2389 2132 2490 2192 vel
2534 2133 2725 2194 debeo

313 2238 424 2291 tuo
463 2230 535 2291 in
574 2249 679 2291 me
719 2230 946 2308 studio,
991 2230 1095 2291 vel
1134 2229 1374 2308 ingenii
1414 2229 1873 2308 benignitatem
1913 2230 2271 2308 amplector,
2308 2231 2411 2291 vel
2451 2230 2723 2293 officium

311 2347 470 2390 amo.

393 2426 573 2505 Quod
603 2428 766 2489 serio
792 2445 1015 2488 mones
1040 2429 1112 2487 vt
1137 2427 1458 2488 fortunam
1485 2426 1780 2501 ambiam,
1814 2444 2081 2504 agnosco
2107 2445 2330 2487 verum
2357 2429 2421 2486 et
2449 2425 2724 2487 amicum

312 2525 648 2587 consilium
676 2529 740 2586 et
768 2524 1063 2604 experiar,
1082 2525 1338 2586 tametsi
1364 2525 1772 2586 vehementer
1791 2524 2005 2586 animo
2032 2523 2413 2585 reclamante
2440 2523 2725 2604 nihilque
2744 2538 2804 2592 15
2911 2572 2917 2581 .

311 2642 676 2703 prosperum
713 2642 785 2684 ac
810 2623 1048 2684 laetum
1087 2624 1529 2703 praesagiente.
1642 2623 1713 2685 Si
1751 2643 1853 2685 me
1888 2623 2177 2685 fortunae
2213 2623 2382 2684 aleae
2416 2623 2725 2703 exposuis-

313 2741 465 2798 sem,
496 2725 707 2785 vterer
732 2722 867 2802 lege
892 2722 1073 2784 lusus
1101 2725 1164 2784 et
1190 2722 1479 2802 repulsus
1504 2723 1656 2784 boni
1682 2722 2087 2798 consulerem,
2111 2742 2239 2783 non
2267 2722 2527 2799 ignarus
2554 2723 2725 2783 hunc

315 2839 453 2882 esse
476 2822 766 2883 fortunae
791 2821 1033 2897 ludum,
1064 2825 1138 2882 vt
1165 2822 1323 2883 alios
1350 2822 1564 2899 erigat,
1595 2821 1755 2883 alios
1790 2820 2044 2898 reiiciat,
2074 2824 2413 2899 vtcumque
2448 2818 2725 2881 lubitum

315 2921 428 2982 est.
513 2920 752 2981 Verum
779 2920 1220 2982 existimabam
1247 2940 1351 2980 me
1377 2919 1443 2981 id
1481 2937 1743 2993 curasse,
1775 2939 1856 2980 ne
1889 2919 2054 2980 mihi
2089 2938 2188 2981 res
2225 2921 2389 2980 esset
2424 2938 2570 2980 cum
2607 2917 2723 2979 hac

314 3018 464 3078 hera
508 3018 642 3078 tam
688 3018 945 3095 procaci,
996 3038 1139 3079 cum
1189 3019 1529 3080 Montioius
1574 3037 1694 3079 nos
1740 3017 1818 3079 ad
1871 3019 2127 3097 portum
2181 3036 2252 3079 ac
2306 3038 2440 3078 rem
2491 3018 2724 3078 factam
2746 3034 2809 3072 πο

312 3118 666 3177 accerseret.
785 3115 914 3178 Nec
956 3135 1059 3177 me
1100 3117 1205 3177 vel
1248 3115 1575 3177 tantillum
1620 3115 1850 3177 cruciat
1899 3116 2190 3177 fortunae
2244 3115 2600 3194 benignitas
2654 3114 2724 3176 in

314 3213 491 3289 alios,
523 3213 931 3293 quantumuis
959 3213 1272 3292 indignos,
1302 3217 1392 3276 ita
1418 3235 1524 3275 me
1550 3215 1725 3276 Deus
1750 3218 1922 3276 amet
1946 3236 1965 3289 ;
2006 3214 2103 3275 tui
2128 3233 2277 3274 vero
2303 3214 2520 3292 tuique
2554 3213 2724 3275 simi·

314 3313 476 3374 lium
520 3330 838 3373 successus
877 3331 1092 3372 veram
1135 3332 1205 3374 ac
1242 3332 1371 3374 non
1415 3312 1742 3392 vulgarem
1784 3313 2076 3374 adferunt
2110 3311 2274 3372 mihi
2313 3311 2720 3389 voluptatem.

314 3411 600 3491 Denique
648 3411 703 3472 si
752 3409 830 3471 ad
875 3410 1247 3471 meritorum
1295 3411 1605 3472 calculum
1652 3430 1724 3472 ac
1772 3410 2083 3472 rationem
2132 3410 2455 3472 vocandus
2500 3429 2720 3487 essem,

314 3511 478 3572 hanc
521 3510 727 3588 ipsam
764 3508 1082 3568 fortunam
1125 3512 1280 3587 puto
1322 3529 1512 3589 supra
1547 3509 1847 3570 meritum
1884 3527 2035 3570 esse.
2120 3508 2348 3570 Metior
2381 3508 2553 3569 enim
2590 3509 2723 3588 ipse
2745 3523 2809 3576 ²⁵

313 3627 418 3668 me
445 3627 585 3667 meo
612 3605 784 3684 pede,
819 3624 950 3667 non
981 3606 1110 3666 tuis
1146 3606 1452 3670 laudibus.
1536 3606 1755 3671 Vnum
1790 3606 1947 3669 illud
1986 3606 2154 3668 male
2189 3606 2380 3669 habet
2414 3607 2718 3682 animum,

314 3705 479 3784 quod
522 3705 578 3765 is
612 3703 807 3766 verba
842 3702 1029 3779 dedit,
1062 3704 1162 3764 cui
1198 3704 1311 3766 vni
1345 3708 1481 3768 tam
1517 3707 1702 3767 vnice
1746 3705 2038 3767 fidebam.
2152 3692 2239 3767 Et
2280 3725 2533 3769 rursum
2576 3706 2726 3769 licet

312 3805 760 3885 grauissimum
804 3803 889 3865 sit
929 3823 1089 3866 onus
1124 3808 1469 3884 paupertas,
1500 3807 1869 3884 praesertim
1906 3809 2141 3886 χαλεπῷ
2180 3807 2273 3866 ἐπὶ
2311 3809 2521 3889 γήραος
2561 3807 2721 3888 οΰδῷ,

310 3908 524 3967 tamen
550 3904 786 3983 pudore
815 3903 1016 3982 magis
1050 3924 1447 3966 commoneor
1482 3925 1675 3984 quam
1713 3904 1944 3984 inopia.
2031 3905 2402 3983 Quanquam
2438 3906 2540 3967 hic
2573 3925 2724 3985 quo·

311 4024 432 4083 que
459 4003 625 4065 mihi
655 4003 1132 4082 concoquendus
1160 4003 1336 4064 dolor
1360 4007 1426 4065 et
1452 4003 1847 4081 perfricanda
1872 4002 2105 4078 facies,
2089 4024 2105 4040 ·
2146 4003 2203 4064 si
2228 4003 2330 4064 his
2354 4005 2500 4065 fatis
2535 4007 2722 4065 natus
2740 4017 2806 4069 30

308 4122 469 4179 sum,
505 4123 634 4164 non
663 4105 760 4164 est
787 4121 1004 4163 meum
1035 4102 1346 4181 θεομαχεῖν.

392 4202 572 4278 Quod
613 4204 757 4263 tuas
790 4219 907 4277 res,
940 4201 1031 4263 mi
1068 4199 1393 4274 Ammona
1426 4199 1693 4263 feliciter
1726 4199 2021 4279 prouehit
2057 4201 2244 4279 φέρων
2285 4200 2484 4277 ἄνεμός
2523 4225 2585 4259 τε
2630 4201 2722 4260 καὶ

307 4298 465 4377 ὕδωρ,
511 4299 937 4378 maximopere
976 4299 1232 4377 gaudeo,
1279 4317 1408 4359 non
1451 4298 1659 4360 solum
1704 4298 1867 4377 quod
1915 4299 2040 4360 ista
2081 4297 2459 4375 contingunt
2500 4295 2718 4372 amico,

373 4467 1209 4514 m.xr1mou..1ooosaadd.
1236 4465 1295 4514 Γ.
1450 4475 1498 4512 a.
1532 4461 1808 4512 dediscere
1829 4464 1908 4511 E.
1941 4458 2284 4511 dissimulare
2306 4462 2363 4508 F.
2521 4459 2599 4508 18.
2637 4473 2720 4508 re-

310 4525 465 4575 iiciat
485 4528 533 4573 E
552 4541 566 4574 ε
599 4526 809 4575 reficiat
828 4531 896 4578 Η.
1093 4528 1176 4579 28.
1210 4533 1256 4578 F
1275 4531 1484 4591 Oen-Soa
1517 4527 1742 4592 χαλεπῆς
1762 4530 1822 4577 Ε.

384 4661 469 4711 28.
507 4659 739 4726 χαλεπῷ]
763 4659 843 4713 cf.
871 4659 999 4711 Hes.
1029 4665 1111 4721 Op.
1135 4676 1253 4725 329·
1635 4674 1718 4722 32.
1753 4655 1936 4723 φέρων]
1961 4658 2126 4709 Hom.
2154 4660 2240 4709 Od.
2258 4671 2309 4721 3.
2334 4671 2450 4720 300.
