3355 5380
661 394 739 449 eo
1360 386 1737 449 LETTERS
1794 387 1900 448 or
1955 385 2352 448 ERAsims
2861 381 3060 466 [1540

660 544 892 605 infecto
938 547 1123 621 peste,
1172 543 1503 621 chirurgus
1546 544 1624 604 ad
1668 543 1786 604 hoc
1829 544 2210 604 constitutus
2256 542 2472 603 statim
2516 543 2879 603 accersatur.
2967 541 3057 616 Is,

658 646 729 704 vt
785 641 1177 703 commodius
1230 641 1308 701 ab
1361 641 1767 702 obuiantibus
1827 646 1891 702 et
1945 639 2480 718 praetereuntibus
2530 639 2800 701 deuitari
2855 640 3061 717 possit

658 743 912 818 propter
977 739 1335 818 contagium
1393 738 1728 815 exitiabile,
1796 739 1954 801 solet
2019 739 2228 800 albam
2286 738 2646 817 mappulam
2712 738 2791 799 ab
2856 738 3061 800 altero

540 859 637 896 120
658 839 921 900 humero
949 839 1353 899 transuersim
1381 838 1757 916 pendentem
1791 839 2033 915 gestare
2073 841 2137 899 et
2178 836 2422 914 virgam
2462 837 2533 897 in
2574 855 2784 897 manu.
2871 835 3062 897 Forte

658 938 911 1020 fortuna
965 938 1064 998 die
1118 936 1402 1015 quodam,
1461 936 1669 997 nescio
1724 936 1876 1014 quid
1929 939 2196 1011 acturus,
2255 936 2558 997 Erasmus
2619 953 2730 1012 per
2781 932 3057 1012 plateam

659 1036 872 1113 oppidi
931 1035 1482 1113 infrequentiorem
1547 1034 1720 1096 solus
1783 1034 2105 1096 incedebat
2159 1035 2228 1095 in
2289 1034 2462 1095 cultu
2515 1052 2630 1094 suo
2692 1031 3060 1105 canonicali,

659 1135 1189 1214 quemadmodum
1257 1137 1682 1194 consueuerat.
1810 1133 1912 1194 Ibi
1988 1134 2110 1195 duo
2176 1138 2383 1195 tresue
2450 1133 2712 1194 iuuenes
2776 1131 3062 1209 imperiti

658 1232 911 1294 obuiam
937 1232 1203 1293 veniunt
1224 1250 1240 1303 ;
1284 1234 1349 1291 et
1375 1230 1737 1308 omophorio
1757 1231 2018 1293 candido
2039 1234 2366 1309 conspecto
2391 1230 2585 1309 pestis
2604 1227 3058 1307 exploratorem

542 1346 632 1400 125
658 1331 844 1393 illum
871 1333 1006 1407 rati,
1039 1350 1237 1409 quum
1265 1330 1334 1389 in
1360 1329 1462 1391 via
1490 1333 1768 1408 pergeret
1797 1331 2097 1393 Erasmus
2124 1330 2289 1391 nihil
2320 1329 2682 1392 huiusmodi
2714 1328 3054 1406 suspicans,

658 1433 957 1509 correptis
982 1430 1153 1491 saxis
1177 1427 1309 1487 vim
1338 1428 1562 1488 minati
1589 1432 1738 1490 sunt
1765 1432 1829 1489 et
1855 1429 2148 1490 conuitiis
2179 1429 2646 1507 impetiuerunt,
2676 1427 2844 1488 intra
2867 1426 3062 1487 verba

655 1532 869 1591 tamen
924 1525 1204 1606 grassati.
1307 1525 1573 1586 Causam
1615 1527 2066 1605 indignationis
2114 1528 2430 1589 demirans
2471 1526 2750 1605 inquirit.
2851 1523 3062 1585 Aiunt

657 1629 735 1689 de
783 1628 1038 1689 aedibus
1078 1624 1539 1703 prospicientes,
1587 1628 1695 1703 qui
1743 1626 2018 1688 rixantes
2062 1627 2404 1704 audierant,
2450 1625 2832 1704 scapularem
2875 1622 3060 1682 illam

654 1727 896 1788 vestem
924 1743 1028 1784 eos
1054 1742 1423 1801 prouocasse
1451 1723 1616 1785 nodo
1642 1724 2044 1786 substrictam
2072 1726 2149 1786 ad
2187 1726 2370 1801 latus,
2401 1725 2688 1803 deceptos
2726 1722 2808 1783 ob
2850 1721 3060 1782 cultus

540 1844 633 1893 130
656 1822 1157 1898 similitudinem,
1189 1822 1297 1900 qui
1322 1824 1600 1899 putarint
1630 1842 1777 1883 eum
1814 1823 1893 1883 ab
1933 1824 2165 1886 infecto
2204 1824 2410 1904 aliquo
2452 1823 2652 1885 redire
2687 1841 2803 1883 nec
2839 1822 2920 1883 de
2955 1819 3064 1882 via

656 1922 946 1983 decedere
988 1920 1169 1982 velle.
1255 1920 1526 1981 Proinde
1573 1912 1654 1982 ne
1701 1921 1907 1982 simile
1955 1922 2302 2000 periculum
2350 1921 2637 1999 deinceps
2689 1921 3058 1993 incurreret,

654 2021 956 2081 Erasmus
1008 2020 1086 2080 ad
1143 2018 1383 2079 Iulium
1429 2018 1793 2095 secundum,
1842 2020 2213 2081 Pontificem
2260 2021 2445 2096 Max„
2493 2018 2668 2080 misit
2712 2016 3062 2097 supplicem

652 2117 960 2196 libellum,
1014 2138 1135 2197 quo
1188 2117 1312 2178 sibi
1358 2117 1632 2195 religiosi
1680 2119 1887 2179 cultus
1935 2119 2152 2179 vtendi
2200 2122 2310 2180 aut
2355 2138 2484 2180 non
2528 2118 2747 2179 vtendi
2792 2116 3060 2195 gratiam

654 2217 897 2278 faceret.
977 2217 1055 2277 Id
1082 2216 1584 2295 promerentibus
1603 2216 1737 2276 suis
1764 2216 2184 2295 singularibus
2197 2218 2541 2280 virtutibus
2555 2217 2727 2279 haud
2746 2216 3059 2294 grauatim

538 2331 630 2384 ¹35
656 2333 1035 2388 concessum,
1070 2315 1256 2375 modo
1285 2317 1454 2375 veste
1490 2314 1858 2375 sacerdotali
1887 2318 2200 2391 vteretur;
2240 2317 2405 2394 quod
2434 2317 2560 2377 Leo
2599 2315 2878 2377 decimus
2911 2315 3060 2375 dein

654 2412 1091 2474 accedentibus
1130 2411 1273 2473 aliis
1312 2412 1504 2473 etiam
1546 2412 1728 2474 iustis
1770 2414 1986 2491 causis,
2022 2434 2149 2475 non
2189 2418 2323 2476 tam
2363 2415 2441 2476 ad
2481 2416 2649 2477 vitae
2688 2414 3060 2476 institutum

657 2531 846 2590 quam
908 2511 986 2572 ad
1044 2511 1487 2573 illustrandam
1543 2511 1793 2572 Erasmi
1860 2512 2387 2575 existimationem
2450 2513 2931 2591 pertinentibus,
2993 2512 3064 2573 in

655 2609 1022 2687 plenissima
1076 2609 1261 2688 (quod
1314 2609 1514 2687 aiunt)
1568 2610 1771 2670 forma
1823 2610 2274 2673 corroborauit:
2327 2611 2622 2673 omnibus
2677 2613 2740 2673 et
2792 2609 3065 2689 singulis

656 2708 1003 2786 specialiter
1050 2711 1114 2769 et
1163 2727 1446 2787 expresse
1502 2708 1821 2787 derogans,
1872 2731 2027 2789 quae
2071 2711 2166 2788 (vt
2210 2711 2399 2773 verbo
2454 2711 2683 2788 dicam)
2724 2709 3063 2791 quomodo-

540 2832 635 2885 ¹40
659 2827 902 2885 cunque
930 2806 1263 2883 obstarent,
1294 2810 1545 2868 tenores
1570 2807 1956 2869 obstantium
1988 2828 2507 2887 quorumcunque
2531 2829 2645 2887 pro
2680 2809 3064 2870 sufficienter

658 2907 965 2985 expressis
1011 2907 1518 2985 enumeratisque
1565 2906 1823 2968 habens.
1911 2908 2140 2985 Ecquis
2178 2912 2387 2969 autem
2429 2907 2678 2969 dubitat
2719 2907 3064 2969 Pontifices

656 3004 820 3065 Max.
854 3005 922 3065 in
950 3004 1313 3066 huiusmodi
1341 3005 1637 3065 humanis
1670 3005 2222 3067 constitutionibus
2255 3006 2599 3084 plurimum
2630 3025 2827 3085 posse,
2859 3025 3061 3084 quum

656 3102 815 3162 iuris
843 3102 1212 3179 interpretes
1239 3101 1465 3162 iisdem
1493 3102 1562 3161 in
1595 3123 1682 3178 ea,
1712 3122 1869 3180 quae
1895 3104 1998 3164 vel
2025 3104 2181 3165 iuris
2205 3104 2407 3166 diuini
2441 3108 2591 3166 sunt
2617 3106 2719 3166 vel
2751 3105 3056 3184 gentium,

657 3199 1124 3279 interpretanda
1144 3199 1640 3278 moderandaque
1668 3220 1797 3260 non
1825 3220 2044 3278 parum
2073 3203 2450 3279 concedant;
2484 3205 2611 3265 imo
2637 3203 2708 3264 in
2736 3202 3053 3276 omnibus,

542 3323 631 3374 ¹45
656 3297 933 3374 exceptis
964 3298 1110 3358 fidei
1137 3296 1431 3372 articulis,
1463 3297 1728 3358 liberam
1762 3318 1839 3358 ex
1880 3318 2062 3361 causa
2102 3301 2473 3379 disponendi
2516 3300 3058 3380 dispensandique,

657 3397 729 3455 vt
755 3394 1034 3472 ipsorum
1060 3395 1254 3457 verbo
1280 3398 1436 3469 viar,
1467 3399 1841 3473 potestatem
1869 3417 2001 3459 esse
2027 3401 2332 3462 tradant?

739 3492 843 3554 Ad
918 3494 1293 3556 vmbilicum
1373 3495 1673 3573 perducto
1755 3515 1935 3574 opere
2011 3497 2495 3560 Prouerbiorum
2569 3498 2819 3577 scripsit
2885 3498 3059 3560 Aldo

659 3590 957 3667 Manutio,
1044 3613 1126 3654 an
1193 3592 1429 3654 librum
1495 3594 1925 3655 excudendum
1995 3597 2220 3658 formis
2287 3598 2600 3676 suscipere
2667 3596 2871 3658 vellet.
2986 3597 3061 3659 Is

657 3690 977 3766 respondit
1031 3690 1098 3752 id
1153 3711 1219 3753 se
1271 3690 1556 3752 lubenter
1606 3692 1938 3754 facturum.
2052 3696 2350 3757 Venetias
2405 3696 2664 3771 delatus,
2723 3715 2917 3775 quum
2986 3696 3061 3757 in

540 3811 633 3862 150
657 3787 965 3848 officinam
1012 3790 1304 3866 venisset,
1355 3790 1463 3851 diu
1507 3794 1753 3852 coactus
1801 3796 1895 3852 est
1941 3797 2260 3870 expectare
2304 3796 2498 3856 donec
2539 3793 2619 3857 ad
2673 3794 3060 3874 colloquium

656 3886 1090 3949 admitteretur
1115 3910 1131 3963 3
1172 3908 1316 3949 cum
1360 3890 1505 3968 quia
1544 3890 1750 3950 Aldus
1789 3893 2298 3968 recognoscendis
2336 3894 2688 3972 archetypis
2729 3913 3059 3972 operarum

658 3983 973 4046 laboribus
1019 3985 1319 4048 formulas
1364 3991 1656 4049 stanneas
1701 3990 2107 4051 tumultuarie
2160 3993 2676 4055 concinnantium
2723 3998 3062 4071 occupatus

727 4176 833 4223 139.
873 4163 1107 4227 Iulium]
1144 4165 1219 4214 cf.
1256 4179 1290 4212 a
1322 4163 1486 4213 letter
1520 4163 1579 4212 of
1606 4164 1807 4214 Beatus
1909 4167 2196 4217 Erasmum
2239 4169 2383 4217 nihil
2428 4169 2682 4219 habuisse
2724 4184 2758 4219 a
2796 4169 2946 4220 Iulio
2977 4182 3060 4231 11;

660 4226 955 4277 Bhenanus
1021 4229 1106 4292 (93
1170 4230 1314 4278 June
1385 4229 1530 4292 1540)
1588 4233 1645 4278 to
1709 4231 1805 4280 the
1907 4232 2110 4293 alioqui
2178 4234 2283 4283 Leo
2348 4235 2466 4283 eius
2532 4236 2613 4285 rei
2680 4236 3053 4295 meminissem

662 4292 819 4341 Basle
863 4295 1117 4356 printers,
1172 4295 1274 4343 ‘In
1330 4295 1522 4357 primis
1577 4298 1805 4357 cogitate
1908 4299 2166 4361 meaning
2208 4300 2438 4363 perhaps
2481 4300 2603 4350 that
2646 4301 2901 4350 Erasmus
2944 4301 3060 4352 had

659 4372 730 4407 an
769 4358 911 4409 illud
951 4361 1025 4409 sit
1059 4374 1089 4408 e
1130 4359 1398 4423 dignitate
1438 4361 1516 4408 rei
1557 4361 1701 4424 quod
1738 4362 1806 4409 de
1907 4377 1979 4412 no
2011 4365 2235 4413 written
2275 4365 2642 4429 dispensation
2677 4366 2816 4416 from
2849 4366 3053 4417 Julius.

661 4425 1064 4487 dispensatione
1129 4440 1162 4473 a
1218 4425 1364 4475 Iulio
1413 4441 1460 4475 11
1515 4427 1806 4489 impetrata
1905 4429 2000 4491 Ep.
2024 4433 2122 4477 996
2137 4431 2397 4493 probably
2415 4431 2683 4482 indicates
2699 4433 2820 4481 that
2835 4432 2932 4482 the
2949 4432 3062 4481 for·

659 4488 960 4541 admiscui!
1026 4494 1072 4540 Ι.
1106 4495 1257 4550 Lipsii
1286 4496 1584 4550 epistolarum
1618 4497 1807 4541 decades
1905 4496 2141 4544 malities
2162 4511 2301 4545 were
2325 4500 2421 4546 not
2445 4497 2742 4547 concluded
2762 4499 2822 4546 in
2849 4510 2991 4558 1511.

659 4560 804 4617 xiix„
831 4557 971 4619 1691,
998 4571 1048 4619 p.
1080 4571 1187 4607 109.
1258 4555 1369 4605 But
1392 4572 1479 4607 see
1504 4560 1597 4621 Ep.
1622 4561 1735 4606 996.
1963 4575 2071 4622 139.
2090 4562 3057 4627 specialiter]'l'heselinesamquoted

732 4635 839 4683 135.
879 4621 1213 4686 concessum]
1242 4622 1320 4672 cf.
1356 4623 1451 4686 Ep.
1490 4627 1603 4687 996.
1635 4625 1731 4672 186
1749 4638 1802 4673 n.
1906 4625 2048 4675 from
2065 4625 2212 4676 Iaeo's
2226 4627 2393 4690 Brief,
2416 4628 2618 4678 265an.
2645 4642 2785 4692 1517,
2805 4628 2991 4678 which
3011 4630 3060 4677 is

660 4688 768 4737 and
800 4687 953 4739 BBE.
977 4689 1074 4750 338
1100 4688 1186 4752 (98
1206 4687 1238 4736 J
1244 4688 1337 4752 uly
1364 4690 1531 4755 1540),
1559 4690 1809 4753 Suspicor
1909 4695 1965 4740 at
1982 4692 2155 4741 Basle.
2208 4692 2559 4759 SeeVischer,
2575 4698 2881 4757 Emmaus,
2903 4708 2954 4757 p.
2974 4695 3059 4744 98.
