<?xml version="1.0" encoding="UTF-8"?>
<!DOCTYPE html PUBLIC "-//W3C//DTD XHTML 1.0 Transitional//EN"
    "http://www.w3.org/TR/xhtml1/DTD/xhtml1-transitional.dtd">
<html xmlns="http://www.w3.org/1999/xhtml" xml:lang="en" lang="en">
 <head>
  <title>
</title>
<meta http-equiv="Content-Type" content="text/html;charset=utf-8" />
  <meta name='ocr-system' content='tesseract 3.04.00' />
  <meta name='ocr-capabilities' content='ocr_page ocr_carea ocr_par ocr_line ocrx_word'/>
</head>
<body>
  <div class='ocr_page' id='page_1' title='image "./opusepistolarum00flowgoog_0541.png"; bbox 0 0 3355 5380; ppageno 0'>
   <div class='ocr_carea' id='block_1_1' title="bbox 266 342 2656 428">
    <p class='ocr_par' dir='ltr' id='par_1_1' title="bbox 266 342 2656 428">
     <span class='ocr_line' id='line_1_1' title="bbox 266 342 2656 428; baseline -0 -20"><span class='ocrx_word' id='word_1_1' title='bbox 266 368 286 408; x_wconf 84' lang='lat'>1</span> <span class='ocrx_word' id='word_1_2' title='bbox 300 364 334 422; x_wconf 89' lang='lat'>5</span> <span class='ocrx_word' id='word_1_3' title='bbox 349 366 368 404; x_wconf 89' lang='lat'>1</span> <span class='ocrx_word' id='word_1_4' title='bbox 383 342 446 428; x_wconf 89' lang='lat'>2]</span> <span class='ocrx_word' id='word_1_5' title='bbox 887 344 1120 406; x_wconf 77' lang='lat' dir='ltr'>FROM</span> <span class='ocrx_word' id='word_1_6' title='bbox 1174 347 1217 408; x_wconf 85' lang='lat' dir='ltr'><strong>J</strong></span> <span class='ocrx_word' id='word_1_7' title='bbox 1220 345 1512 406; x_wconf 79' lang='lat' dir='ltr'><strong>EROME</strong></span> <span class='ocrx_word' id='word_1_8' title='bbox 1568 345 2040 407; x_wconf 83' lang='lat' dir='ltr'>ALEANDER</span> <span class='ocrx_word' id='word_1_9' title='bbox 2537 352 2656 408; x_wconf 82' lang='lat'>505</span> 
     </span>
    </p>
   </div>
   <div class='ocr_carea' id='block_1_2' title="bbox 255 502 2772 4224">
    <p class='ocr_par' dir='ltr' id='par_1_2' title="bbox 255 502 2754 680">
     <span class='ocr_line' id='line_1_2' title="bbox 255 502 2663 581; baseline 0 -16"><span class='ocrx_word' id='word_1_10' title='bbox 255 507 471 565; x_wconf 87' lang='lat' dir='ltr'>tamen</span> <span class='ocrx_word' id='word_1_11' title='bbox 525 502 762 580; x_wconf 90' lang='lat' dir='ltr'>aliquid</span> <span class='ocrx_word' id='word_1_12' title='bbox 817 503 1007 566; x_wconf 87' lang='lat' dir='ltr'>audio</span> <span class='ocrx_word' id='word_1_13' title='bbox 1061 503 1226 581; x_wconf 92' lang='lat' dir='ltr'>quod</span> <span class='ocrx_word' id='word_1_14' title='bbox 1280 503 1603 564; x_wconf 86' lang='lat' dir='ltr'>stomacho</span> <span class='ocrx_word' id='word_1_15' title='bbox 1659 523 1816 577; x_wconf 93' lang='lat' dir='ltr'>meo,</span> <span class='ocrx_word' id='word_1_16' title='bbox 1874 505 1948 563; x_wconf 86' lang='lat' dir='ltr'>vt</span> <span class='ocrx_word' id='word_1_17' title='bbox 2000 505 2185 577; x_wconf 87' lang='lat' dir='ltr'>nosti,</span> <span class='ocrx_word' id='word_1_18' title='bbox 2244 504 2401 563; x_wconf 89' lang='lat' dir='ltr'>alias</span> <span class='ocrx_word' id='word_1_19' title='bbox 2468 502 2663 565; x_wconf 85' lang='lat' dir='ltr'>nimis</span> 
     </span>
     <span class='ocr_line' id='line_1_3' title="bbox 255 602 2754 680; baseline -0.001 -16"><span class='ocrx_word' id='word_1_20' title='bbox 255 603 522 664; x_wconf 86' lang='lat' dir='ltr'>delicato</span> <span class='ocrx_word' id='word_1_21' title='bbox 550 622 677 662; x_wconf 91' lang='lat' dir='ltr'>non</span> <span class='ocrx_word' id='word_1_22' title='bbox 707 621 930 680; x_wconf 89' lang='lat' dir='ltr'>parum</span> <span class='ocrx_word' id='word_1_23' title='bbox 957 602 1146 662; x_wconf 83' lang='lat' dir='ltr'>faciat</span> <span class='ocrx_word' id='word_1_24' title='bbox 1168 603 1336 663; x_wconf 87' lang='lat' dir='ltr'>satis.</span> <span class='ocrx_word' id='word_1_25' title='bbox 2686 605 2754 655; x_wconf 85' lang='lat'>60</span> 
     </span>
    </p>

    <p class='ocr_par' dir='ltr' id='par_1_3' title="bbox 255 699 2769 1664">
     <span class='ocr_line' id='line_1_4' title="bbox 338 699 2667 778; baseline -0.001 -16"><span class='ocrx_word' id='word_1_26' title='bbox 338 701 462 762; x_wconf 86' lang='lat' dir='ltr'>Sed</span> <span class='ocrx_word' id='word_1_27' title='bbox 517 700 948 762; x_wconf 88' lang='lat' dir='ltr'>huiuscemodi</span> <span class='ocrx_word' id='word_1_28' title='bbox 1003 700 1245 778; x_wconf 78' lang='lat' dir='ltr'>negocii</span> <span class='ocrx_word' id='word_1_29' title='bbox 1291 700 1565 778; x_wconf 75' lang='lat' dir='ltr'><strong>aliquem</strong></span> <span class='ocrx_word' id='word_1_30' title='bbox 1613 700 1808 761; x_wconf 88' lang='lat' dir='ltr'>finem</span> <span class='ocrx_word' id='word_1_31' title='bbox 1860 700 2072 761; x_wconf 85' lang='lat' dir='ltr'>videre</span> <span class='ocrx_word' id='word_1_32' title='bbox 2117 718 2483 778; x_wconf 87' lang='lat' dir='ltr'>speramus;</span> <span class='ocrx_word' id='word_1_33' title='bbox 2542 699 2667 760; x_wconf 81' lang='lat' dir='ltr'>alia</span> 
     </span>
     <span class='ocr_line' id='line_1_5' title="bbox 255 797 2668 877; baseline -0.002 -16"><span class='ocrx_word' id='word_1_34' title='bbox 255 800 531 877; x_wconf 87' lang='lat' dir='ltr'>pullulat</span> <span class='ocrx_word' id='word_1_35' title='bbox 557 799 758 877; x_wconf 84' lang='lat' dir='ltr'>hydra</span> <span class='ocrx_word' id='word_1_36' title='bbox 783 819 975 877; x_wconf 88' lang='lat' dir='ltr'>quam</span> <span class='ocrx_word' id='word_1_37' title='bbox 1001 799 1285 860; x_wconf 83' lang='lat' dir='ltr'>excidere</span> <span class='ocrx_word' id='word_1_38' title='bbox 1319 800 1432 859; x_wconf 81' lang='lat' dir='ltr'>vix</span> <span class='ocrx_word' id='word_1_39' title='bbox 1469 817 1740 877; x_wconf 88' lang='lat' dir='ltr'>possum,</span> <span class='ocrx_word' id='word_1_40' title='bbox 1773 819 1854 859; x_wconf 91' lang='lat' dir='ltr'>ne</span> <span class='ocrx_word' id='word_1_41' title='bbox 1879 799 1936 860; x_wconf 84' lang='lat' dir='ltr'>si</span> <span class='ocrx_word' id='word_1_42' title='bbox 1965 798 2178 859; x_wconf 87' lang='lat' dir='ltr'>Iolaus</span> <span class='ocrx_word' id='word_1_43' title='bbox 2214 797 2471 875; x_wconf 91' lang='lat' dir='ltr'>quidem</span> <span class='ocrx_word' id='word_1_44' title='bbox 2504 797 2668 858; x_wconf 88' lang='lat' dir='ltr'>mihi</span> 
     </span>
     <span class='ocr_line' id='line_1_6' title="bbox 257 888 2697 976; baseline -0 -17"><span class='ocrx_word' id='word_1_45' title='bbox 257 888 456 959; x_wconf 82' lang='lat' dir='ltr'>facem</span> <span class='ocrx_word' id='word_1_46' title='bbox 485 898 662 958; x_wconf 81' lang='lat' dir='ltr'>ferat.</span> <span class='ocrx_word' id='word_1_47' title='bbox 751 897 1146 959; x_wconf 77' lang='lat' dir='ltr'>Concurrunt</span> <span class='ocrx_word' id='word_1_48' title='bbox 1171 897 1249 959; x_wconf 90' lang='lat' dir='ltr'>ad</span> <span class='ocrx_word' id='word_1_49' title='bbox 1278 917 1380 957; x_wconf 92' lang='lat' dir='ltr'>me</span> <span class='ocrx_word' id='word_1_50' title='bbox 1409 897 1687 975; x_wconf 75' lang='lat' dir='ltr'><strong>quotidie</strong></span> <span class='ocrx_word' id='word_1_51' title='bbox 1718 897 1995 976; x_wconf 84' lang='lat' dir='ltr'>vndique</span> <span class='ocrx_word' id='word_1_52' title='bbox 2031 896 2143 958; x_wconf 84' lang='lat' dir='ltr'>isti</span> <span class='ocrx_word' id='word_1_53' title='bbox 2182 900 2569 957; x_wconf 85' lang='lat' dir='ltr'>recturarum</span> <span class='ocrx_word' id='word_1_54' title='bbox 2604 899 2697 959; x_wconf 66' lang='lat' dir='ltr'>et·</span> 
     </span>
     <span class='ocr_line' id='line_1_7' title="bbox 257 994 2671 1074; baseline -0.001 -17"><span class='ocrx_word' id='word_1_55' title='bbox 257 999 807 1074; x_wconf 86' lang='lat' dir='ltr'>procuraturarum</span> <span class='ocrx_word' id='word_1_56' title='bbox 861 995 1193 1070; x_wconf 87' lang='lat' dir='ltr'>candidati,</span> <span class='ocrx_word' id='word_1_57' title='bbox 1254 998 1317 1056; x_wconf 92' lang='lat' dir='ltr'>et</span> <span class='ocrx_word' id='word_1_58' title='bbox 1374 995 1546 1073; x_wconf 88' lang='lat' dir='ltr'>(quia</span> <span class='ocrx_word' id='word_1_59' title='bbox 1598 995 1689 1055; x_wconf 88' lang='lat' dir='ltr'>sic</span> <span class='ocrx_word' id='word_1_60' title='bbox 1745 994 2033 1073; x_wconf 87' lang='lat' dir='ltr'>contigit)</span> <span class='ocrx_word' id='word_1_61' title='bbox 2086 996 2288 1056; x_wconf 80' lang='lat' dir='ltr'>factus</span> <span class='ocrx_word' id='word_1_62' title='bbox 2343 995 2472 1056; x_wconf 92' lang='lat' dir='ltr'>iam</span> <span class='ocrx_word' id='word_1_63' title='bbox 2527 1014 2671 1055; x_wconf 91' lang='lat' dir='ltr'>sum</span> 
     </span>
     <span class='ocr_line' id='line_1_8' title="bbox 259 1093 2761 1172; baseline -0.001 -16"><span class='ocrx_word' id='word_1_64' title='bbox 259 1093 693 1156; x_wconf 89' lang='lat' dir='ltr'>huiuscemodi</span> <span class='ocrx_word' id='word_1_65' title='bbox 734 1094 1037 1154; x_wconf 90' lang='lat' dir='ltr'>mercium</span> <span class='ocrx_word' id='word_1_66' title='bbox 1082 1097 1439 1171; x_wconf 77' lang='lat' dir='ltr'>proxeneta,</span> <span class='ocrx_word' id='word_1_67' title='bbox 1480 1094 1609 1154; x_wconf 94' lang='lat' dir='ltr'>imo</span> <span class='ocrx_word' id='word_1_68' title='bbox 1651 1094 1861 1155; x_wconf 81' lang='lat' dir='ltr'>verius</span> <span class='ocrx_word' id='word_1_69' title='bbox 1908 1095 2163 1172; x_wconf 79' lang='lat' dir='ltr'>questor</span> <span class='ocrx_word' id='word_1_70' title='bbox 2211 1095 2302 1154; x_wconf 80' lang='grc' dir='ltr'>καὶ</span> <span class='ocrx_word' id='word_1_71' title='bbox 2346 1094 2566 1171; x_wconf 70' lang='grc' dir='ltr'>ταμίας·</span> <span class='ocrx_word' id='word_1_72' title='bbox 2637 1113 2674 1154; x_wconf 92' lang='lat' dir='ltr'>e</span> <span class='ocrx_word' id='word_1_73' title='bbox 2697 1097 2761 1161; x_wconf 84' lang='lat'>65</span> 
     </span>
     <span class='ocr_line' id='line_1_9' title="bbox 260 1192 2675 1273; baseline -0.001 -19"><span class='ocrx_word' id='word_1_74' title='bbox 260 1194 493 1272; x_wconf 91' lang='lat' dir='ltr'>quibus</span> <span class='ocrx_word' id='word_1_75' title='bbox 546 1192 603 1252; x_wconf 94' lang='lat' dir='ltr'>si</span> <span class='ocrx_word' id='word_1_76' title='bbox 645 1211 774 1253; x_wconf 91' lang='lat' dir='ltr'>non</span> <span class='ocrx_word' id='word_1_77' title='bbox 829 1212 1086 1270; x_wconf 85' lang='lat' dir='ltr'>possum</span> <span class='ocrx_word' id='word_1_78' title='bbox 1133 1192 1458 1253; x_wconf 91' lang='lat' dir='ltr'>commode</span> <span class='ocrx_word' id='word_1_79' title='bbox 1500 1192 1817 1269; x_wconf 84' lang='lat' dir='ltr'>explicari,</span> <span class='ocrx_word' id='word_1_80' title='bbox 1864 1194 2119 1271; x_wconf 71' lang='grc' dir='ltr'>χαλεπὸν</span> <span class='ocrx_word' id='word_1_81' title='bbox 2163 1195 2275 1273; x_wconf 79' lang='grc' dir='ltr'>γὰρ</span> <span class='ocrx_word' id='word_1_82' title='bbox 2319 1193 2491 1273; x_wconf 80' lang='grc' dir='ltr'>χορίω</span> <span class='ocrx_word' id='word_1_83' title='bbox 2540 1193 2675 1252; x_wconf 81' lang='grc' dir='ltr'>κύνα</span> 
     </span>
     <span class='ocr_line' id='line_1_10' title="bbox 259 1290 2675 1371; baseline -0.001 -20"><span class='ocrx_word' id='word_1_84' title='bbox 259 1295 477 1371; x_wconf 77' lang='grc' dir='ltr'><strong><em>γεῦσαι,</em></strong></span> <span class='ocrx_word' id='word_1_85' title='bbox 539 1293 823 1369; x_wconf 73' lang='lat' dir='ltr'>superest</span> <span class='ocrx_word' id='word_1_86' title='bbox 891 1290 1239 1351; x_wconf 91' lang='lat' dir='ltr'>remedium</span> <span class='ocrx_word' id='word_1_87' title='bbox 1310 1311 1432 1368; x_wconf 93' lang='lat' dir='ltr'>quo</span> <span class='ocrx_word' id='word_1_88' title='bbox 1492 1290 1854 1351; x_wconf 83' lang='lat' dir='ltr'>Alexander</span> <span class='ocrx_word' id='word_1_89' title='bbox 1920 1290 2310 1352; x_wconf 71' lang='lat' dir='ltr'>Gordianum</span> <span class='ocrx_word' id='word_1_90' title='bbox 2379 1290 2675 1351; x_wconf 83' lang='lat' dir='ltr'>dissoluit</span> 
     </span>
     <span class='ocr_line' id='line_1_11' title="bbox 260 1387 2676 1468; baseline 0 -19"><span class='ocrx_word' id='word_1_91' title='bbox 260 1388 519 1449; x_wconf 91' lang='lat' dir='ltr'>nodum.</span> <span class='ocrx_word' id='word_1_92' title='bbox 609 1388 874 1467; x_wconf 74' lang='lat' dir='ltr'>Idvero</span> <span class='ocrx_word' id='word_1_93' title='bbox 910 1387 1033 1448; x_wconf 91' lang='lat' dir='ltr'>erit</span> <span class='ocrx_word' id='word_1_94' title='bbox 1070 1393 1141 1449; x_wconf 81' lang='lat' dir='ltr'>vt</span> <span class='ocrx_word' id='word_1_95' title='bbox 1177 1388 1328 1449; x_wconf 90' lang='lat' dir='ltr'>hinc</span> <span class='ocrx_word' id='word_1_96' title='bbox 1364 1390 1557 1450; x_wconf 86' lang='lat' dir='ltr'>etiam</span> <span class='ocrx_word' id='word_1_97' title='bbox 1586 1389 1886 1466; x_wconf 74' lang='lat' dir='ltr'>inopinus</span> <span class='ocrx_word' id='word_1_98' title='bbox 1912 1389 2219 1468; x_wconf 79' lang='lat' dir='ltr'>migrem3</span> <span class='ocrx_word' id='word_1_99' title='bbox 2263 1410 2464 1468; x_wconf 89' lang='lat' dir='ltr'>neque</span> <span class='ocrx_word' id='word_1_100' title='bbox 2503 1389 2676 1450; x_wconf 87' lang='lat' dir='ltr'>enim</span> 
     </span>
     <span class='ocr_line' id='line_1_12' title="bbox 258 1486 2675 1567; baseline 0 -19"><span class='ocrx_word' id='word_1_101' title='bbox 258 1486 577 1548; x_wconf 87' lang='lat' dir='ltr'>abstinere</span> <span class='ocrx_word' id='word_1_102' title='bbox 617 1505 890 1563; x_wconf 88' lang='lat' dir='ltr'>possum,</span> <span class='ocrx_word' id='word_1_103' title='bbox 921 1487 1012 1546; x_wconf 82' lang='grc' dir='ltr'>καὶ</span> <span class='ocrx_word' id='word_1_104' title='bbox 1047 1492 1221 1547; x_wconf 77' lang='grc' dir='ltr'>ταῦτα</span> <span class='ocrx_word' id='word_1_105' title='bbox 1259 1490 1368 1567; x_wconf 73' lang='grc' dir='ltr'>ἐγὼ</span> <span class='ocrx_word' id='word_1_106' title='bbox 1401 1487 1466 1549; x_wconf 82' lang='grc' dir='ltr'>ὃν</span> <span class='ocrx_word' id='word_1_107' title='bbox 1504 1489 1581 1547; x_wconf 79' lang='grc' dir='ltr'>σὺ</span> <span class='ocrx_word' id='word_1_108' title='bbox 1622 1487 1808 1560; x_wconf 77' lang='grc' dir='ltr'>οἶσθα,</span> <span class='ocrx_word' id='word_1_109' title='bbox 1830 1486 2108 1565; x_wconf 72' lang='grc' dir='ltr'>Ἔρασμε,</span> <span class='ocrx_word' id='word_1_110' title='bbox 2137 1508 2249 1549; x_wconf 88' lang='lat' dir='ltr'>nec</span> <span class='ocrx_word' id='word_1_111' title='bbox 2290 1488 2422 1566; x_wconf 90' lang='lat' dir='ltr'>pati</span> <span class='ocrx_word' id='word_1_112' title='bbox 2461 1493 2675 1549; x_wconf 88' lang='lat' dir='ltr'>tamen</span> 
     </span>
     <span class='ocr_line' id='line_1_13' title="bbox 255 1586 2769 1664; baseline 0.004 -18"><span class='ocrx_word' id='word_1_113' title='bbox 255 1605 516 1663; x_wconf 86' lang='lat' dir='ltr'>possum</span> <span class='ocrx_word' id='word_1_114' title='bbox 545 1586 755 1645; x_wconf 83' lang='lat' dir='ltr'>tantas</span> <span class='ocrx_word' id='word_1_115' title='bbox 782 1586 1282 1662; x_wconf 77' lang='lat' dir='ltr'>perturbationes</span> <span class='ocrx_word' id='word_1_116' title='bbox 1310 1590 1643 1664; x_wconf 85' lang='lat' dir='ltr'>tantosque</span> <span class='ocrx_word' id='word_1_117' title='bbox 1670 1591 1845 1648; x_wconf 86' lang='lat' dir='ltr'>estus</span> <span class='ocrx_word' id='word_1_118' title='bbox 1872 1588 2288 1649; x_wconf 89' lang='lat' dir='ltr'>comitiorum.</span> <span class='ocrx_word' id='word_1_119' title='bbox 2705 1603 2769 1655; x_wconf 80' lang='lat'>70</span> 
     </span>
    </p>

    <p class='ocr_par' dir='ltr' id='par_1_4' title="bbox 262 1683 2772 3340">
     <span class='ocr_line' id='line_1_14' title="bbox 343 1683 2677 1764; baseline 0.002 -21"><span class='ocrx_word' id='word_1_120' title='bbox 343 1684 561 1744; x_wconf 86' lang='lat' dir='ltr'>Habes</span> <span class='ocrx_word' id='word_1_121' title='bbox 588 1683 857 1761; x_wconf 72' lang='lat' dir='ltr'>ineptias</span> <span class='ocrx_word' id='word_1_122' title='bbox 885 1689 949 1745; x_wconf 84' lang='lat' dir='ltr'>et</span> <span class='ocrx_word' id='word_1_123' title='bbox 979 1686 1301 1747; x_wconf 82' lang='lat' dir='ltr'>fatuitates</span> <span class='ocrx_word' id='word_1_124' title='bbox 1342 1705 1531 1748; x_wconf 87' lang='lat' dir='ltr'>meas.</span> <span class='ocrx_word' id='word_1_125' title='bbox 1617 1685 1781 1746; x_wconf 86' lang='lat' dir='ltr'>Nam</span> <span class='ocrx_word' id='word_1_126' title='bbox 1823 1685 1901 1746; x_wconf 91' lang='lat' dir='ltr'>de</span> <span class='ocrx_word' id='word_1_127' title='bbox 1942 1706 2051 1764; x_wconf 93' lang='lat' dir='ltr'>spe</span> <span class='ocrx_word' id='word_1_128' title='bbox 2091 1687 2320 1764; x_wconf 90' lang='lat' dir='ltr'>peculii</span> <span class='ocrx_word' id='word_1_129' title='bbox 2360 1687 2561 1747; x_wconf 79' lang='lat' dir='ltr'>nichil</span> <span class='ocrx_word' id='word_1_130' title='bbox 2599 1688 2677 1747; x_wconf 90' lang='lat' dir='ltr'>ad</span> 
     </span>
     <span class='ocr_line' id='line_1_15' title="bbox 262 1782 2679 1863; baseline 0.001 -19"><span class='ocrx_word' id='word_1_131' title='bbox 262 1787 326 1844; x_wconf 88' lang='lat' dir='ltr'>te</span> <span class='ocrx_word' id='word_1_132' title='bbox 372 1782 643 1843; x_wconf 87' lang='lat' dir='ltr'>scribere</span> <span class='ocrx_word' id='word_1_133' title='bbox 691 1802 968 1860; x_wconf 85' lang='lat' dir='ltr'>possum,</span> <span class='ocrx_word' id='word_1_134' title='bbox 1014 1803 1210 1861; x_wconf 91' lang='lat' dir='ltr'>quum</span> <span class='ocrx_word' id='word_1_135' title='bbox 1261 1784 1440 1845; x_wconf 91' lang='lat' dir='ltr'>nulla</span> <span class='ocrx_word' id='word_1_136' title='bbox 1487 1783 1601 1844; x_wconf 87' lang='lat' dir='ltr'>illa</span> <span class='ocrx_word' id='word_1_137' title='bbox 1646 1785 1745 1858; x_wconf 75' lang='lat' dir='ltr'>sit,</span> <span class='ocrx_word' id='word_1_138' title='bbox 1794 1806 1996 1863; x_wconf 91' lang='lat' dir='ltr'>neque</span> <span class='ocrx_word' id='word_1_139' title='bbox 2043 1785 2249 1845; x_wconf 77' lang='lat' dir='ltr'>vereri</span> <span class='ocrx_word' id='word_1_140' title='bbox 2297 1785 2559 1846; x_wconf 87' lang='lat' dir='ltr'>habeam</span> <span class='ocrx_word' id='word_1_141' title='bbox 2607 1788 2679 1846; x_wconf 82' lang='lat' dir='ltr'>vt</span> 
     </span>
     <span class='ocr_line' id='line_1_16' title="bbox 262 1881 2681 1961; baseline 0 -20"><span class='ocrx_word' id='word_1_142' title='bbox 262 1881 562 1941; x_wconf 88' lang='lat' dir='ltr'>haeredes</span> <span class='ocrx_word' id='word_1_143' title='bbox 615 1881 758 1954; x_wconf 93' lang='lat' dir='ltr'>mei,</span> <span class='ocrx_word' id='word_1_144' title='bbox 823 1901 1019 1958; x_wconf 93' lang='lat' dir='ltr'>quum</span> <span class='ocrx_word' id='word_1_145' title='bbox 1081 1881 1151 1941; x_wconf 90' lang='lat' dir='ltr'>in</span> <span class='ocrx_word' id='word_1_146' title='bbox 1203 1883 1473 1959; x_wconf 86' lang='lat' dir='ltr'>patriam</span> <span class='ocrx_word' id='word_1_147' title='bbox 1530 1882 1766 1943; x_wconf 88' lang='lat' dir='ltr'>rediero</span> <span class='ocrx_word' id='word_1_148' title='bbox 1808 1886 1875 1945; x_wconf 86' lang='lat' dir='ltr'>et</span> <span class='ocrx_word' id='word_1_149' title='bbox 1921 1882 2245 1960; x_wconf 79' lang='grc' dir='ltr'>ἀναδασμὸν</span> <span class='ocrx_word' id='word_1_150' title='bbox 2288 1884 2681 1961; x_wconf 80' lang='lat' dir='ltr'>priuatorum</span> 
     </span>
     <span class='ocr_line' id='line_1_17' title="bbox 265 1980 2684 2060; baseline 0.001 -20"><span class='ocrx_word' id='word_1_151' title='bbox 265 1981 575 2041; x_wconf 88' lang='lat' dir='ltr'>bonorum</span> <span class='ocrx_word' id='word_1_152' title='bbox 607 1980 806 2041; x_wconf 82' lang='lat' dir='ltr'>facere</span> <span class='ocrx_word' id='word_1_153' title='bbox 847 1980 1118 2055; x_wconf 82' lang='lat' dir='ltr'>voluero,</span> <span class='ocrx_word' id='word_1_154' title='bbox 1160 1980 1326 2059; x_wconf 90' lang='lat' dir='ltr'>quod</span> <span class='ocrx_word' id='word_1_155' title='bbox 1370 1980 1561 2041; x_wconf 90' lang='lat' dir='ltr'>michi</span> <span class='ocrx_word' id='word_1_156' title='bbox 1603 2001 2044 2059; x_wconf 89' lang='lat' dir='ltr'>comparauero</span> <span class='ocrx_word' id='word_1_157' title='bbox 2085 1985 2374 2060; x_wconf 88' lang='lat' dir='ltr'>repetant</span> <span class='ocrx_word' id='word_1_158' title='bbox 2413 1982 2483 2043; x_wconf 90' lang='lat' dir='ltr'>in</span> <span class='ocrx_word' id='word_1_159' title='bbox 2524 2001 2684 2043; x_wconf 89' lang='lat' dir='ltr'>com·</span> 
     </span>
     <span class='ocr_line' id='line_1_18' title="bbox 266 2078 2772 2154; baseline 0.002 -17"><span class='ocrx_word' id='word_1_160' title='bbox 266 2097 459 2137; x_wconf 92' lang='lat' dir='ltr'>mune</span> <span class='ocrx_word' id='word_1_161' title='bbox 483 2102 498 2152; x_wconf 70' lang='grc' dir='ltr'><strong><em>ς</em></strong></span> <span class='ocrx_word' id='word_1_162' title='bbox 540 2078 818 2139; x_wconf 76' lang='lat' dir='ltr'>viuimus</span> <span class='ocrx_word' id='word_1_163' title='bbox 843 2082 1076 2153; x_wconf 88' lang='lat' dir='ltr'>tamen,</span> <span class='ocrx_word' id='word_1_164' title='bbox 1097 2078 1391 2153; x_wconf 77' lang='lat' dir='ltr'>viuimus,</span> <span class='ocrx_word' id='word_1_165' title='bbox 1411 2080 1519 2140; x_wconf 86' lang='lat' dir='ltr'>sed</span> <span class='ocrx_word' id='word_1_166' title='bbox 1540 2079 1610 2139; x_wconf 91' lang='lat' dir='ltr'>in</span> <span class='ocrx_word' id='word_1_167' title='bbox 1630 2079 1818 2154; x_wconf 90' lang='lat' dir='ltr'>diem,</span> <span class='ocrx_word' id='word_1_168' title='bbox 1845 2100 1957 2140; x_wconf 88' lang='lat' dir='ltr'>nec</span> <span class='ocrx_word' id='word_1_169' title='bbox 1986 2080 2214 2141; x_wconf 89' lang='lat' dir='ltr'>desunt</span> <span class='ocrx_word' id='word_1_170' title='bbox 2242 2080 2427 2140; x_wconf 88' lang='lat' dir='ltr'>nobis</span> <span class='ocrx_word' id='word_1_171' title='bbox 2454 2083 2676 2154; x_wconf 82' lang='lat' dir='ltr'>vestes,</span> <span class='ocrx_word' id='word_1_172' title='bbox 2711 2094 2772 2148; x_wconf 84' lang='lat'>75</span> 
     </span>
     <span class='ocr_line' id='line_1_19' title="bbox 267 2175 2677 2255; baseline 0.001 -19"><span class='ocrx_word' id='word_1_173' title='bbox 267 2195 394 2236; x_wconf 90' lang='lat' dir='ltr'>non</span> <span class='ocrx_word' id='word_1_174' title='bbox 422 2175 569 2236; x_wconf 92' lang='lat' dir='ltr'>libri</span> <span class='ocrx_word' id='word_1_175' title='bbox 595 2176 886 2253; x_wconf 90' lang='lat' dir='ltr'>(quorum</span> <span class='ocrx_word' id='word_1_176' title='bbox 912 2180 1126 2237; x_wconf 92' lang='lat' dir='ltr'>tamen</span> <span class='ocrx_word' id='word_1_177' title='bbox 1153 2178 1496 2238; x_wconf 84' lang='lat' dir='ltr'>maximam</span> <span class='ocrx_word' id='word_1_178' title='bbox 1522 2181 1785 2255; x_wconf 89' lang='lat' dir='ltr'>partem,</span> <span class='ocrx_word' id='word_1_179' title='bbox 1819 2182 1891 2238; x_wconf 85' lang='lat' dir='ltr'>vt</span> <span class='ocrx_word' id='word_1_180' title='bbox 1911 2179 2046 2255; x_wconf 90' lang='lat' dir='ltr'>ipse</span> <span class='ocrx_word' id='word_1_181' title='bbox 2074 2178 2213 2253; x_wconf 89' lang='lat' dir='ltr'>scis,</span> <span class='ocrx_word' id='word_1_182' title='bbox 2240 2198 2275 2237; x_wconf 92' lang='lat' dir='ltr'>e</span> <span class='ocrx_word' id='word_1_183' title='bbox 2293 2179 2493 2255; x_wconf 87' lang='lat' dir='ltr'>patria</span> <span class='ocrx_word' id='word_1_184' title='bbox 2518 2178 2677 2254; x_wconf 93' lang='lat' dir='ltr'>tuli),</span> 
     </span>
     <span class='ocr_line' id='line_1_20' title="bbox 266 2273 2676 2352; baseline 0.001 -18"><span class='ocrx_word' id='word_1_185' title='bbox 266 2294 395 2335; x_wconf 87' lang='lat' dir='ltr'>non</span> <span class='ocrx_word' id='word_1_186' title='bbox 422 2273 760 2348; x_wconf 79' lang='lat' dir='ltr'>vtensilia3</span> <span class='ocrx_word' id='word_1_187' title='bbox 801 2274 908 2335; x_wconf 89' lang='lat' dir='ltr'>sed</span> <span class='ocrx_word' id='word_1_188' title='bbox 930 2275 999 2335; x_wconf 93' lang='lat' dir='ltr'>in</span> <span class='ocrx_word' id='word_1_189' title='bbox 1028 2275 1325 2336; x_wconf 88' lang='lat' dir='ltr'>thesauro</span> <span class='ocrx_word' id='word_1_190' title='bbox 1345 2275 1548 2335; x_wconf 91' lang='lat' dir='ltr'>nichil</span> <span class='ocrx_word' id='word_1_191' title='bbox 1574 2279 1785 2352; x_wconf 89' lang='lat' dir='ltr'>preter</span> <span class='ocrx_word' id='word_1_192' title='bbox 1805 2296 2173 2337; x_wconf 85' lang='lat' dir='ltr'>aranearum</span> <span class='ocrx_word' id='word_1_193' title='bbox 2194 2276 2354 2336; x_wconf 88' lang='lat' dir='ltr'>telas</span> <span class='ocrx_word' id='word_1_194' title='bbox 2374 2275 2676 2336; x_wconf 88' lang='lat' dir='ltr'>inuenias.</span> 
     </span>
     <span class='ocr_line' id='line_1_21' title="bbox 266 2372 2675 2452; baseline 0 -18"><span class='ocrx_word' id='word_1_195' title='bbox 266 2373 356 2434; x_wconf 77' lang='lat' dir='ltr'>Es</span> <span class='ocrx_word' id='word_1_196' title='bbox 409 2372 596 2449; x_wconf 91' lang='lat' dir='ltr'>(dicet</span> <span class='ocrx_word' id='word_1_197' title='bbox 650 2372 980 2450; x_wconf 82' lang='lat' dir='ltr'>quispiam)</span> <span class='ocrx_word' id='word_1_198' title='bbox 1034 2373 1465 2452; x_wconf 88' lang='lat' dir='ltr'>philosophus,</span> <span class='ocrx_word' id='word_1_199' title='bbox 1526 2395 1638 2434; x_wconf 90' lang='lat' dir='ltr'>nec</span> <span class='ocrx_word' id='word_1_200' title='bbox 1696 2378 1759 2434; x_wconf 90' lang='lat' dir='ltr'>te</span> <span class='ocrx_word' id='word_1_201' title='bbox 1816 2395 2029 2435; x_wconf 88' lang='lat' dir='ltr'>curare</span> <span class='ocrx_word' id='word_1_202' title='bbox 2085 2375 2208 2435; x_wconf 88' lang='lat' dir='ltr'>ista</span> <span class='ocrx_word' id='word_1_203' title='bbox 2262 2374 2418 2435; x_wconf 86' lang='lat' dir='ltr'>satis</span> <span class='ocrx_word' id='word_1_204' title='bbox 2485 2375 2675 2436; x_wconf 88' lang='lat' dir='ltr'>decet.</span> 
     </span>
     <span class='ocr_line' id='line_1_22' title="bbox 266 2470 2683 2550; baseline 0 -19"><span class='ocrx_word' id='word_1_205' title='bbox 266 2471 491 2531; x_wconf 82' lang='lat' dir='ltr'>Fateor</span> <span class='ocrx_word' id='word_1_206' title='bbox 529 2491 632 2530; x_wconf 92' lang='lat' dir='ltr'>me</span> <span class='ocrx_word' id='word_1_207' title='bbox 680 2470 935 2548; x_wconf 91' lang='lat' dir='ltr'>quidem</span> <span class='ocrx_word' id='word_1_208' title='bbox 982 2490 1119 2531; x_wconf 90' lang='lat' dir='ltr'>esse</span> <span class='ocrx_word' id='word_1_209' title='bbox 1166 2471 1609 2550; x_wconf 90' lang='lat' dir='ltr'>philosophum</span> <span class='ocrx_word' id='word_1_210' title='bbox 1658 2477 1723 2533; x_wconf 90' lang='lat' dir='ltr'>et</span> <span class='ocrx_word' id='word_1_211' title='bbox 1769 2473 2200 2533; x_wconf 84' lang='lat' dir='ltr'>Christianum</span> <span class='ocrx_word' id='word_1_212' title='bbox 2247 2476 2312 2532; x_wconf 92' lang='lat' dir='ltr'>et</span> <span class='ocrx_word' id='word_1_213' title='bbox 2358 2475 2683 2550; x_wconf 86' lang='lat' dir='ltr'>propterea</span> 
     </span>
     <span class='ocr_line' id='line_1_23' title="bbox 267 2568 2771 2649; baseline 0 -19"><span class='ocrx_word' id='word_1_214' title='bbox 267 2568 598 2630; x_wconf 79' lang='lat' dir='ltr'>mortalem</span> <span class='ocrx_word' id='word_1_215' title='bbox 627 2569 807 2642; x_wconf 89' lang='lat' dir='ltr'>curis,</span> <span class='ocrx_word' id='word_1_216' title='bbox 840 2569 1320 2647; x_wconf 80' lang='lat' dir='ltr'>egritudinibus,</span> <span class='ocrx_word' id='word_1_217' title='bbox 1354 2572 1679 2645; x_wconf 88' lang='lat' dir='ltr'>senectuti,</span> <span class='ocrx_word' id='word_1_218' title='bbox 1712 2571 1904 2632; x_wconf 84' lang='lat' dir='ltr'>morti</span> <span class='ocrx_word' id='word_1_219' title='bbox 1934 2572 2313 2646; x_wconf 79' lang='lat' dir='ltr'>obnoxium3</span> <span class='ocrx_word' id='word_1_220' title='bbox 2354 2572 2424 2631; x_wconf 93' lang='lat' dir='ltr'>in</span> <span class='ocrx_word' id='word_1_221' title='bbox 2453 2572 2680 2649; x_wconf 92' lang='lat' dir='ltr'>quibus</span> <span class='ocrx_word' id='word_1_222' title='bbox 2707 2583 2771 2631; x_wconf 86' lang='lat'>80</span> 
     </span>
     <span class='ocr_line' id='line_1_24' title="bbox 268 2667 2677 2747; baseline 0.002 -20"><span class='ocrx_word' id='word_1_223' title='bbox 268 2667 759 2743; x_wconf 85' lang='lat' dir='ltr'>necessitatibus,</span> <span class='ocrx_word' id='word_1_224' title='bbox 810 2667 866 2728; x_wconf 86' lang='lat' dir='ltr'>si</span> <span class='ocrx_word' id='word_1_225' title='bbox 907 2667 1171 2746; x_wconf 89' lang='lat' dir='ltr'>pecunia</span> <span class='ocrx_word' id='word_1_226' title='bbox 1215 2687 1347 2729; x_wconf 86' lang='lat' dir='ltr'>uon</span> <span class='ocrx_word' id='word_1_227' title='bbox 1391 2672 1701 2747; x_wconf 84' lang='lat' dir='ltr'>suppetat,</span> <span class='ocrx_word' id='word_1_228' title='bbox 1750 2668 1950 2730; x_wconf 90' lang='lat' dir='ltr'>nichil</span> <span class='ocrx_word' id='word_1_229' title='bbox 1997 2669 2115 2731; x_wconf 92' lang='lat' dir='ltr'>tibi</span> <span class='ocrx_word' id='word_1_230' title='bbox 2158 2670 2445 2732; x_wconf 86' lang='lat' dir='ltr'>adferant</span> <span class='ocrx_word' id='word_1_231' title='bbox 2500 2670 2677 2731; x_wconf 87' lang='lat' dir='ltr'>litere</span> 
     </span>
     <span class='ocr_line' id='line_1_25' title="bbox 268 2766 2676 2847; baseline 0.001 -20"><span class='ocrx_word' id='word_1_232' title='bbox 268 2770 475 2844; x_wconf 88' lang='lat' dir='ltr'>preter</span> <span class='ocrx_word' id='word_1_233' title='bbox 494 2766 753 2827; x_wconf 89' lang='lat' dir='ltr'>inanem</span> <span class='ocrx_word' id='word_1_234' title='bbox 772 2767 1085 2844; x_wconf 87' lang='lat' dir='ltr'>quandam</span> <span class='ocrx_word' id='word_1_235' title='bbox 1105 2771 1170 2829; x_wconf 91' lang='lat' dir='ltr'>et</span> <span class='ocrx_word' id='word_1_236' title='bbox 1191 2767 1501 2828; x_wconf 90' lang='lat' dir='ltr'>tumidam</span> <span class='ocrx_word' id='word_1_237' title='bbox 1525 2768 1877 2829; x_wconf 85' lang='lat' dir='ltr'>Stoicorum</span> <span class='ocrx_word' id='word_1_238' title='bbox 1896 2769 2382 2847; x_wconf 86' lang='lat' dir='ltr'>persuasionem.</span> <span class='ocrx_word' id='word_1_239' title='bbox 2434 2768 2676 2844; x_wconf 80' lang='lat' dir='ltr'>Quibus</span> 
     </span>
     <span class='ocr_line' id='line_1_26' title="bbox 269 2864 2676 2946; baseline 0.002 -22"><span class='ocrx_word' id='word_1_240' title='bbox 269 2885 384 2942; x_wconf 91' lang='lat' dir='ltr'>ego</span> <span class='ocrx_word' id='word_1_241' title='bbox 411 2885 556 2925; x_wconf 93' lang='lat' dir='ltr'>cum</span> <span class='ocrx_word' id='word_1_242' title='bbox 583 2864 813 2925; x_wconf 90' lang='lat' dir='ltr'>iudicio</span> <span class='ocrx_word' id='word_1_243' title='bbox 841 2865 1195 2926; x_wconf 85' lang='lat' dir='ltr'>seculorum</span> <span class='ocrx_word' id='word_1_244' title='bbox 1227 2866 1413 2943; x_wconf 91' lang='lat' dir='ltr'>longe</span> <span class='ocrx_word' id='word_1_245' title='bbox 1450 2867 1695 2944; x_wconf 89' lang='lat' dir='ltr'>prefero</span> <span class='ocrx_word' id='word_1_246' title='bbox 1723 2867 2150 2941; x_wconf 86' lang='lat' dir='ltr'>Aristotelem,</span> <span class='ocrx_word' id='word_1_247' title='bbox 2185 2868 2295 2946; x_wconf 89' lang='lat' dir='ltr'>qui</span> <span class='ocrx_word' id='word_1_248' title='bbox 2332 2866 2676 2945; x_wconf 88' lang='lat' dir='ltr'>querendas</span> 
     </span>
     <span class='ocr_line' id='line_1_27' title="bbox 267 2962 2673 3044; baseline 0.001 -22"><span class='ocrx_word' id='word_1_249' title='bbox 267 2963 446 3040; x_wconf 89' lang='lat' dir='ltr'>prius</span> <span class='ocrx_word' id='word_1_250' title='bbox 485 2962 742 3023; x_wconf 91' lang='lat' dir='ltr'>diuitias</span> <span class='ocrx_word' id='word_1_251' title='bbox 779 2983 965 3040; x_wconf 91' lang='lat' dir='ltr'>quam</span> <span class='ocrx_word' id='word_1_252' title='bbox 1005 2964 1470 3042; x_wconf 86' lang='lat' dir='ltr'>philosophiam</span> <span class='ocrx_word' id='word_1_253' title='bbox 1508 2965 1794 3039; x_wconf 80' lang='lat' dir='ltr'>censuit3</span> <span class='ocrx_word' id='word_1_254' title='bbox 1844 2986 2221 3044; x_wconf 86' lang='lat' dir='ltr'>quamquam</span> <span class='ocrx_word' id='word_1_255' title='bbox 2256 2969 2405 3026; x_wconf 91' lang='lat' dir='ltr'>tuus</span> <span class='ocrx_word' id='word_1_256' title='bbox 2443 2965 2673 3026; x_wconf 86' lang='lat' dir='ltr'>nebulo</span> 
     </span>
     <span class='ocr_line' id='line_1_28' title="bbox 270 3062 2759 3143; baseline 0 -21"><span class='ocrx_word' id='word_1_257' title='bbox 270 3063 584 3123; x_wconf 87' lang='lat' dir='ltr'>Lucianus</span> <span class='ocrx_word' id='word_1_258' title='bbox 631 3064 878 3121; x_wconf 86' lang='lat' dir='ltr'>tantum</span> <span class='ocrx_word' id='word_1_259' title='bbox 926 3062 1136 3122; x_wconf 84' lang='lat' dir='ltr'>virum</span> <span class='ocrx_word' id='word_1_260' title='bbox 1185 3065 1436 3122; x_wconf 81' lang='grc' dir='ltr'>κολάκων</span> <span class='ocrx_word' id='word_1_261' title='bbox 1483 3065 1938 3141; x_wconf 74' lang='grc' dir='ltr'>ἐπιτριπότατον</span> <span class='ocrx_word' id='word_1_262' title='bbox 1981 3064 2361 3143; x_wconf 87' lang='lat' dir='ltr'>nequissime</span> <span class='ocrx_word' id='word_1_263' title='bbox 2401 3062 2672 3142; x_wconf 88' lang='lat' dir='ltr'>appella·</span> <span class='ocrx_word' id='word_1_264' title='bbox 2697 3075 2759 3138; x_wconf 83' lang='lat'>85</span> 
     </span>
     <span class='ocr_line' id='line_1_29' title="bbox 269 3160 2667 3239; baseline -0.001 -17"><span class='ocrx_word' id='word_1_265' title='bbox 269 3162 446 3235; x_wconf 89' lang='lat' dir='ltr'>uerit,</span> <span class='ocrx_word' id='word_1_266' title='bbox 494 3160 874 3238; x_wconf 91' lang='lat' dir='ltr'>indignatus,</span> <span class='ocrx_word' id='word_1_267' title='bbox 921 3166 1091 3238; x_wconf 92' lang='lat' dir='ltr'>puto,</span> <span class='ocrx_word' id='word_1_268' title='bbox 1139 3162 1305 3239; x_wconf 91' lang='lat' dir='ltr'>quod</span> <span class='ocrx_word' id='word_1_269' title='bbox 1348 3182 1477 3223; x_wconf 88' lang='lat' dir='ltr'>non</span> <span class='ocrx_word' id='word_1_270' title='bbox 1517 3163 1642 3222; x_wconf 92' lang='lat' dir='ltr'>sibi</span> <span class='ocrx_word' id='word_1_271' title='bbox 1682 3162 1774 3223; x_wconf 94' lang='lat' dir='ltr'>ita</span> <span class='ocrx_word' id='word_1_272' title='bbox 1810 3166 1883 3223; x_wconf 83' lang='lat' dir='ltr'>vt</span> <span class='ocrx_word' id='word_1_273' title='bbox 1920 3163 2255 3224; x_wconf 85' lang='lat' dir='ltr'>Aristoteli</span> <span class='ocrx_word' id='word_1_274' title='bbox 2294 3161 2667 3235; x_wconf 86' lang='lat' dir='ltr'>successerit,</span> 
     </span>
     <span class='ocr_line' id='line_1_30' title="bbox 268 3260 1635 3340; baseline 0 -17"><span class='ocrx_word' id='word_1_275' title='bbox 268 3261 519 3340; x_wconf 88' lang='lat' dir='ltr'>quando</span> <span class='ocrx_word' id='word_1_276' title='bbox 545 3280 691 3321; x_wconf 79' lang='lat' dir='ltr'>vero</span> <span class='ocrx_word' id='word_1_277' title='bbox 715 3260 850 3337; x_wconf 90' lang='lat' dir='ltr'>ipse</span> <span class='ocrx_word' id='word_1_278' title='bbox 876 3261 1054 3331; x_wconf 76' lang='grc' dir='ltr'>κόλαξ</span> <span class='ocrx_word' id='word_1_279' title='bbox 1077 3285 1137 3319; x_wconf 74' lang='grc' dir='ltr'>τε</span> <span class='ocrx_word' id='word_1_280' title='bbox 1165 3262 1257 3320; x_wconf 82' lang='grc' dir='ltr'>καὶ</span> <span class='ocrx_word' id='word_1_281' title='bbox 1285 3262 1458 3337; x_wconf 75' lang='grc' dir='ltr'>κόραξ</span> <span class='ocrx_word' id='word_1_282' title='bbox 1480 3265 1635 3323; x_wconf 90' lang='lat' dir='ltr'>erat.</span> 
     </span>
    </p>

    <p class='ocr_par' dir='ltr' id='par_1_5' title="bbox 267 3356 2759 4224">
     <span class='ocr_line' id='line_1_31' title="bbox 349 3356 2670 3438; baseline -0.003 -15"><span class='ocrx_word' id='word_1_283' title='bbox 349 3361 468 3423; x_wconf 85' lang='lat' dir='ltr'>Sed</span> <span class='ocrx_word' id='word_1_284' title='bbox 508 3379 817 3437; x_wconf 88' lang='lat' dir='ltr'>nugarum</span> <span class='ocrx_word' id='word_1_285' title='bbox 853 3358 1004 3419; x_wconf 87' lang='lat' dir='ltr'>satis</span> <span class='ocrx_word' id='word_1_286' title='bbox 1040 3362 1105 3419; x_wconf 92' lang='lat' dir='ltr'>et</span> <span class='ocrx_word' id='word_1_287' title='bbox 1139 3379 1340 3437; x_wconf 90' lang='lat' dir='ltr'>super.</span> <span class='ocrx_word' id='word_1_288' title='bbox 1428 3359 1532 3419; x_wconf 83' lang='lat' dir='ltr'>Me</span> <span class='ocrx_word' id='word_1_289' title='bbox 1564 3361 1858 3438; x_wconf 89' lang='lat' dir='ltr'>profecto,</span> <span class='ocrx_word' id='word_1_290' title='bbox 1892 3360 2169 3432; x_wconf 86' lang='lat' dir='ltr'>Erasme,</span> <span class='ocrx_word' id='word_1_291' title='bbox 2197 3378 2394 3436; x_wconf 91' lang='lat' dir='ltr'>neque</span> <span class='ocrx_word' id='word_1_292' title='bbox 2430 3356 2670 3436; x_wconf 87' lang='lat' dir='ltr'>penitet</span> 
     </span>
     <span class='ocr_line' id='line_1_32' title="bbox 269 3456 2669 3538; baseline -0.003 -17"><span class='ocrx_word' id='word_1_293' title='bbox 269 3479 471 3538; x_wconf 91' lang='lat' dir='ltr'>neque</span> <span class='ocrx_word' id='word_1_294' title='bbox 498 3457 801 3536; x_wconf 91' lang='lat' dir='ltr'>penitebit</span> <span class='ocrx_word' id='word_1_295' title='bbox 825 3476 1106 3534; x_wconf 85' lang='lat' dir='ltr'>vuquam</span> <span class='ocrx_word' id='word_1_296' title='bbox 1132 3458 1380 3518; x_wconf 89' lang='lat' dir='ltr'>consilii</span> <span class='ocrx_word' id='word_1_297' title='bbox 1410 3458 1521 3530; x_wconf 90' lang='lat' dir='ltr'>tui,</span> <span class='ocrx_word' id='word_1_298' title='bbox 1543 3479 1665 3534; x_wconf 91' lang='lat' dir='ltr'>quo</span> <span class='ocrx_word' id='word_1_299' title='bbox 1683 3459 1880 3518; x_wconf 84' lang='lat' dir='ltr'>michi</span> <span class='ocrx_word' id='word_1_300' title='bbox 1899 3457 2277 3535; x_wconf 83' lang='lat' dir='ltr'>persuasisti,</span> <span class='ocrx_word' id='word_1_301' title='bbox 2297 3456 2669 3516; x_wconf 83' lang='lat' dir='ltr'>reclamante</span> 
     </span>
     <span class='ocr_line' id='line_1_33' title="bbox 267 3554 2759 3633; baseline -0.002 -13"><span class='ocrx_word' id='word_1_302' title='bbox 267 3562 340 3620; x_wconf 81' lang='lat' dir='ltr'>vt</span> <span class='ocrx_word' id='word_1_303' title='bbox 368 3559 488 3619; x_wconf 87' lang='lat' dir='ltr'>scis</span> <span class='ocrx_word' id='word_1_304' title='bbox 515 3560 651 3617; x_wconf 88' lang='lat' dir='ltr'>tota</span> <span class='ocrx_word' id='word_1_305' title='bbox 677 3556 882 3631; x_wconf 87' lang='lat' dir='ltr'>Italia,</span> <span class='ocrx_word' id='word_1_306' title='bbox 910 3559 982 3616; x_wconf 80' lang='lat' dir='ltr'>vt</span> <span class='ocrx_word' id='word_1_307' title='bbox 1007 3555 1076 3615; x_wconf 91' lang='lat' dir='ltr'>in</span> <span class='ocrx_word' id='word_1_308' title='bbox 1106 3555 1376 3615; x_wconf 84' lang='lat' dir='ltr'>Galliam</span> <span class='ocrx_word' id='word_1_309' title='bbox 1404 3556 1580 3616; x_wconf 87' lang='lat' dir='ltr'>irem.</span> <span class='ocrx_word' id='word_1_310' title='bbox 1647 3556 2028 3617; x_wconf 81' lang='lat' dir='ltr'>Subtraxisti</span> <span class='ocrx_word' id='word_1_311' title='bbox 2052 3557 2226 3616; x_wconf 92' lang='lat' dir='ltr'>enim</span> <span class='ocrx_word' id='word_1_312' title='bbox 2254 3576 2373 3629; x_wconf 94' lang='lat' dir='ltr'>me,</span> <span class='ocrx_word' id='word_1_313' title='bbox 2398 3554 2666 3633; x_wconf 86' lang='lat' dir='ltr'>quodam</span> <span class='ocrx_word' id='word_1_314' title='bbox 2694 3578 2759 3628; x_wconf 88' lang='lat'>90</span> 
     </span>
     <span class='ocr_line' id='line_1_34' title="bbox 268 3652 2669 3732; baseline -0.001 -16"><span class='ocrx_word' id='word_1_315' title='bbox 268 3656 467 3717; x_wconf 84' lang='lat' dir='ltr'>veluti</span> <span class='ocrx_word' id='word_1_316' title='bbox 492 3652 841 3731; x_wconf 86' lang='lat' dir='ltr'>inspirante</span> <span class='ocrx_word' id='word_1_317' title='bbox 869 3653 1146 3728; x_wconf 90' lang='lat' dir='ltr'>numine,</span> <span class='ocrx_word' id='word_1_318' title='bbox 1177 3674 1254 3714; x_wconf 83' lang='lat' dir='ltr'>ex</span> <span class='ocrx_word' id='word_1_319' title='bbox 1281 3654 1515 3715; x_wconf 80' lang='lat' dir='ltr'>futuris</span> <span class='ocrx_word' id='word_1_320' title='bbox 1549 3654 1735 3715; x_wconf 89' lang='lat' dir='ltr'>bellis</span> <span class='ocrx_word' id='word_1_321' title='bbox 1769 3654 1847 3716; x_wconf 88' lang='lat' dir='ltr'>ad</span> <span class='ocrx_word' id='word_1_322' title='bbox 1886 3674 2119 3732; x_wconf 88' lang='lat' dir='ltr'>pacem,</span> <span class='ocrx_word' id='word_1_323' title='bbox 2149 3658 2221 3714; x_wconf 77' lang='lat' dir='ltr'>vt</span> <span class='ocrx_word' id='word_1_324' title='bbox 2259 3653 2599 3715; x_wconf 82' lang='lat' dir='ltr'>Mercurius</span> <span class='ocrx_word' id='word_1_325' title='bbox 2634 3673 2669 3713; x_wconf 94' lang='lat' dir='ltr'>e</span> 
     </span>
     <span class='ocr_line' id='line_1_35' title="bbox 270 3750 2668 3832; baseline -0.001 -17"><span class='ocrx_word' id='word_1_326' title='bbox 270 3753 466 3832; x_wconf 89' lang='lat' dir='ltr'>prelio</span> <span class='ocrx_word' id='word_1_327' title='bbox 507 3750 889 3825; x_wconf 88' lang='lat' dir='ltr'>Horatium;</span> <span class='ocrx_word' id='word_1_328' title='bbox 937 3771 1294 3829; x_wconf 89' lang='lat' dir='ltr'>quanquam</span> <span class='ocrx_word' id='word_1_329' title='bbox 1335 3753 1557 3830; x_wconf 91' lang='lat' dir='ltr'>primis</span> <span class='ocrx_word' id='word_1_330' title='bbox 1596 3751 1726 3812; x_wconf 90' lang='lat' dir='ltr'>illis</span> <span class='ocrx_word' id='word_1_331' title='bbox 1766 3753 2105 3828; x_wconf 90' lang='lat' dir='ltr'>mensibus,</span> <span class='ocrx_word' id='word_1_332' title='bbox 2150 3774 2346 3831; x_wconf 93' lang='lat' dir='ltr'>quum</span> <span class='ocrx_word' id='word_1_333' title='bbox 2388 3752 2668 3813; x_wconf 91' lang='lat' dir='ltr'>nondum</span> 
     </span>
     <span class='ocr_line' id='line_1_36' title="bbox 267 3848 2671 3927; baseline -0.003 -11"><span class='ocrx_word' id='word_1_334' title='bbox 267 3852 404 3915; x_wconf 87' lang='lat' dir='ltr'>celo</span> <span class='ocrx_word' id='word_1_335' title='bbox 432 3870 634 3927; x_wconf 91' lang='lat' dir='ltr'>neque</span> <span class='ocrx_word' id='word_1_336' title='bbox 663 3848 921 3909; x_wconf 84' lang='lat' dir='ltr'>Gallicis</span> <span class='ocrx_word' id='word_1_337' title='bbox 947 3849 1227 3911; x_wconf 90' lang='lat' dir='ltr'>moribus</span> <span class='ocrx_word' id='word_1_338' title='bbox 1250 3854 1357 3911; x_wconf 89' lang='lat' dir='ltr'>aut</span> <span class='ocrx_word' id='word_1_339' title='bbox 1385 3850 1635 3927; x_wconf 80' lang='lat' dir='ltr'>linguae</span> <span class='ocrx_word' id='word_1_340' title='bbox 1658 3851 2094 3926; x_wconf 88' lang='lat' dir='ltr'>assueuissem,</span> <span class='ocrx_word' id='word_1_341' title='bbox 2115 3851 2385 3912; x_wconf 88' lang='lat' dir='ltr'>iacebam</span> <span class='ocrx_word' id='word_1_342' title='bbox 2414 3851 2483 3911; x_wconf 93' lang='lat' dir='ltr'>in</span> <span class='ocrx_word' id='word_1_343' title='bbox 2510 3850 2671 3911; x_wconf 91' lang='lat' dir='ltr'>lecto</span> 
     </span>
     <span class='ocr_line' id='line_1_37' title="bbox 267 3947 2668 4029; baseline -0.002 -16"><span class='ocrx_word' id='word_1_344' title='bbox 267 3952 576 4029; x_wconf 87' lang='lat' dir='ltr'>aegrotus,</span> <span class='ocrx_word' id='word_1_345' title='bbox 625 3952 689 4008; x_wconf 91' lang='lat' dir='ltr'>et</span> <span class='ocrx_word' id='word_1_346' title='bbox 735 3947 972 4025; x_wconf 88' lang='lat' dir='ltr'>patrias</span> <span class='ocrx_word' id='word_1_347' title='bbox 1017 3968 1184 4009; x_wconf 92' lang='lat' dir='ltr'>mem</span> <span class='ocrx_word' id='word_1_348' title='bbox 1192 3948 1322 4010; x_wconf 90' lang='lat' dir='ltr'>oria</span> <span class='ocrx_word' id='word_1_349' title='bbox 1375 3952 1662 4027; x_wconf 91' lang='lat' dir='ltr'>repetens</span> <span class='ocrx_word' id='word_1_350' title='bbox 1716 3949 2197 4010; x_wconf 86' lang='lat' dir='ltr'>consuetudines</span> <span class='ocrx_word' id='word_1_351' title='bbox 2251 3949 2668 4027; x_wconf 85' lang='lat' dir='ltr'>dampnabam</span> 
     </span>
     <span class='ocr_line' id='line_1_38' title="bbox 268 4045 2756 4126; baseline -0.003 -14"><span class='ocrx_word' id='word_1_352' title='bbox 268 4048 537 4113; x_wconf 89' lang='lat' dir='ltr'>subinde</span> <span class='ocrx_word' id='word_1_353' title='bbox 566 4066 695 4107; x_wconf 90' lang='lat' dir='ltr'>non</span> <span class='ocrx_word' id='word_1_354' title='bbox 724 4045 1063 4107; x_wconf 83' lang='lat' dir='ltr'>consilium·</span> <span class='ocrx_word' id='word_1_355' title='bbox 1085 4047 1289 4125; x_wconf 88' lang='lat' dir='ltr'>magis</span> <span class='ocrx_word' id='word_1_356' title='bbox 1315 4049 1497 4107; x_wconf 93' lang='lat' dir='ltr'>tuum</span> <span class='ocrx_word' id='word_1_357' title='bbox 1525 4069 1718 4126; x_wconf 90' lang='lat' dir='ltr'>quam</span> <span class='ocrx_word' id='word_1_358' title='bbox 1745 4052 1978 4108; x_wconf 88' lang='lat' dir='ltr'>sortem</span> <span class='ocrx_word' id='word_1_359' title='bbox 2005 4068 2229 4109; x_wconf 87' lang='lat' dir='ltr'>meam.</span> <span class='ocrx_word' id='word_1_360' title='bbox 2296 4048 2430 4108; x_wconf 88' lang='lat' dir='ltr'>Hec</span> <span class='ocrx_word' id='word_1_361' title='bbox 2455 4051 2669 4107; x_wconf 90' lang='lat' dir='ltr'>autem</span> <span class='ocrx_word' id='word_1_362' title='bbox 2694 4070 2756 4120; x_wconf 84' lang='lat'>95</span> 
     </span>
     <span class='ocr_line' id='line_1_39' title="bbox 271 4144 2667 4224; baseline -0.003 -14"><span class='ocrx_word' id='word_1_363' title='bbox 271 4149 492 4210; x_wconf 89' lang='lat' dir='ltr'>melior</span> <span class='ocrx_word' id='word_1_364' title='bbox 525 4151 663 4207; x_wconf 84' lang='lat' dir='ltr'>erat</span> <span class='ocrx_word' id='word_1_365' title='bbox 690 4166 876 4224; x_wconf 91' lang='lat' dir='ltr'>quam</span> <span class='ocrx_word' id='word_1_366' title='bbox 904 4147 1216 4223; x_wconf 85' lang='lat' dir='ltr'>presagire</span> <span class='ocrx_word' id='word_1_367' title='bbox 1251 4165 1498 4223; x_wconf 86' lang='lat' dir='ltr'>possem</span> <span class='ocrx_word' id='word_1_368' title='bbox 1527 4146 1767 4221; x_wconf 91' lang='lat' dir='ltr'>(Dauus</span> <span class='ocrx_word' id='word_1_369' title='bbox 1803 4167 1961 4222; x_wconf 90' lang='lat' dir='ltr'>sum,</span> <span class='ocrx_word' id='word_1_370' title='bbox 1995 4167 2124 4207; x_wconf 94' lang='lat' dir='ltr'>non</span> <span class='ocrx_word' id='word_1_371' title='bbox 2160 4146 2473 4223; x_wconf 87' lang='lat' dir='ltr'>Oedipus),</span> <span class='ocrx_word' id='word_1_372' title='bbox 2505 4144 2667 4221; x_wconf 88' lang='lat' dir='ltr'>quod</span> 
     </span>
    </p>
   </div>
   <div class='ocr_carea' id='block_1_3' title="bbox 335 4315 2603 4386">
    <p class='ocr_par' dir='ltr' id='par_1_6' title="bbox 335 4315 2603 4386">
     <span class='ocr_line' id='line_1_40' title="bbox 335 4315 2603 4386; baseline -0.001 -17"><span class='ocrx_word' id='word_1_373' title='bbox 335 4324 418 4370; x_wconf 92' lang='grc' dir='ltr'>6ο.</span> <span class='ocrx_word' id='word_1_374' title='bbox 453 4320 654 4370; x_wconf 81' lang='lat' dir='ltr'>faciant</span> <span class='ocrx_word' id='word_1_375' title='bbox 676 4325 778 4371; x_wconf 67' lang='lat' dir='ltr'>MS.</span> <span class='ocrx_word' id='word_1_376' title='bbox 998 4336 1073 4382; x_wconf 83' lang='lat'>73.</span> <span class='ocrx_word' id='word_1_377' title='bbox 1109 4319 1288 4383; x_wconf 85' lang='lat' dir='ltr'>patria</span> <span class='ocrx_word' id='word_1_378' title='bbox 1311 4322 1414 4367; x_wconf 72' lang='lat' dir='ltr'>MS.</span> <span class='ocrx_word' id='word_1_379' title='bbox 1630 4335 1708 4381; x_wconf 83' lang='lat'>75.</span> <span class='ocrx_word' id='word_1_380' title='bbox 1748 4315 1785 4386; x_wconf 71' lang='grc' dir='ltr'><strong>β</strong></span> <span class='ocrx_word' id='word_1_381' title='bbox 1820 4321 1965 4383; x_wconf 77' lang='lat' dir='ltr'>(sed)</span> <span class='ocrx_word' id='word_1_382' title='bbox 1990 4322 2124 4370; x_wconf 44' lang='lat' dir='ltr'>HS&amp;</span> <span class='ocrx_word' id='word_1_383' title='bbox 2159 4319 2366 4369; x_wconf 84' lang='lat' dir='ltr'>scilicet</span> <span class='ocrx_word' id='word_1_384' title='bbox 2386 4323 2603 4377; x_wconf 73' lang='lat' dir='ltr'>Paquier.</span> 
     </span>
    </p>
   </div>
   <div class='ocr_carea' id='block_1_4' title="bbox 272 4470 2537 4733">
    <p class='ocr_par' dir='ltr' id='par_1_7' title="bbox 272 4470 2537 4733">
     <span class='ocr_line' id='line_1_41' title="bbox 337 4470 1835 4533; baseline 0.001 -16"><span class='ocrx_word' id='word_1_385' title='bbox 337 4470 416 4530; x_wconf 63' lang='lat'>⁶3</span> <span class='ocrx_word' id='word_1_386' title='bbox 450 4470 807 4533; x_wconf 84' lang='lat' dir='ltr'>recturamm]</span> <span class='ocrx_word' id='word_1_387' title='bbox 869 4471 1145 4520; x_wconf 83' lang='lat' dir='ltr'>Aleander</span> <span class='ocrx_word' id='word_1_388' title='bbox 1208 4471 1420 4519; x_wconf 86' lang='lat' dir='ltr'>became</span> <span class='ocrx_word' id='word_1_389' title='bbox 1524 4470 1702 4520; x_wconf 74' lang='lat' dir='ltr'>mm.</span> <span class='ocrx_word' id='word_1_390' title='bbox 1728 4471 1764 4521; x_wconf 88' lang='lat' dir='ltr'>i.</span> <span class='ocrx_word' id='word_1_391' title='bbox 1786 4472 1835 4518; x_wconf 88' lang='grc'>6.</span> 
     </span>
     <span class='ocr_line' id='line_1_42' title="bbox 275 4534 2411 4599; baseline -0.001 -16"><span class='ocrx_word' id='word_1_392' title='bbox 275 4534 469 4583; x_wconf 64' lang='lat' dir='ltr'>Reotor</span> <span class='ocrx_word' id='word_1_393' title='bbox 502 4534 561 4583; x_wconf 71' lang='lat' dir='ltr'>ol</span> <span class='ocrx_word' id='word_1_394' title='bbox 596 4535 692 4584; x_wconf 89' lang='lat' dir='ltr'>the</span> <span class='ocrx_word' id='word_1_395' title='bbox 727 4537 1061 4599; x_wconf 77' lang='lat' dir='ltr'>University,</span> <span class='ocrx_word' id='word_1_396' title='bbox 1099 4552 1166 4599; x_wconf 75' lang='lat'>23</span> <span class='ocrx_word' id='word_1_397' title='bbox 1203 4536 1423 4586; x_wconf 73' lang='lat' dir='ltr'>March-</span> <span class='ocrx_word' id='word_1_398' title='bbox 1586 4538 1668 4585; x_wconf 90' lang='grc'>66.</span> <span class='ocrx_word' id='word_1_399' title='bbox 1707 4534 1956 4599; x_wconf 66' lang='grc' dir='ltr'>χαλεπὸν]</span> <span class='ocrx_word' id='word_1_400' title='bbox 1978 4536 2202 4586; x_wconf 82' lang='lat' dir='ltr'>Theocr.</span> <span class='ocrx_word' id='word_1_401' title='bbox 2231 4549 2304 4583; x_wconf 88' lang='lat'>10.</span> <span class='ocrx_word' id='word_1_402' title='bbox 2338 4548 2411 4582; x_wconf 91' lang='lat'>11.</span> 
     </span>
     <span class='ocr_line' id='line_1_43' title="bbox 278 4598 2537 4665; baseline -0.001 -17"><span class='ocrx_word' id='word_1_403' title='bbox 278 4614 337 4660; x_wconf 81' lang='lat'>¹3</span> <span class='ocrx_word' id='word_1_404' title='bbox 391 4598 535 4647; x_wconf 74' lang='lat' dir='ltr'>June</span> <span class='ocrx_word' id='word_1_405' title='bbox 588 4614 727 4662; x_wconf 82' lang='lat'><strong>¹⁵¹3-</strong></span> <span class='ocrx_word' id='word_1_406' title='bbox 808 4601 895 4651; x_wconf 84' lang='lat' dir='ltr'>He</span> <span class='ocrx_word' id='word_1_407' title='bbox 950 4617 1060 4651; x_wconf 75' lang='lat' dir='ltr'>was</span> <span class='ocrx_word' id='word_1_408' title='bbox 1112 4602 1335 4665; x_wconf 77' lang='lat' dir='ltr'>already</span> <span class='ocrx_word' id='word_1_409' title='bbox 1391 4618 1422 4650; x_wconf 83' lang='lat' dir='ltr'>a</span> <span class='ocrx_word' id='word_1_410' title='bbox 1587 4617 1667 4662; x_wconf 78' lang='lat'>92.</span> <span class='ocrx_word' id='word_1_411' title='bbox 1706 4601 2024 4665; x_wconf 83' lang='lat' dir='ltr'>Horatium]</span> <span class='ocrx_word' id='word_1_412' title='bbox 2052 4605 2280 4650; x_wconf 59' lang='lat' dir='ltr'>Conna,</span> <span class='ocrx_word' id='word_1_413' title='bbox 2308 4615 2351 4660; x_wconf 83' lang='lat'>7.</span> <span class='ocrx_word' id='word_1_414' title='bbox 2387 4614 2461 4661; x_wconf 82' lang='lat'>13,</span> <span class='ocrx_word' id='word_1_415' title='bbox 2492 4616 2537 4659; x_wconf 77' lang='lat'>4.</span> 
     </span>
     <span class='ocr_line' id='line_1_44' title="bbox 272 4664 2387 4733; baseline 0 -18"><span class='ocrx_word' id='word_1_416' title='bbox 272 4664 563 4715; x_wconf 72' lang='lat' dir='ltr'>candidate</span> <span class='ocrx_word' id='word_1_417' title='bbox 597 4667 680 4714; x_wconf 73' lang='lat' dir='ltr'>{or</span> <span class='ocrx_word' id='word_1_418' title='bbox 713 4666 808 4716; x_wconf 89' lang='lat' dir='ltr'>the</span> <span class='ocrx_word' id='word_1_419' title='bbox 843 4667 988 4717; x_wconf 78' lang='lat' dir='ltr'>office</span> <span class='ocrx_word' id='word_1_420' title='bbox 1024 4668 1081 4716; x_wconf 91' lang='lat' dir='ltr'>in</span> <span class='ocrx_word' id='word_1_421' title='bbox 1105 4670 1239 4731; x_wconf 82' lang='lat' dir='ltr'>Aug.</span> <span class='ocrx_word' id='word_1_422' title='bbox 1273 4682 1360 4729; x_wconf 83' lang='lat'>¹5¹</span> <span class='ocrx_word' id='word_1_423' title='bbox 1373 4683 1415 4717; x_wconf 86' lang='lat'>1.</span> <span class='ocrx_word' id='word_1_424' title='bbox 1588 4670 1671 4731; x_wconf 88' lang='grc'>96.</span> <span class='ocrx_word' id='word_1_425' title='bbox 1710 4667 1921 4733; x_wconf 81' lang='lat' dir='ltr'>Dauus]</span> <span class='ocrx_word' id='word_1_426' title='bbox 1944 4667 2064 4716; x_wconf 80' lang='lat' dir='ltr'>Ter.</span> <span class='ocrx_word' id='word_1_427' title='bbox 2087 4671 2251 4717; x_wconf 72' lang='lat' dir='ltr'>Andr.</span> <span class='ocrx_word' id='word_1_428' title='bbox 2281 4681 2387 4728; x_wconf 80' lang='lat'><strong>¹9⁴·</strong></span> 
     </span>
    </p>
   </div>
   <div class='ocr_carea' id='block_1_5' title="bbox 372 4753 1513 4813">
    <p class='ocr_par' dir='ltr' id='par_1_8' title="bbox 372 4753 1513 4813">
     <span class='ocr_line' id='line_1_45' title="bbox 372 4753 1513 4813; baseline -0.001 -17"><span class='ocrx_word' id='word_1_429' title='bbox 372 4764 532 4796; x_wconf 65' lang='lat' dir='ltr'>amma</span> <span class='ocrx_word' id='word_1_430' title='bbox 1425 4772 1462 4813; x_wconf 59' lang='lat' dir='ltr'>L</span> <span class='ocrx_word' id='word_1_431' title='bbox 1490 4753 1513 4813; x_wconf 87' lang='lat'>1</span> 
     </span>
    </p>
   </div>
  </div>
 </body>
</html>
