<?xml version="1.0" encoding="UTF-8"?>
<!DOCTYPE html PUBLIC "-//W3C//DTD XHTML 1.0 Transitional//EN"
    "http://www.w3.org/TR/xhtml1/DTD/xhtml1-transitional.dtd">
<html xmlns="http://www.w3.org/1999/xhtml" xml:lang="en" lang="en">
 <head>
  <title>
</title>
<meta http-equiv="Content-Type" content="text/html;charset=utf-8" />
  <meta name='ocr-system' content='tesseract 3.04.00' />
  <meta name='ocr-capabilities' content='ocr_page ocr_carea ocr_par ocr_line ocrx_word'/>
</head>
<body>
  <div class='ocr_page' id='page_1' title='image "./opusepistolarum00flowgoog_0284.png"; bbox 0 0 3355 5380; ppageno 0'>
   <div class='ocr_carea' id='block_1_1' title="bbox 640 383 3046 469">
    <p class='ocr_par' dir='ltr' id='par_1_1' title="bbox 640 383 3046 469">
     <span class='ocr_line' id='line_1_1' title="bbox 640 383 3046 469; baseline -0.002 -19"><span class='ocrx_word' id='word_1_1' title='bbox 640 390 757 450; x_wconf 74' lang='lat'><strong>252</strong></span> <span class='ocrx_word' id='word_1_2' title='bbox 1334 387 1716 450; x_wconf 77' lang='lat' dir='ltr'>LETTERS</span> <span class='ocrx_word' id='word_1_3' title='bbox 1770 388 1878 450; x_wconf 72' lang='lat' dir='ltr'><strong>or</strong></span> <span class='ocrx_word' id='word_1_4' title='bbox 1935 387 2341 449; x_wconf 75' lang='lat' dir='ltr'><strong>ERAsMUS</strong></span> <span class='ocrx_word' id='word_1_5' title='bbox 2850 383 3046 469; x_wconf 76' lang='lat'>[1499</span> 
     </span>
    </p>
   </div>
   <div class='ocr_carea' id='block_1_2' title="bbox 517 536 3060 4360">
    <p class='ocr_par' dir='ltr' id='par_1_2' title="bbox 637 536 3055 821">
     <span class='ocr_line' id='line_1_2' title="bbox 720 536 3055 625; baseline -0.003 -16"><span class='ocrx_word' id='word_1_6' title='bbox 720 547 861 609; x_wconf 86' lang='lat' dir='ltr'><strong>Iam</strong></span> <span class='ocrx_word' id='word_1_7' title='bbox 901 547 1055 625; x_wconf 89' lang='lat' dir='ltr'><strong>quid</strong></span> <span class='ocrx_word' id='word_1_8' title='bbox 1096 549 1409 625; x_wconf 88' lang='lat' dir='ltr'><strong>praeterea</strong></span> <span class='ocrx_word' id='word_1_9' title='bbox 1452 544 1654 624; x_wconf 87' lang='lat' dir='ltr'><strong>possis</strong></span> <span class='ocrx_word' id='word_1_10' title='bbox 1696 542 2029 624; x_wconf 87' lang='lat' dir='ltr'><strong>requirere,</strong></span> <span class='ocrx_word' id='word_1_11' title='bbox 2067 544 2296 620; x_wconf 83' lang='lat' dir='ltr'><strong>Golete,</strong></span> <span class='ocrx_word' id='word_1_12' title='bbox 2341 560 2469 605; x_wconf 90' lang='lat' dir='ltr'><strong>non</strong></span> <span class='ocrx_word' id='word_1_13' title='bbox 2510 545 2731 619; x_wconf 82' lang='lat' dir='ltr'><strong>video;</strong></span> <span class='ocrx_word' id='word_1_14' title='bbox 2774 536 2900 605; x_wconf 81' lang='lat' dir='ltr'><strong>nisi</strong></span> <span class='ocrx_word' id='word_1_15' title='bbox 2940 541 3055 603; x_wconf 90' lang='lat' dir='ltr'><strong>ille</strong></span> 
     </span>
     <span class='ocr_line' id='line_1_3' title="bbox 638 636 3054 723; baseline -0.002 -16"><span class='ocrx_word' id='word_1_16' title='bbox 638 650 701 707; x_wconf 89' lang='lat' dir='ltr'><strong>te</strong></span> <span class='ocrx_word' id='word_1_17' title='bbox 749 645 954 706; x_wconf 86' lang='lat' dir='ltr'><strong>adhuc</strong></span> <span class='ocrx_word' id='word_1_18' title='bbox 1000 636 1329 723; x_wconf 80' lang='lat' dir='ltr'><strong>scrupulus</strong></span> <span class='ocrx_word' id='word_1_19' title='bbox 1374 648 1603 717; x_wconf 89' lang='lat' dir='ltr'><strong>mouet,</strong></span> <span class='ocrx_word' id='word_1_20' title='bbox 1648 664 1763 704; x_wconf 91' lang='lat' dir='ltr'><strong>cur</strong></span> <span class='ocrx_word' id='word_1_21' title='bbox 1809 647 2023 705; x_wconf 88' lang='lat' dir='ltr'><strong>tantae</strong></span> <span class='ocrx_word' id='word_1_22' title='bbox 2068 642 2410 704; x_wconf 72' lang='lat' dir='ltr'><strong>alacritatis</strong></span> <span class='ocrx_word' id='word_1_23' title='bbox 2454 642 2706 703; x_wconf 87' lang='lat' dir='ltr'><strong>nullum</strong></span> <span class='ocrx_word' id='word_1_24' title='bbox 2752 642 3054 705; x_wconf 86' lang='lat' dir='ltr'><strong>aediderit</strong></span> 
     </span>
     <span class='ocr_line' id='line_1_4' title="bbox 637 731 3049 821; baseline -0.002 -17"><span class='ocrx_word' id='word_1_25' title='bbox 637 742 962 818; x_wconf 90' lang='lat' dir='ltr'><strong>indicium,</strong></span> <span class='ocrx_word' id='word_1_26' title='bbox 993 763 1147 821; x_wconf 90' lang='lat' dir='ltr'><strong>qum</strong></span> <span class='ocrx_word' id='word_1_27' title='bbox 1185 742 1715 803; x_wconf 89' lang='lat' dir='ltr'><strong>reformidationis</strong></span> <span class='ocrx_word' id='word_1_28' title='bbox 1742 731 2184 821; x_wconf 63' lang='lat' dir='ltr'><strong>argumentum</strong></span> <span class='ocrx_word' id='word_1_29' title='bbox 2220 745 2353 802; x_wconf 87' lang='lat' dir='ltr'><strong>tam</strong></span> <span class='ocrx_word' id='word_1_30' title='bbox 2387 741 2649 801; x_wconf 90' lang='lat' dir='ltr'><strong>euidens</strong></span> <span class='ocrx_word' id='word_1_31' title='bbox 2685 740 3049 801; x_wconf 86' lang='lat' dir='ltr'><strong>ostenderit.</strong></span> 
     </span>
    </p>

    <p class='ocr_par' dir='ltr' id='par_1_3' title="bbox 540 838 3058 1310">
     <span class='ocr_line' id='line_1_5' title="bbox 540 838 3057 919; baseline -0.002 -15"><span class='ocrx_word' id='word_1_32' title='bbox 540 861 616 911; x_wconf 54' lang='grc'><strong>«90</strong></span> <span class='ocrx_word' id='word_1_33' title='bbox 638 842 929 904; x_wconf 83' lang='lat' dir='ltr'><strong>Conabor</strong></span> <span class='ocrx_word' id='word_1_34' title='bbox 968 845 1038 903; x_wconf 89' lang='lat' dir='ltr'><strong>et</strong></span> <span class='ocrx_word' id='word_1_35' title='bbox 1092 842 1290 903; x_wconf 88' lang='lat' dir='ltr'><strong>istum</strong></span> <span class='ocrx_word' id='word_1_36' title='bbox 1338 862 1468 902; x_wconf 92' lang='lat' dir='ltr'><strong>non</strong></span> <span class='ocrx_word' id='word_1_37' title='bbox 1514 841 1848 919; x_wconf 89' lang='lat' dir='ltr'><strong>scopulum</strong></span> <span class='ocrx_word' id='word_1_38' title='bbox 1891 840 1999 902; x_wconf 91' lang='lat' dir='ltr'><strong>sed</strong></span> <span class='ocrx_word' id='word_1_39' title='bbox 2046 859 2347 919; x_wconf 88' lang='lat' dir='ltr'><strong>scrupum</strong></span> <span class='ocrx_word' id='word_1_40' title='bbox 2387 838 2653 900; x_wconf 85' lang='lat' dir='ltr'><strong>amoliri.</strong></span> <span class='ocrx_word' id='word_1_41' title='bbox 2740 838 2885 900; x_wconf 84' lang='lat' dir='ltr'><strong>Non</strong></span> <span class='ocrx_word' id='word_1_42' title='bbox 2930 838 3057 900; x_wconf 82' lang='lat' dir='ltr'><strong>hoc</strong></span> 
     </span>
     <span class='ocr_line' id='line_1_6' title="bbox 636 938 3053 1019; baseline -0.002 -16"><span class='ocrx_word' id='word_1_43' title='bbox 636 940 860 1019; x_wconf 75' lang='lat' dir='ltr'><strong>agebat</strong></span> <span class='ocrx_word' id='word_1_44' title='bbox 883 940 1176 1003; x_wconf 85' lang='lat' dir='ltr'><strong>Christus</strong></span> <span class='ocrx_word' id='word_1_45' title='bbox 1200 943 1272 1000; x_wconf 80' lang='lat' dir='ltr'><strong>vt</strong></span> <span class='ocrx_word' id='word_1_46' title='bbox 1298 939 1482 1001; x_wconf 89' lang='lat' dir='ltr'><strong>nobis</strong></span> <span class='ocrx_word' id='word_1_47' title='bbox 1505 939 1897 1001; x_wconf 90' lang='lat' dir='ltr'><strong>fortitudinis</strong></span> <span class='ocrx_word' id='word_1_48' title='bbox 1928 939 2287 1016; x_wconf 85' lang='lat' dir='ltr'><strong>exemplum</strong></span> <span class='ocrx_word' id='word_1_49' title='bbox 2319 938 2658 1015; x_wconf 87' lang='lat' dir='ltr'><strong>exhiberet,</strong></span> <span class='ocrx_word' id='word_1_50' title='bbox 2688 955 3053 1016; x_wconf 83' lang='lat' dir='ltr'><strong>quanquam</strong></span> 
     </span>
     <span class='ocr_line' id='line_1_7' title="bbox 640 1036 3054 1116; baseline -0.002 -15"><span class='ocrx_word' id='word_1_51' title='bbox 640 1058 753 1101; x_wconf 87' lang='lat' dir='ltr'><strong>nec</strong></span> <span class='ocrx_word' id='word_1_52' title='bbox 780 1058 817 1099; x_wconf 93' lang='lat' dir='ltr'><strong>a</strong></span> <span class='ocrx_word' id='word_1_53' title='bbox 843 1038 990 1099; x_wconf 90' lang='lat' dir='ltr'><strong>forti</strong></span> <span class='ocrx_word' id='word_1_54' title='bbox 1026 1037 1278 1116; x_wconf 89' lang='lat' dir='ltr'><strong>quidem</strong></span> <span class='ocrx_word' id='word_1_55' title='bbox 1304 1037 1445 1099; x_wconf 79' lang='lat' dir='ltr'><strong>viro</strong></span> <span class='ocrx_word' id='word_1_56' title='bbox 1480 1037 1602 1098; x_wconf 89' lang='lat' dir='ltr'><strong>ista</strong></span> <span class='ocrx_word' id='word_1_57' title='bbox 1640 1038 2026 1099; x_wconf 88' lang='lat' dir='ltr'><strong>desideratur</strong></span> <span class='ocrx_word' id='word_1_58' title='bbox 2058 1038 2364 1113; x_wconf 77' lang='lat' dir='ltr'><strong>alacritas,</strong></span> <span class='ocrx_word' id='word_1_59' title='bbox 2396 1041 2461 1098; x_wconf 90' lang='lat' dir='ltr'><strong>et</strong></span> <span class='ocrx_word' id='word_1_60' title='bbox 2487 1057 2609 1098; x_wconf 80' lang='lat' dir='ltr'><strong>vox</strong></span> <span class='ocrx_word' id='word_1_61' title='bbox 2637 1036 2749 1097; x_wconf 88' lang='lat' dir='ltr'><strong>illa</strong></span> <span class='ocrx_word' id='word_1_62' title='bbox 2776 1037 3054 1097; x_wconf 85' lang='lat' dir='ltr'><strong>nimium</strong></span> 
     </span>
     <span class='ocr_line' id='line_1_8' title="bbox 636 1133 3058 1215; baseline -0.002 -17"><span class='ocrx_word' id='word_1_63' title='bbox 636 1137 842 1198; x_wconf 77' lang='lat' dir='ltr'><strong>virilis</strong></span> <span class='ocrx_word' id='word_1_64' title='bbox 895 1157 934 1198; x_wconf 90' lang='lat' dir='ltr'><strong>a</strong></span> <span class='ocrx_word' id='word_1_65' title='bbox 985 1136 1364 1215; x_wconf 86' lang='lat' dir='ltr'><strong>philosopho</strong></span> <span class='ocrx_word' id='word_1_66' title='bbox 1419 1135 1657 1197; x_wconf 89' lang='lat' dir='ltr'><strong>tributa</strong></span> <span class='ocrx_word' id='word_1_67' title='bbox 1710 1137 1846 1196; x_wconf 78' lang='lat' dir='ltr'><strong>viro</strong></span> <span class='ocrx_word' id='word_1_68' title='bbox 1900 1136 2185 1213; x_wconf 76' lang='lat' dir='ltr'><strong>sapienti,</strong></span> <span class='ocrx_word' id='word_1_69' title='bbox 2235 1138 2307 1196; x_wconf 82' lang='lat' dir='ltr'><strong>vt</strong></span> <span class='ocrx_word' id='word_1_70' title='bbox 2359 1136 2428 1195; x_wconf 91' lang='lat' dir='ltr'><strong>in</strong></span> <span class='ocrx_word' id='word_1_71' title='bbox 2479 1133 2837 1196; x_wconf 80' lang='lat' dir='ltr'><strong>Phalaridis</strong></span> <span class='ocrx_word' id='word_1_72' title='bbox 2889 1133 3058 1211; x_wconf 84' lang='lat' dir='ltr'><strong>equo</strong></span> 
     </span>
     <span class='ocr_line' id='line_1_9' title="bbox 636 1233 3050 1310; baseline -0.002 -13"><span class='ocrx_word' id='word_1_73' title='bbox 636 1235 864 1297; x_wconf 85' lang='lat' dir='ltr'><strong>clamet</strong></span> <span class='ocrx_word' id='word_1_74' title='bbox 883 1234 1105 1296; x_wconf 87' lang='lat' dir='ltr'><strong>‘Dulce</strong></span> <span class='ocrx_word' id='word_1_75' title='bbox 1122 1238 1237 1309; x_wconf 89' lang='lat' dir='ltr'><strong>est,</strong></span> <span class='ocrx_word' id='word_1_76' title='bbox 1259 1255 1389 1296; x_wconf 90' lang='lat' dir='ltr'><strong>non</strong></span> <span class='ocrx_word' id='word_1_77' title='bbox 1410 1233 1621 1296; x_wconf 86' lang='lat' dir='ltr'><strong>dolet.’</strong></span> <span class='ocrx_word' id='word_1_78' title='bbox 1662 1234 2116 1309; x_wconf 87' lang='lat' dir='ltr'><strong>Humanitatis,</strong></span> <span class='ocrx_word' id='word_1_79' title='bbox 2140 1234 2669 1307; x_wconf 87' lang='lat' dir='ltr'><strong>mansuetudinis,</strong></span> <span class='ocrx_word' id='word_1_80' title='bbox 2689 1233 3050 1310; x_wconf 73' lang='lat' dir='ltr'><strong>pacientiae,</strong></span> 
     </span>
    </p>

    <p class='ocr_par' dir='ltr' id='par_1_4' title="bbox 544 1330 3060 1806">
     <span class='ocr_line' id='line_1_10' title="bbox 544 1330 3054 1410; baseline -0.001 -16"><span class='ocrx_word' id='word_1_81' title='bbox 544 1351 612 1402; x_wconf 82' lang='lat'><strong>95</strong></span> <span class='ocrx_word' id='word_1_82' title='bbox 637 1331 1029 1394; x_wconf 76' lang='lat' dir='ltr'><strong>obedientiae</strong></span> <span class='ocrx_word' id='word_1_83' title='bbox 1104 1332 1559 1394; x_wconf 73' lang='lat' dir='ltr'><strong>simulachrum</strong></span> <span class='ocrx_word' id='word_1_84' title='bbox 1627 1331 1998 1410; x_wconf 88' lang='lat' dir='ltr'><strong>fingebatur,</strong></span> <span class='ocrx_word' id='word_1_85' title='bbox 2066 1351 2195 1392; x_wconf 91' lang='lat' dir='ltr'><strong>non</strong></span> <span class='ocrx_word' id='word_1_86' title='bbox 2274 1331 2711 1393; x_wconf 64' lang='lat' dir='ltr'><strong>animositatis</strong></span> <span class='ocrx_word' id='word_1_87' title='bbox 2822 1330 3054 1392; x_wconf 77' lang='lat' dir='ltr'><strong>Totam</strong></span> 
     </span>
     <span class='ocr_line' id='line_1_11' title="bbox 638 1420 3058 1508; baseline -0.001 -16"><span class='ocrx_word' id='word_1_88' title='bbox 638 1430 876 1493; x_wconf 82' lang='lat' dir='ltr'><strong>Christi</strong></span> <span class='ocrx_word' id='word_1_89' title='bbox 913 1430 1118 1492; x_wconf 76' lang='lat' dir='ltr'><strong>vitam</strong></span> <span class='ocrx_word' id='word_1_90' title='bbox 1167 1431 1245 1491; x_wconf 84' lang='lat' dir='ltr'><strong>ab</strong></span> <span class='ocrx_word' id='word_1_91' title='bbox 1287 1431 1686 1491; x_wconf 89' lang='lat' dir='ltr'><strong>incunabulis</strong></span> <span class='ocrx_word' id='word_1_92' title='bbox 1725 1430 1947 1508; x_wconf 81' lang='lat' dir='ltr'><strong>relege.</strong></span> <span class='ocrx_word' id='word_1_93' title='bbox 2034 1429 2235 1490; x_wconf 84' lang='lat' dir='ltr'><strong>Multa</strong></span> <span class='ocrx_word' id='word_1_94' title='bbox 2265 1420 2563 1491; x_wconf 60' lang='lat' dir='ltr'><strong>&#39;inuenies</strong></span> <span class='ocrx_word' id='word_1_95' title='bbox 2608 1431 2933 1490; x_wconf 89' lang='lat' dir='ltr'><strong>mansuete</strong></span> <span class='ocrx_word' id='word_1_96' title='bbox 2980 1448 3058 1490; x_wconf 82' lang='lat' dir='ltr'><strong>ac</strong></span> 
     </span>
     <span class='ocr_line' id='line_1_12' title="bbox 626 1526 3057 1607; baseline -0.001 -18"><span class='ocrx_word' id='word_1_97' title='bbox 626 1528 999 1591; x_wconf 66' lang='lat' dir='ltr'><strong>⁴obedienter</strong></span> <span class='ocrx_word' id='word_1_98' title='bbox 1022 1533 1235 1607; x_wconf 88' lang='lat' dir='ltr'><strong>gesta;</strong></span> <span class='ocrx_word' id='word_1_99' title='bbox 1276 1528 1555 1590; x_wconf 82' lang='lat' dir='ltr'><strong>lenitatis</strong></span> <span class='ocrx_word' id='word_1_100' title='bbox 1580 1529 1867 1606; x_wconf 84' lang='lat' dir='ltr'><strong>exempla</strong></span> <span class='ocrx_word' id='word_1_101' title='bbox 1894 1528 2222 1605; x_wconf 85' lang='lat' dir='ltr'><strong>permulta,</strong></span> <span class='ocrx_word' id='word_1_102' title='bbox 2253 1527 2595 1588; x_wconf 83' lang='lat' dir='ltr'><strong>alacritatis</strong></span> <span class='ocrx_word' id='word_1_103' title='bbox 2626 1527 2818 1587; x_wconf 88' lang='lat' dir='ltr'><strong>nulla.</strong></span> <span class='ocrx_word' id='word_1_104' title='bbox 2904 1526 3057 1587; x_wconf 79' lang='lat' dir='ltr'><strong>Non</strong></span> 
     </span>
     <span class='ocr_line' id='line_1_13' title="bbox 630 1627 3055 1707; baseline -0.001 -19"><span class='ocrx_word' id='word_1_105' title='bbox 630 1628 754 1689; x_wconf 84' lang='lat' dir='ltr'><strong>tibi</strong></span> <span class='ocrx_word' id='word_1_106' title='bbox 784 1630 1122 1707; x_wconf 81' lang='lat' dir='ltr'><strong>pacientiae</strong></span> <span class='ocrx_word' id='word_1_107' title='bbox 1148 1627 1393 1689; x_wconf 85' lang='lat' dir='ltr'><strong>abunde</strong></span> <span class='ocrx_word' id='word_1_108' title='bbox 1418 1628 1623 1688; x_wconf 64' lang='lat' dir='ltr'><strong>‘multa</strong></span> <span class='ocrx_word' id='word_1_109' title='bbox 1649 1630 2019 1705; x_wconf 85' lang='lat' dir='ltr'><strong>argumenta</strong></span> <span class='ocrx_word' id='word_1_110' title='bbox 2040 1627 2280 1687; x_wconf 79' lang='lat' dir='ltr'><strong>dedisse</strong></span> <span class='ocrx_word' id='word_1_111' title='bbox 2306 1627 2572 1700; x_wconf 80' lang='lat' dir='ltr'><strong>videtur,</strong></span> <span class='ocrx_word' id='word_1_112' title='bbox 2606 1646 2759 1703; x_wconf 87' lang='lat' dir='ltr'><strong>qum</strong></span> <span class='ocrx_word' id='word_1_113' title='bbox 2786 1627 3055 1686; x_wconf 86' lang='lat' dir='ltr'><strong>Petrum</strong></span> 
     </span>
     <span class='ocr_line' id='line_1_14' title="bbox 635 1724 3060 1806; baseline -0 -20"><span class='ocrx_word' id='word_1_114' title='bbox 635 1727 1045 1806; x_wconf 85' lang='lat' dir='ltr'><strong>defugiendae</strong></span> <span class='ocrx_word' id='word_1_115' title='bbox 1072 1726 1299 1787; x_wconf 87' lang='lat' dir='ltr'><strong>mortis</strong></span> <span class='ocrx_word' id='word_1_116' title='bbox 1336 1729 1654 1787; x_wconf 83' lang='lat' dir='ltr'><strong>auctorem</strong></span> <span class='ocrx_word' id='word_1_117' title='bbox 1695 1725 1977 1804; x_wconf 88' lang='lat' dir='ltr'><strong>asperius</strong></span> <span class='ocrx_word' id='word_1_118' title='bbox 2017 1725 2360 1803; x_wconf 83' lang='lat' dir='ltr'><strong>increparet</strong></span> <span class='ocrx_word' id='word_1_119' title='bbox 2377 1726 2411 1786; x_wconf 82' lang='lat'><strong>‘?</strong></span> <span class='ocrx_word' id='word_1_120' title='bbox 2450 1744 2603 1802; x_wconf 90' lang='lat' dir='ltr'><strong>qum</strong></span> <span class='ocrx_word' id='word_1_121' title='bbox 2644 1725 2715 1784; x_wconf 89' lang='lat' dir='ltr'><strong>in</strong></span> <span class='ocrx_word' id='word_1_122' title='bbox 2755 1743 2905 1784; x_wconf 89' lang='lat' dir='ltr'><strong>cena</strong></span> <span class='ocrx_word' id='word_1_123' title='bbox 2945 1724 3060 1785; x_wconf 82' lang='lat' dir='ltr'><strong>illa</strong></span> 
     </span>
    </p>

    <p class='ocr_par' dir='ltr' id='par_1_5' title="bbox 521 1820 3060 2296">
     <span class='ocr_line' id='line_1_15' title="bbox 521 1820 3055 1902; baseline -0.002 -15"><span class='ocrx_word' id='word_1_124' title='bbox 521 1852 615 1890; x_wconf 83' lang='lat'><strong>100</strong></span> <span class='ocrx_word' id='word_1_125' title='bbox 637 1820 979 1888; x_wconf 90' lang='lat' dir='ltr'><strong>nouissima</strong></span> <span class='ocrx_word' id='word_1_126' title='bbox 1002 1828 1135 1886; x_wconf 88' lang='lat' dir='ltr'><strong>tam</strong></span> <span class='ocrx_word' id='word_1_127' title='bbox 1162 1829 1445 1886; x_wconf 88' lang='lat' dir='ltr'><strong>amanter</strong></span> <span class='ocrx_word' id='word_1_128' title='bbox 1470 1824 1812 1902; x_wconf 87' lang='lat' dir='ltr'><strong>discipulos</strong></span> <span class='ocrx_word' id='word_1_129' title='bbox 1838 1843 1985 1885; x_wconf 90' lang='lat' dir='ltr'><strong>suos</strong></span> <span class='ocrx_word' id='word_1_130' title='bbox 2018 1823 2321 1902; x_wconf 87' lang='lat' dir='ltr'><strong>acciperet</strong></span> <span class='ocrx_word' id='word_1_131' title='bbox 2337 1824 2371 1884; x_wconf 82' lang='lat'><strong>‘?</strong></span> <span class='ocrx_word' id='word_1_132' title='bbox 2412 1823 2664 1900; x_wconf 88' lang='lat' dir='ltr'><strong>quando</strong></span> <span class='ocrx_word' id='word_1_133' title='bbox 2703 1842 2833 1884; x_wconf 91' lang='lat' dir='ltr'><strong>non</strong></span> <span class='ocrx_word' id='word_1_134' title='bbox 2872 1842 3055 1883; x_wconf 85' lang='lat' dir='ltr'><strong>suam</strong></span> 
     </span>
     <span class='ocr_line' id='line_1_16' title="bbox 636 1920 3060 2001; baseline -0 -17"><span class='ocrx_word' id='word_1_135' title='bbox 636 1925 1067 1986; x_wconf 90' lang='lat' dir='ltr'><strong>condicionem</strong></span> <span class='ocrx_word' id='word_1_136' title='bbox 1096 1922 1455 2001; x_wconf 88' lang='lat' dir='ltr'><strong>deplorauit,</strong></span> <span class='ocrx_word' id='word_1_137' title='bbox 1480 1923 1588 1983; x_wconf 89' lang='lat' dir='ltr'><strong>sed</strong></span> <span class='ocrx_word' id='word_1_138' title='bbox 1612 1923 1871 1983; x_wconf 89' lang='lat' dir='ltr'><strong>illorum</strong></span> <span class='ocrx_word' id='word_1_139' title='bbox 1901 1925 1999 1983; x_wconf 90' lang='lat' dir='ltr'><strong>est</strong></span> <span class='ocrx_word' id='word_1_140' title='bbox 2026 1920 2616 2000; x_wconf 79' lang='lat' dir='ltr'><strong>pusillanimitatem</strong></span> <span class='ocrx_word' id='word_1_141' title='bbox 2646 1921 3008 1983; x_wconf 82' lang='lat' dir='ltr'><strong>consolatus</strong></span> <span class='ocrx_word' id='word_1_142' title='bbox 3023 1924 3060 1983; x_wconf 72' lang='grc' dir='ltr'><strong>ἰ)</strong></span> 
     </span>
     <span class='ocr_line' id='line_1_17' title="bbox 638 2019 3055 2101; baseline -0.001 -18"><span class='ocrx_word' id='word_1_143' title='bbox 638 2043 792 2099; x_wconf 89' lang='lat' dir='ltr'><strong>qum</strong></span> <span class='ocrx_word' id='word_1_144' title='bbox 832 2022 1214 2101; x_wconf 89' lang='lat' dir='ltr'><strong>proditorem</strong></span> <span class='ocrx_word' id='word_1_145' title='bbox 1248 2021 1622 2083; x_wconf 85' lang='lat' dir='ltr'><strong>familiarem</strong></span> <span class='ocrx_word' id='word_1_146' title='bbox 1663 2040 1780 2082; x_wconf 89' lang='lat' dir='ltr'><strong>nec</strong></span> <span class='ocrx_word' id='word_1_147' title='bbox 1820 2040 1858 2081; x_wconf 85' lang='lat' dir='ltr'><strong>a</strong></span> <span class='ocrx_word' id='word_1_148' title='bbox 1897 2020 2190 2082; x_wconf 88' lang='lat' dir='ltr'><strong>conuiuio</strong></span> <span class='ocrx_word' id='word_1_149' title='bbox 2222 2019 2585 2094; x_wconf 86' lang='lat' dir='ltr'><strong>secluderet,</strong></span> <span class='ocrx_word' id='word_1_150' title='bbox 2615 2038 2728 2080; x_wconf 89' lang='lat' dir='ltr'><strong>nec</strong></span> <span class='ocrx_word' id='word_1_151' title='bbox 2766 2021 3055 2080; x_wconf 88' lang='lat' dir='ltr'><strong>osculum</strong></span> 
     </span>
     <span class='ocr_line' id='line_1_18' title="bbox 635 2118 3053 2198; baseline -0.001 -18"><span class='ocrx_word' id='word_1_152' title='bbox 635 2120 940 2181; x_wconf 85' lang='lat' dir='ltr'><strong>ferentem</strong></span> <span class='ocrx_word' id='word_1_153' title='bbox 969 2120 1334 2198; x_wconf 81' lang='lat' dir='ltr'><strong>repelleret?</strong></span> <span class='ocrx_word' id='word_1_154' title='bbox 1373 2139 1526 2196; x_wconf 89' lang='lat' dir='ltr'><strong>qum</strong></span> <span class='ocrx_word' id='word_1_155' title='bbox 1554 2118 1850 2196; x_wconf 88' lang='lat' dir='ltr'><strong>supplicii</strong></span> <span class='ocrx_word' id='word_1_156' title='bbox 1877 2119 2190 2179; x_wconf 89' lang='lat' dir='ltr'><strong>ministris</strong></span> <span class='ocrx_word' id='word_1_157' title='bbox 2215 2138 2351 2179; x_wconf 89' lang='lat' dir='ltr'><strong>sese</strong></span> <span class='ocrx_word' id='word_1_158' title='bbox 2366 2119 2535 2178; x_wconf 76' lang='lat' dir='ltr'><strong>vltro</strong></span> <span class='ocrx_word' id='word_1_159' title='bbox 2566 2118 2824 2179; x_wconf 90' lang='lat' dir='ltr'><strong>obuium</strong></span> <span class='ocrx_word' id='word_1_160' title='bbox 2854 2119 3053 2194; x_wconf 85' lang='lat' dir='ltr'><strong>daret,</strong></span> 
     </span>
     <span class='ocr_line' id='line_1_19' title="bbox 638 2216 3056 2296; baseline -0.001 -17"><span class='ocrx_word' id='word_1_161' title='bbox 638 2237 793 2296; x_wconf 86' lang='lat' dir='ltr'><strong>qum</strong></span> <span class='ocrx_word' id='word_1_162' title='bbox 817 2221 1141 2278; x_wconf 89' lang='lat' dir='ltr'><strong>accusatus</strong></span> <span class='ocrx_word' id='word_1_163' title='bbox 1160 2218 1476 2294; x_wconf 87' lang='lat' dir='ltr'><strong>obticeret,</strong></span> <span class='ocrx_word' id='word_1_164' title='bbox 1500 2237 1654 2295; x_wconf 88' lang='lat' dir='ltr'><strong>qum</strong></span> <span class='ocrx_word' id='word_1_165' title='bbox 1673 2220 1981 2295; x_wconf 87' lang='lat' dir='ltr'><strong>tanquam</strong></span> <span class='ocrx_word' id='word_1_166' title='bbox 2009 2218 2150 2279; x_wconf 89' lang='lat' dir='ltr'><strong>ouis</strong></span> <span class='ocrx_word' id='word_1_167' title='bbox 2168 2218 2247 2278; x_wconf 88' lang='lat' dir='ltr'><strong>ad</strong></span> <span class='ocrx_word' id='word_1_168' title='bbox 2277 2216 2658 2295; x_wconf 86' lang='lat' dir='ltr'><strong>supplicium</strong></span> <span class='ocrx_word' id='word_1_169' title='bbox 2679 2216 3056 2278; x_wconf 74' lang='lat' dir='ltr'><strong>duceretur?</strong></span> 
     </span>
    </p>

    <p class='ocr_par' dir='ltr' id='par_1_6' title="bbox 520 2315 3060 2788">
     <span class='ocr_line' id='line_1_20' title="bbox 520 2315 3048 2395; baseline -0 -19"><span class='ocrx_word' id='word_1_170' title='bbox 520 2334 610 2385; x_wconf 81' lang='lat'><strong>105</strong></span> <span class='ocrx_word' id='word_1_171' title='bbox 635 2317 820 2378; x_wconf 89' lang='lat' dir='ltr'><strong>Adde</strong></span> <span class='ocrx_word' id='word_1_172' title='bbox 874 2317 1038 2395; x_wconf 89' lang='lat' dir='ltr'><strong>quod</strong></span> <span class='ocrx_word' id='word_1_173' title='bbox 1092 2316 1378 2377; x_wconf 87' lang='lat' dir='ltr'><strong>alacritas</strong></span> <span class='ocrx_word' id='word_1_174' title='bbox 1429 2334 1502 2377; x_wconf 91' lang='lat' dir='ltr'><strong>ea</strong></span> <span class='ocrx_word' id='word_1_175' title='bbox 1554 2335 1685 2377; x_wconf 91' lang='lat' dir='ltr'><strong>non</strong></span> <span class='ocrx_word' id='word_1_176' title='bbox 1741 2335 2113 2393; x_wconf 87' lang='lat' dir='ltr'><strong>magnopere</strong></span> <span class='ocrx_word' id='word_1_177' title='bbox 2168 2315 2347 2376; x_wconf 91' lang='lat' dir='ltr'><strong>nobis</strong></span> <span class='ocrx_word' id='word_1_178' title='bbox 2402 2316 2783 2376; x_wconf 90' lang='lat' dir='ltr'><strong>conductura</strong></span> <span class='ocrx_word' id='word_1_179' title='bbox 2837 2315 3048 2389; x_wconf 83' lang='lat' dir='ltr'><strong>fuerit,</strong></span> 
     </span>
     <span class='ocr_line' id='line_1_21' title="bbox 638 2413 3058 2492; baseline -0 -18"><span class='ocrx_word' id='word_1_180' title='bbox 638 2415 919 2476; x_wconf 84' lang='lat' dir='ltr'><strong>mesticia</strong></span> <span class='ocrx_word' id='word_1_181' title='bbox 944 2415 1202 2492; x_wconf 85' lang='lat' dir='ltr'><strong>profuit.</strong></span> <span class='ocrx_word' id='word_1_182' title='bbox 1282 2415 1421 2475; x_wconf 88' lang='lat' dir='ltr'><strong>Hoc</strong></span> <span class='ocrx_word' id='word_1_183' title='bbox 1460 2414 1762 2491; x_wconf 81' lang='lat' dir='ltr'><strong>agebatur</strong></span> <span class='ocrx_word' id='word_1_184' title='bbox 1793 2416 1867 2474; x_wconf 78' lang='lat' dir='ltr'><strong>vt</strong></span> <span class='ocrx_word' id='word_1_185' title='bbox 1905 2414 1963 2473; x_wconf 87' lang='lat' dir='ltr'><strong>is</strong></span> <span class='ocrx_word' id='word_1_186' title='bbox 2003 2414 2114 2490; x_wconf 88' lang='lat' dir='ltr'><strong>qui</strong></span> <span class='ocrx_word' id='word_1_187' title='bbox 2150 2434 2263 2492; x_wconf 93' lang='lat' dir='ltr'><strong>pro</strong></span> <span class='ocrx_word' id='word_1_188' title='bbox 2305 2413 2488 2473; x_wconf 90' lang='lat' dir='ltr'><strong>nobis</strong></span> <span class='ocrx_word' id='word_1_189' title='bbox 2522 2416 2793 2474; x_wconf 90' lang='lat' dir='ltr'><strong>mortem</strong></span> <span class='ocrx_word' id='word_1_190' title='bbox 2831 2414 3058 2491; x_wconf 88' lang='lat' dir='ltr'><strong>depen-</strong></span> 
     </span>
     <span class='ocr_line' id='line_1_22' title="bbox 640 2512 3050 2590; baseline -0.001 -16"><span class='ocrx_word' id='word_1_191' title='bbox 640 2514 849 2588; x_wconf 89' lang='lat' dir='ltr'><strong>disset,</strong></span> <span class='ocrx_word' id='word_1_192' title='bbox 873 2533 1059 2573; x_wconf 85' lang='lat' dir='ltr'><strong>verus</strong></span> <span class='ocrx_word' id='word_1_193' title='bbox 1085 2512 1276 2573; x_wconf 88' lang='lat' dir='ltr'><strong>homo</strong></span> <span class='ocrx_word' id='word_1_194' title='bbox 1302 2513 1671 2574; x_wconf 89' lang='lat' dir='ltr'><strong>crederetur.</strong></span> <span class='ocrx_word' id='word_1_195' title='bbox 1743 2512 1921 2590; x_wconf 78' lang='lat' dir='ltr'><strong>Quod</strong></span> <span class='ocrx_word' id='word_1_196' title='bbox 1951 2531 2104 2589; x_wconf 86' lang='lat' dir='ltr'><strong>qum</strong></span> <span class='ocrx_word' id='word_1_197' title='bbox 2132 2531 2169 2572; x_wconf 92' lang='lat' dir='ltr'><strong>a</strong></span> <span class='ocrx_word' id='word_1_198' title='bbox 2195 2512 2418 2573; x_wconf 91' lang='lat' dir='ltr'><strong>multis</strong></span> <span class='ocrx_word' id='word_1_199' title='bbox 2444 2513 2532 2573; x_wconf 88' lang='lat' dir='ltr'><strong>sit</strong></span> <span class='ocrx_word' id='word_1_200' title='bbox 2555 2530 2700 2589; x_wconf 91' lang='lat' dir='ltr'><strong>sepe</strong></span> <span class='ocrx_word' id='word_1_201' title='bbox 2730 2515 3050 2590; x_wconf 70' lang='lat' dir='ltr'><strong>negatum,</strong></span> 
     </span>
     <span class='ocr_line' id='line_1_23' title="bbox 638 2610 3060 2693; baseline -0.002 -19"><span class='ocrx_word' id='word_1_202' title='bbox 638 2617 877 2693; x_wconf 88' lang='lat' dir='ltr'><strong>quanto</strong></span> <span class='ocrx_word' id='word_1_203' title='bbox 919 2613 1207 2673; x_wconf 86' lang='lat' dir='ltr'><strong>futurum</strong></span> <span class='ocrx_word' id='word_1_204' title='bbox 1247 2611 1450 2672; x_wconf 88' lang='lat' dir='ltr'><strong>fuerat</strong></span> <span class='ocrx_word' id='word_1_205' title='bbox 1491 2611 1909 2689; x_wconf 86' lang='lat' dir='ltr'><strong>suspiciosius,</strong></span> <span class='ocrx_word' id='word_1_206' title='bbox 1941 2611 1996 2671; x_wconf 91' lang='lat' dir='ltr'><strong>si</strong></span> <span class='ocrx_word' id='word_1_207' title='bbox 2037 2610 2149 2671; x_wconf 90' lang='lat' dir='ltr'><strong>ille</strong></span> <span class='ocrx_word' id='word_1_208' title='bbox 2190 2629 2421 2687; x_wconf 89' lang='lat' dir='ltr'><strong>magna</strong></span> <span class='ocrx_word' id='word_1_209' title='bbox 2445 2611 2667 2671; x_wconf 80' lang='lat' dir='ltr'><strong>vultus</strong></span> <span class='ocrx_word' id='word_1_210' title='bbox 2707 2615 2770 2671; x_wconf 91' lang='lat' dir='ltr'><strong>et</strong></span> <span class='ocrx_word' id='word_1_211' title='bbox 2796 2629 2953 2671; x_wconf 76' lang='lat' dir='ltr'><strong>voce</strong></span> <span class='ocrx_word' id='word_1_212' title='bbox 2992 2612 3060 2669; x_wconf 91' lang='lat' dir='ltr'><strong>et</strong></span> 
     </span>
     <span class='ocr_line' id='line_1_24' title="bbox 632 2709 3058 2788; baseline -0.002 -15"><span class='ocrx_word' id='word_1_213' title='bbox 632 2712 953 2775; x_wconf 83' lang='lat' dir='ltr'><strong>alacritate</strong></span> <span class='ocrx_word' id='word_1_214' title='bbox 1007 2714 1328 2788; x_wconf 89' lang='lat' dir='ltr'><strong>(tanquam</strong></span> <span class='ocrx_word' id='word_1_215' title='bbox 1382 2709 1522 2771; x_wconf 89' lang='lat' dir='ltr'><strong>sine</strong></span> <span class='ocrx_word' id='word_1_216' title='bbox 1581 2711 1865 2771; x_wconf 89' lang='lat' dir='ltr'><strong>humano</strong></span> <span class='ocrx_word' id='word_1_217' title='bbox 1930 2711 2143 2787; x_wconf 83' lang='lat' dir='ltr'><strong>sensu)</strong></span> <span class='ocrx_word' id='word_1_218' title='bbox 2195 2709 2578 2787; x_wconf 87' lang='lat' dir='ltr'><strong>supplicium</strong></span> <span class='ocrx_word' id='word_1_219' title='bbox 2646 2709 3009 2787; x_wconf 85' lang='lat' dir='ltr'><strong>pertulisset</strong></span> <span class='ocrx_word' id='word_1_220' title='bbox 3023 2712 3058 2769; x_wconf 80' lang='lat'><strong>⁴?</strong></span> 
     </span>
    </p>

    <p class='ocr_par' dir='ltr' id='par_1_7' title="bbox 517 2807 3058 3281">
     <span class='ocr_line' id='line_1_25' title="bbox 517 2807 3054 2888; baseline -0.002 -16"><span class='ocrx_word' id='word_1_221' title='bbox 517 2823 611 2861; x_wconf 85' lang='lat'><strong>¹¹0</strong></span> <span class='ocrx_word' id='word_1_222' title='bbox 637 2811 796 2888; x_wconf 80' lang='lat' dir='ltr'><strong>Quis</strong></span> <span class='ocrx_word' id='word_1_223' title='bbox 832 2830 962 2871; x_wconf 91' lang='lat' dir='ltr'><strong>non</strong></span> <span class='ocrx_word' id='word_1_224' title='bbox 995 2809 1179 2870; x_wconf 89' lang='lat' dir='ltr'><strong>illum</strong></span> <span class='ocrx_word' id='word_1_225' title='bbox 1219 2808 1623 2870; x_wconf 88' lang='lat' dir='ltr'><strong>fantasticum</strong></span> <span class='ocrx_word' id='word_1_226' title='bbox 1662 2809 1952 2869; x_wconf 87' lang='lat' dir='ltr'><strong>habuisse</strong></span> <span class='ocrx_word' id='word_1_227' title='bbox 1993 2828 2217 2887; x_wconf 88' lang='lat' dir='ltr'><strong>corpus</strong></span> <span class='ocrx_word' id='word_1_228' title='bbox 2259 2807 2571 2869; x_wconf 78' lang='lat' dir='ltr'><strong>dixisset?</strong></span> <span class='ocrx_word' id='word_1_229' title='bbox 2653 2809 2806 2884; x_wconf 82' lang='lat' dir='ltr'><strong>Quis</strong></span> <span class='ocrx_word' id='word_1_230' title='bbox 2847 2807 3054 2869; x_wconf 90' lang='lat' dir='ltr'><strong>Deum</strong></span> 
     </span>
     <span class='ocr_line' id='line_1_26' title="bbox 633 2906 3053 2985; baseline 0 -18"><span class='ocrx_word' id='word_1_231' title='bbox 633 2908 1293 2972; x_wconf 81' lang='lat' dir='ltr'><strong>fuisse-credidisset?</strong></span> <span class='ocrx_word' id='word_1_232' title='bbox 1375 2908 1496 2985; x_wconf 84' lang='lat' dir='ltr'><strong>Qui</strong></span> <span class='ocrx_word' id='word_1_233' title='bbox 1547 2910 1770 2985; x_wconf 89' lang='lat' dir='ltr'><strong>sponte</strong></span> <span class='ocrx_word' id='word_1_234' title='bbox 1811 2911 2082 2968; x_wconf 89' lang='lat' dir='ltr'><strong>mortem</strong></span> <span class='ocrx_word' id='word_1_235' title='bbox 2124 2910 2343 2968; x_wconf 88' lang='lat' dir='ltr'><strong>nostra</strong></span> <span class='ocrx_word' id='word_1_236' title='bbox 2384 2926 2569 2968; x_wconf 91' lang='lat' dir='ltr'><strong>causa</strong></span> <span class='ocrx_word' id='word_1_237' title='bbox 2614 2906 2855 2980; x_wconf 89' lang='lat' dir='ltr'><strong>adierit,</strong></span> <span class='ocrx_word' id='word_1_238' title='bbox 2908 2925 3053 2967; x_wconf 89' lang='lat' dir='ltr'><strong>eum</strong></span> 
     </span>
     <span class='ocr_line' id='line_1_27' title="bbox 624 3006 3053 3083; baseline -0.002 -12"><span class='ocrx_word' id='word_1_239' title='bbox 624 3030 769 3071; x_wconf 80' lang='lat' dir='ltr'><strong>-non</strong></span> <span class='ocrx_word' id='word_1_240' title='bbox 810 3008 1075 3071; x_wconf 89' lang='lat' dir='ltr'><strong>dubium</strong></span> <span class='ocrx_word' id='word_1_241' title='bbox 1115 3010 1218 3068; x_wconf 88' lang='lat' dir='ltr'><strong>est</strong></span> <span class='ocrx_word' id='word_1_242' title='bbox 1262 3008 1669 3069; x_wconf 86' lang='lat' dir='ltr'><strong>vehementer</strong></span> <span class='ocrx_word' id='word_1_243' title='bbox 1709 3026 1965 3069; x_wconf 88' lang='lat' dir='ltr'><strong>amasse.</strong></span> <span class='ocrx_word' id='word_1_244' title='bbox 2050 3007 2172 3083; x_wconf 78' lang='lat' dir='ltr'><strong>Qui</strong></span> <span class='ocrx_word' id='word_1_245' title='bbox 2217 3010 2490 3067; x_wconf 91' lang='lat' dir='ltr'><strong>mortem</strong></span> <span class='ocrx_word' id='word_1_246' title='bbox 2535 3006 3053 3081; x_wconf 86' lang='lat' dir='ltr'><strong>reformidauerit,</strong></span> 
     </span>
     <span class='ocr_line' id='line_1_28' title="bbox 639 3105 3055 3168; baseline 0 -2"><span class='ocrx_word' id='word_1_247' title='bbox 639 3126 787 3167; x_wconf 90' lang='lat' dir='ltr'><strong>eum</strong></span> <span class='ocrx_word' id='word_1_248' title='bbox 842 3106 1088 3168; x_wconf 87' lang='lat' dir='ltr'><strong>dubitat</strong></span> <span class='ocrx_word' id='word_1_249' title='bbox 1142 3125 1330 3166; x_wconf 90' lang='lat' dir='ltr'><strong>nemo</strong></span> <span class='ocrx_word' id='word_1_250' title='bbox 1353 3125 1578 3167; x_wconf 76' lang='lat' dir='ltr'><strong>verum</strong></span> <span class='ocrx_word' id='word_1_251' title='bbox 1630 3124 1765 3166; x_wconf 89' lang='lat' dir='ltr'><strong>esse</strong></span> <span class='ocrx_word' id='word_1_252' title='bbox 1818 3106 2159 3166; x_wconf 90' lang='lat' dir='ltr'><strong>hominem.</strong></span> <span class='ocrx_word' id='word_1_253' title='bbox 2264 3106 2366 3166; x_wconf 92' lang='lat' dir='ltr'><strong>Ad</strong></span> <span class='ocrx_word' id='word_1_254' title='bbox 2423 3105 2739 3166; x_wconf 91' lang='lat' dir='ltr'><strong>humanae</strong></span> <span class='ocrx_word' id='word_1_255' title='bbox 2793 3109 3055 3167; x_wconf 85' lang='lat' dir='ltr'><strong>naturae</strong></span> 
     </span>
     <span class='ocr_line' id='line_1_29' title="bbox 639 3202 3058 3281; baseline 0 -18"><span class='ocrx_word' id='word_1_256' title='bbox 639 3205 970 3265; x_wconf 85' lang='lat' dir='ltr'><strong>veritatem</strong></span> <span class='ocrx_word' id='word_1_257' title='bbox 998 3205 1391 3265; x_wconf 86' lang='lat' dir='ltr'><strong>asserendam</strong></span> <span class='ocrx_word' id='word_1_258' title='bbox 1422 3202 1620 3281; x_wconf 87' lang='lat' dir='ltr'><strong>magis</strong></span> <span class='ocrx_word' id='word_1_259' title='bbox 1647 3202 1914 3264; x_wconf 88' lang='lat' dir='ltr'><strong>faciebat</strong></span> <span class='ocrx_word' id='word_1_260' title='bbox 1942 3203 2052 3264; x_wconf 88' lang='lat' dir='ltr'><strong>hec</strong></span> <span class='ocrx_word' id='word_1_261' title='bbox 2094 3203 2345 3281; x_wconf 90' lang='lat' dir='ltr'><strong>paciens</strong></span> <span class='ocrx_word' id='word_1_262' title='bbox 2369 3202 2607 3280; x_wconf 87' lang='lat' dir='ltr'><strong>(pocius</strong></span> <span class='ocrx_word' id='word_1_263' title='bbox 2647 3223 2837 3281; x_wconf 89' lang='lat' dir='ltr'><strong>quam</strong></span> <span class='ocrx_word' id='word_1_264' title='bbox 2872 3203 3058 3264; x_wconf 88' lang='lat' dir='ltr'><strong>fortis</strong></span> 
     </span>
    </p>

    <p class='ocr_par' dir='ltr' id='par_1_8' title="bbox 523 3301 3058 3772">
     <span class='ocr_line' id='line_1_30' title="bbox 523 3301 3058 3380; baseline -0.002 -14"><span class='ocrx_word' id='word_1_265' title='bbox 523 3318 543 3354; x_wconf 90' lang='lat'>1</span> <span class='ocrx_word' id='word_1_266' title='bbox 556 3317 613 3366; x_wconf 84' lang='lat'><strong>¹-5</strong></span> <span class='ocrx_word' id='word_1_267' title='bbox 639 3304 703 3361; x_wconf 89' lang='lat' dir='ltr'><strong>et</strong></span> <span class='ocrx_word' id='word_1_268' title='bbox 757 3301 1063 3378; x_wconf 89' lang='lat' dir='ltr'><strong>animosa)</strong></span> <span class='ocrx_word' id='word_1_269' title='bbox 1105 3302 1393 3379; x_wconf 90' lang='lat' dir='ltr'><strong>supplicii</strong></span> <span class='ocrx_word' id='word_1_270' title='bbox 1448 3301 1777 3379; x_wconf 84' lang='lat' dir='ltr'><strong>perpessio.</strong></span> <span class='ocrx_word' id='word_1_271' title='bbox 1886 3301 2088 3380; x_wconf 82' lang='lat' dir='ltr'><strong>Magis</strong></span> <span class='ocrx_word' id='word_1_272' title='bbox 2141 3301 2295 3361; x_wconf 90' lang='lat' dir='ltr'><strong>item</strong></span> <span class='ocrx_word' id='word_1_273' title='bbox 2349 3301 2586 3362; x_wconf 90' lang='lat' dir='ltr'><strong>nostris</strong></span> <span class='ocrx_word' id='word_1_274' title='bbox 2638 3302 3058 3363; x_wconf 87' lang='lat' dir='ltr'><strong>conueniebat</strong></span> 
     </span>
     <span class='ocr_line' id='line_1_31' title="bbox 637 3397 3049 3479; baseline -0 -19"><span class='ocrx_word' id='word_1_275' title='bbox 637 3399 976 3474; x_wconf 83' lang='lat' dir='ltr'><strong>affectibus,</strong></span> <span class='ocrx_word' id='word_1_276' title='bbox 1035 3400 1262 3479; x_wconf 90' lang='lat' dir='ltr'><strong>quibus</strong></span> <span class='ocrx_word' id='word_1_277' title='bbox 1314 3420 1445 3461; x_wconf 91' lang='lat' dir='ltr'><strong>non</strong></span> <span class='ocrx_word' id='word_1_278' title='bbox 1498 3404 1631 3460; x_wconf 89' lang='lat' dir='ltr'><strong>tam</strong></span> <span class='ocrx_word' id='word_1_279' title='bbox 1688 3399 1998 3459; x_wconf 90' lang='lat' dir='ltr'><strong>mirabilis</strong></span> <span class='ocrx_word' id='word_1_280' title='bbox 2057 3419 2191 3461; x_wconf 87' lang='lat' dir='ltr'><strong>esse</strong></span> <span class='ocrx_word' id='word_1_281' title='bbox 2245 3399 2447 3460; x_wconf 83' lang='lat' dir='ltr'><strong>voluit</strong></span> <span class='ocrx_word' id='word_1_282' title='bbox 2500 3419 2690 3477; x_wconf 89' lang='lat' dir='ltr'><strong>quam</strong></span> <span class='ocrx_word' id='word_1_283' title='bbox 2743 3397 3049 3459; x_wconf 84' lang='lat' dir='ltr'><strong>amabilis.</strong></span> 
     </span>
     <span class='ocr_line' id='line_1_32' title="bbox 640 3497 3048 3572; baseline 0 -16"><span class='ocrx_word' id='word_1_284' title='bbox 640 3497 945 3560; x_wconf 83' lang='lat' dir='ltr'><strong>Miramur</strong></span> <span class='ocrx_word' id='word_1_285' title='bbox 968 3498 1422 3572; x_wconf 81' lang='lat' dir='ltr'><strong>fortitudinem,</strong></span> <span class='ocrx_word' id='word_1_286' title='bbox 1454 3498 1562 3558; x_wconf 89' lang='lat' dir='ltr'><strong>sed</strong></span> <span class='ocrx_word' id='word_1_287' title='bbox 1590 3497 2138 3559; x_wconf 88' lang='lat' dir='ltr'><strong>mansuetudinem</strong></span> <span class='ocrx_word' id='word_1_288' title='bbox 2175 3501 2240 3559; x_wconf 88' lang='lat' dir='ltr'><strong>et</strong></span> <span class='ocrx_word' id='word_1_289' title='bbox 2267 3497 2704 3558; x_wconf 85' lang='lat' dir='ltr'><strong>infirmitatem</strong></span> <span class='ocrx_word' id='word_1_290' title='bbox 2742 3516 3048 3571; x_wconf 86' lang='lat' dir='ltr'><strong>amamus,</strong></span> 
     </span>
     <span class='ocr_line' id='line_1_33' title="bbox 630 3594 3045 3675; baseline 0 -20"><span class='ocrx_word' id='word_1_291' title='bbox 630 3598 707 3656; x_wconf 63' lang='lat' dir='ltr'><strong>ret</strong></span> <span class='ocrx_word' id='word_1_292' title='bbox 730 3596 1167 3675; x_wconf 87' lang='lat' dir='ltr'><strong>amplectimur</strong></span> <span class='ocrx_word' id='word_1_293' title='bbox 1192 3597 1465 3660; x_wconf 87' lang='lat' dir='ltr'><strong>suauius.</strong></span> <span class='ocrx_word' id='word_1_294' title='bbox 1531 3595 1734 3674; x_wconf 82' lang='lat' dir='ltr'><strong>Magis</strong></span> <span class='ocrx_word' id='word_1_295' title='bbox 1760 3596 2099 3673; x_wconf 81' lang='lat' dir='ltr'><strong>quadrabat</strong></span> <span class='ocrx_word' id='word_1_296' title='bbox 2117 3616 2259 3657; x_wconf 91' lang='lat' dir='ltr'><strong>cum</strong></span> <span class='ocrx_word' id='word_1_297' title='bbox 2287 3596 2731 3675; x_wconf 87' lang='lat' dir='ltr'><strong>prophetarum</strong></span> <span class='ocrx_word' id='word_1_298' title='bbox 2760 3594 3045 3668; x_wconf 62' lang='lat' dir='ltr'><strong>oraculis</strong></span> 
     </span>
     <span class='ocr_line' id='line_1_34' title="bbox 639 3694 3053 3772; baseline -0.001 -18"><span class='ocrx_word' id='word_1_299' title='bbox 639 3695 753 3772; x_wconf 90' lang='lat' dir='ltr'><strong>qui</strong></span> <span class='ocrx_word' id='word_1_300' title='bbox 788 3695 1117 3758; x_wconf 84' lang='lat' dir='ltr'><strong>Christum</strong></span> <span class='ocrx_word' id='word_1_301' title='bbox 1162 3695 1279 3756; x_wconf 89' lang='lat' dir='ltr'><strong>hac</strong></span> <span class='ocrx_word' id='word_1_302' title='bbox 1326 3694 1636 3755; x_wconf 88' lang='lat' dir='ltr'><strong>inducunt</strong></span> <span class='ocrx_word' id='word_1_303' title='bbox 1680 3713 1958 3772; x_wconf 89' lang='lat' dir='ltr'><strong>persona,</strong></span> <span class='ocrx_word' id='word_1_304' title='bbox 2007 3695 2079 3754; x_wconf 86' lang='lat' dir='ltr'><strong>vt</strong></span> <span class='ocrx_word' id='word_1_305' title='bbox 2118 3713 2266 3753; x_wconf 89' lang='lat' dir='ltr'><strong>eum</strong></span> <span class='ocrx_word' id='word_1_306' title='bbox 2308 3714 2479 3755; x_wconf 88' lang='lat' dir='ltr'><strong>nunc</strong></span> <span class='ocrx_word' id='word_1_307' title='bbox 2519 3706 2682 3772; x_wconf 86' lang='lat' dir='ltr'><strong>agno</strong></span> <span class='ocrx_word' id='word_1_308' title='bbox 2723 3695 3053 3754; x_wconf 86' lang='lat' dir='ltr'><strong>mansueto</strong></span> 
     </span>
    </p>

    <p class='ocr_par' dir='ltr' id='par_1_9' title="bbox 524 3790 3055 4263">
     <span class='ocr_line' id='line_1_35' title="bbox 524 3790 3052 3872; baseline -0 -21"><span class='ocrx_word' id='word_1_309' title='bbox 524 3815 542 3851; x_wconf 81' lang='grc' dir='ltr'>ι</span> <span class='ocrx_word' id='word_1_310' title='bbox 556 3817 618 3853; x_wconf 82' lang='lat'><strong>20</strong></span> <span class='ocrx_word' id='word_1_311' title='bbox 639 3796 1018 3872; x_wconf 86' lang='lat' dir='ltr'><strong>comparent,</strong></span> <span class='ocrx_word' id='word_1_312' title='bbox 1051 3813 1221 3854; x_wconf 90' lang='lat' dir='ltr'><strong>nunc</strong></span> <span class='ocrx_word' id='word_1_313' title='bbox 1247 3793 1552 3853; x_wconf 90' lang='lat' dir='ltr'><strong>liuentem</strong></span> <span class='ocrx_word' id='word_1_314' title='bbox 1579 3791 1799 3871; x_wconf 86' lang='lat' dir='ltr'><strong>plagis,</strong></span> <span class='ocrx_word' id='word_1_315' title='bbox 1823 3793 2262 3867; x_wconf 86' lang='lat' dir='ltr'><strong>deformatum,</strong></span> <span class='ocrx_word' id='word_1_316' title='bbox 2290 3793 2681 3867; x_wconf 86' lang='lat' dir='ltr'><strong>destitutum,</strong></span> <span class='ocrx_word' id='word_1_317' title='bbox 2715 3790 3052 3851; x_wconf 86' lang='lat' dir='ltr'><strong>abiectum·</strong></span> 
     </span>
     <span class='ocr_line' id='line_1_36' title="bbox 641 3881 3046 3969; baseline -0.002 -16"><span class='ocrx_word' id='word_1_318' title='bbox 641 3912 762 3968; x_wconf 87' lang='lat' dir='ltr'><strong>que</strong></span> <span class='ocrx_word' id='word_1_319' title='bbox 777 3892 1026 3965; x_wconf 87' lang='lat' dir='ltr'><strong>faciant,</strong></span> <span class='ocrx_word' id='word_1_320' title='bbox 1045 3911 1358 3969; x_wconf 87' lang='lat' dir='ltr'><strong>nusquam</strong></span> <span class='ocrx_word' id='word_1_321' title='bbox 1378 3890 1660 3964; x_wconf 81' lang='lat' dir='ltr'><strong>alacrem,</strong></span> <span class='ocrx_word' id='word_1_322' title='bbox 1682 3893 1975 3966; x_wconf 88' lang='lat' dir='ltr'><strong>erectum,</strong></span> <span class='ocrx_word' id='word_1_323' title='bbox 1995 3890 2369 3954; x_wconf 87' lang='lat' dir='ltr'><strong>animosum.</strong></span> <span class='ocrx_word' id='word_1_324' title='bbox 2428 3891 2772 3952; x_wconf 65' lang='lat' dir='ltr'><strong>Tacentem‘</strong></span> <span class='ocrx_word' id='word_1_325' title='bbox 2785 3881 3046 3962; x_wconf 84' lang='lat' dir='ltr'><strong>faciunt,</strong></span> 
     </span>
     <span class='ocr_line' id='line_1_37' title="bbox 643 3987 3055 4069; baseline -0.002 -18"><span class='ocrx_word' id='word_1_326' title='bbox 643 4011 770 4051; x_wconf 89' lang='lat' dir='ltr'><strong>non</strong></span> <span class='ocrx_word' id='word_1_327' title='bbox 826 4009 1057 4069; x_wconf 87' lang='lat' dir='ltr'><strong>magna</strong></span> <span class='ocrx_word' id='word_1_328' title='bbox 1119 3990 1497 4066; x_wconf 88' lang='lat' dir='ltr'><strong>loquentem.</strong></span> <span class='ocrx_word' id='word_1_329' title='bbox 1605 3987 1889 4049; x_wconf 83' lang='lat' dir='ltr'><strong>Gloriosa</strong></span> <span class='ocrx_word' id='word_1_330' title='bbox 1947 3990 2211 4066; x_wconf 91' lang='lat' dir='ltr'><strong>quedam</strong></span> <span class='ocrx_word' id='word_1_331' title='bbox 2275 3993 2340 4049; x_wconf 90' lang='lat' dir='ltr'><strong>et</strong></span> <span class='ocrx_word' id='word_1_332' title='bbox 2401 3989 2736 4050; x_wconf 83' lang='lat' dir='ltr'><strong>ambiciosa</strong></span> <span class='ocrx_word' id='word_1_333' title='bbox 2796 4007 2899 4048; x_wconf 89' lang='lat' dir='ltr'><strong>res</strong></span> <span class='ocrx_word' id='word_1_334' title='bbox 2961 3989 3055 4047; x_wconf 86' lang='lat' dir='ltr'><strong>est</strong></span> 
     </span>
     <span class='ocr_line' id='line_1_38' title="bbox 641 4085 3055 4164; baseline -0 -16"><span class='ocrx_word' id='word_1_335' title='bbox 641 4089 988 4150; x_wconf 86' lang='lat' dir='ltr'><strong>cruciatum</strong></span> <span class='ocrx_word' id='word_1_336' title='bbox 1028 4087 1317 4148; x_wconf 89' lang='lat' dir='ltr'><strong>interrito</strong></span> <span class='ocrx_word' id='word_1_337' title='bbox 1357 4086 1527 4147; x_wconf 87' lang='lat' dir='ltr'><strong>adire</strong></span> <span class='ocrx_word' id='word_1_338' title='bbox 1566 4085 1797 4159; x_wconf 90' lang='lat' dir='ltr'><strong>animo,</strong></span> <span class='ocrx_word' id='word_1_339' title='bbox 1843 4105 2147 4164; x_wconf 84' lang='lat' dir='ltr'><strong>magnum</strong></span> <span class='ocrx_word' id='word_1_340' title='bbox 2191 4086 2343 4164; x_wconf 89' lang='lat' dir='ltr'><strong>quid</strong></span> <span class='ocrx_word' id='word_1_341' title='bbox 2391 4090 2453 4148; x_wconf 87' lang='lat' dir='ltr'><strong>et</strong></span> <span class='ocrx_word' id='word_1_342' title='bbox 2495 4087 2657 4147; x_wconf 88' lang='lat' dir='ltr'><strong>forte</strong></span> <span class='ocrx_word' id='word_1_343' title='bbox 2705 4088 2877 4147; x_wconf 89' lang='lat' dir='ltr'><strong>inter</strong></span> <span class='ocrx_word' id='word_1_344' title='bbox 2923 4086 3055 4164; x_wconf 78' lang='lat' dir='ltr'><strong>ipsa</strong></span> 
     </span>
     <span class='ocr_line' id='line_1_39' title="bbox 643 4179 3052 4263; baseline -0.002 -15"><span class='ocrx_word' id='word_1_345' title='bbox 643 4189 960 4248; x_wconf 86' lang='lat' dir='ltr'><strong>tormenta</strong></span> <span class='ocrx_word' id='word_1_346' title='bbox 985 4186 1205 4247; x_wconf 89' lang='lat' dir='ltr'><strong>dicere.</strong></span> <span class='ocrx_word' id='word_1_347' title='bbox 1260 4185 1351 4245; x_wconf 90' lang='lat' dir='ltr'><strong>At</strong></span> <span class='ocrx_word' id='word_1_348' title='bbox 1372 4184 1660 4246; x_wconf 82' lang='lat' dir='ltr'><strong>Christus</strong></span> <span class='ocrx_word' id='word_1_349' title='bbox 1686 4204 1863 4245; x_wconf 85' lang='lat' dir='ltr'><strong>suam</strong></span> <span class='ocrx_word' id='word_1_350' title='bbox 1883 4188 2150 4246; x_wconf 86' lang='lat' dir='ltr'><strong>mortem</strong></span> <span class='ocrx_word' id='word_1_351' title='bbox 2170 4185 2367 4246; x_wconf 90' lang='lat' dir='ltr'><strong>eciam</strong></span> <span class='ocrx_word' id='word_1_352' title='bbox 2386 4179 3052 4263; x_wconf 78' lang='lat' dir='ltr'><strong>ignominiosissimam</strong></span> 
     </span>
    </p>

    <p class='ocr_par' dir='ltr' id='par_1_10' title="bbox 526 4275 3056 4360">
     <span class='ocr_line' id='line_1_40' title="bbox 526 4275 3056 4360; baseline -0.001 -16"><span class='ocrx_word' id='word_1_353' title='bbox 526 4309 619 4360; x_wconf 76' lang='lat'><strong>125</strong></span> <span class='ocrx_word' id='word_1_354' title='bbox 646 4304 779 4346; x_wconf 88' lang='lat' dir='ltr'><strong>esse</strong></span> <span class='ocrx_word' id='word_1_355' title='bbox 819 4285 1041 4346; x_wconf 85' lang='lat' dir='ltr'><strong>voluit.</strong></span> <span class='ocrx_word' id='word_1_356' title='bbox 1125 4285 1309 4344; x_wconf 85' lang='lat' dir='ltr'><strong>Hanc</strong></span> <span class='ocrx_word' id='word_1_357' title='bbox 1352 4281 1692 4343; x_wconf 80' lang='lat' dir='ltr'><strong>alacritatis</strong></span> <span class='ocrx_word' id='word_1_358' title='bbox 1732 4283 1980 4344; x_wconf 90' lang='lat' dir='ltr'><strong>laudem</strong></span> <span class='ocrx_word' id='word_1_359' title='bbox 2022 4283 2389 4345; x_wconf 88' lang='lat' dir='ltr'><strong>martiribus</strong></span> <span class='ocrx_word' id='word_1_360' title='bbox 2429 4284 2563 4344; x_wconf 91' lang='lat' dir='ltr'><strong>suis</strong></span> <span class='ocrx_word' id='word_1_361' title='bbox 2603 4275 2913 4355; x_wconf 85' lang='lat' dir='ltr'><strong>seruabat,</strong></span> <span class='ocrx_word' id='word_1_362' title='bbox 2942 4300 3056 4359; x_wconf 90' lang='lat' dir='ltr'><strong>pro</strong></span> 
     </span>
    </p>
   </div>
   <div class='ocr_carea' id='block_1_3' title="bbox 715 4431 3053 4630">
    <p class='ocr_par' dir='ltr' id='par_1_11' title="bbox 715 4431 3053 4630">
     <span class='ocr_line' id='line_1_41' title="bbox 1360 4431 2313 4483; baseline 0.005 -5"><span class='ocrx_word' id='word_1_363' title='bbox 1360 4432 1468 4480; x_wconf 89' lang='lat'><strong>118.</strong></span> <span class='ocrx_word' id='word_1_364' title='bbox 1509 4431 1743 4480; x_wconf 88' lang='lat' dir='ltr'><strong>oraculis</strong></span> <span class='ocrx_word' id='word_1_365' title='bbox 1766 4436 1975 4482; x_wconf 70' lang='grc' dir='ltr'><strong>ωιτοτίς</strong></span> <span class='ocrx_word' id='word_1_366' title='bbox 2010 4433 2183 4482; x_wconf 84' lang='lat' dir='ltr'><strong>oculis</strong></span> <span class='ocrx_word' id='word_1_367' title='bbox 2205 4437 2313 4483; x_wconf 74' lang='lat' dir='ltr'><strong>MS.</strong></span> 
     </span>
     <span class='ocr_line' id='line_1_42' title="bbox 715 4560 3053 4630; baseline -0.002 -17"><span class='ocrx_word' id='word_1_368' title='bbox 715 4566 794 4625; x_wconf 83' lang='lat'><strong>87.</strong></span> <span class='ocrx_word' id='word_1_369' title='bbox 835 4565 953 4614; x_wconf 85' lang='lat' dir='ltr'><strong>Iam</strong></span> <span class='ocrx_word' id='word_1_370' title='bbox 1004 4563 1135 4613; x_wconf 89' lang='lat' dir='ltr'><strong>ibid.</strong></span> <span class='ocrx_word' id='word_1_371' title='bbox 1168 4565 1296 4625; x_wconf 80' lang='lat'><em>1289</em></span> <span class='ocrx_word' id='word_1_372' title='bbox 1314 4579 1367 4613; x_wconf 86' lang='lat' dir='ltr'><strong>n.</strong></span> <span class='ocrx_word' id='word_1_373' title='bbox 1903 4563 1999 4630; x_wconf 86' lang='lat' dir='ltr'><strong>sit]</strong></span> <span class='ocrx_word' id='word_1_374' title='bbox 2036 4563 2152 4614; x_wconf 80' lang='lat' dir='ltr'><strong>The</strong></span> <span class='ocrx_word' id='word_1_375' title='bbox 2185 4564 2410 4627; x_wconf 87' lang='lat' dir='ltr'><strong>printed</strong></span> <span class='ocrx_word' id='word_1_376' title='bbox 2432 4565 2660 4626; x_wconf 81' lang='lat' dir='ltr'><strong>version,</strong></span> <span class='ocrx_word' id='word_1_377' title='bbox 2687 4560 2819 4611; x_wconf 88' lang='lat' dir='ltr'><strong>ibid.</strong></span> <span class='ocrx_word' id='word_1_378' title='bbox 2849 4562 3053 4622; x_wconf 57' lang='grc'><strong>198911-</strong></span> 
     </span>
    </p>
   </div>
   <div class='ocr_carea' id='block_1_4' title="bbox 713 4562 3053 4759">
    <p class='ocr_par' dir='ltr' id='par_1_12' title="bbox 713 4562 3053 4759">
     <span class='ocr_line' id='line_1_43' title="bbox 713 4562 3053 4695; baseline -0.003 -16"><span class='ocrx_word' id='word_1_379' title='bbox 713 4645 795 4692; x_wconf 83' lang='grc'><strong>93.</strong></span> <span class='ocrx_word' id='word_1_380' title='bbox 836 4562 1167 4695; x_wconf 51' lang='lat' dir='ltr'><strong>Phaiaridis]</strong></span> <span class='ocrx_word' id='word_1_381' title='bbox 1193 4629 1322 4680; x_wconf 86' lang='lat' dir='ltr'><strong>ibid.</strong></span> <span class='ocrx_word' id='word_1_382' title='bbox 1357 4631 1482 4690; x_wconf 79' lang='lat'>1278</span> <span class='ocrx_word' id='word_1_383' title='bbox 1499 4644 1543 4679; x_wconf 89' lang='lat' dir='ltr'><strong>c.</strong></span> <span class='ocrx_word' id='word_1_384' title='bbox 1620 4665 1624 4672; x_wconf 84' lang='lat'><strong>.</strong></span> <span class='ocrx_word' id='word_1_385' title='bbox 1771 4643 1774 4648; x_wconf 92' lang='lat'>·</span> <span class='ocrx_word' id='word_1_386' title='bbox 1905 4644 2033 4691; x_wconf 72' lang='lat'>1290</span> <span class='ocrx_word' id='word_1_387' title='bbox 2047 4644 2096 4690; x_wconf 83' lang='lat' dir='ltr'><strong>c,</strong></span> <span class='ocrx_word' id='word_1_388' title='bbox 2126 4630 2254 4680; x_wconf 86' lang='lat' dir='ltr'><strong>here</strong></span> <span class='ocrx_word' id='word_1_389' title='bbox 2289 4630 2499 4681; x_wconf 76' lang='lat' dir='ltr'><strong>follows</strong></span> <span class='ocrx_word' id='word_1_390' title='bbox 2528 4626 2889 4689; x_wconf 70' lang='lat' dir='ltr'><strong>theon-igine}</strong></span> <span class='ocrx_word' id='word_1_391' title='bbox 2929 4641 3053 4689; x_wconf 62' lang='lat' dir='ltr'><strong>very</strong></span> 
     </span>
     <span class='ocr_line' id='line_1_44' title="bbox 713 4695 2693 4759; baseline -0.004 -15"><span class='ocrx_word' id='word_1_392' title='bbox 713 4711 795 4758; x_wconf 81' lang='lat'><strong>94.</strong></span> <span class='ocrx_word' id='word_1_393' title='bbox 833 4696 1276 4746; x_wconf 85' lang='lat' dir='ltr'><strong>mansuetudinis</strong></span> <span class='ocrx_word' id='word_1_394' title='bbox 1300 4733 1316 4745; x_wconf 90' lang='lat'><strong>.</strong></span> <span class='ocrx_word' id='word_1_395' title='bbox 1351 4734 1364 4747; x_wconf 96' lang='lat'><strong>.</strong></span> <span class='ocrx_word' id='word_1_396' title='bbox 1395 4732 1410 4745; x_wconf 92' lang='lat'><strong>.</strong></span> <span class='ocrx_word' id='word_1_397' title='bbox 1444 4712 1553 4757; x_wconf 82' lang='lat'><strong>129.</strong></span> <span class='ocrx_word' id='word_1_398' title='bbox 1588 4709 1801 4759; x_wconf 81' lang='lat' dir='ltr'><strong>expres·</strong></span> <span class='ocrx_word' id='word_1_399' title='bbox 1900 4695 2117 4759; x_wconf 79' lang='lat' dir='ltr'><strong>closely.</strong></span> <span class='ocrx_word' id='word_1_400' title='bbox 2435 4737 2438 4740; x_wconf 15' lang='grc' dir='ltr'><strong>Α</strong></span> <span class='ocrx_word' id='word_1_401' title='bbox 2600 4731 2606 4738; x_wconf 85' lang='grc'><em>.</em></span> <span class='ocrx_word' id='word_1_402' title='bbox 2670 4714 2693 4737; x_wconf 67' lang='lat'><strong>,-</strong></span> 
     </span>
    </p>
   </div>
   <div class='ocr_carea' id='block_1_5' title="bbox 3267 4495 3272 5128">
    <p class='ocr_par' dir='ltr' id='par_1_13' title="bbox 3267 4495 3272 5128">
     <span class='ocr_line' id='line_1_45' title="bbox 3267 4495 3272 5128; baseline 0 0"><span class='ocrx_word' id='word_1_403' title='bbox 3267 4495 3272 5128; x_wconf 95' lang='lat' dir='ltr'><strong> </strong></span> 
     </span>
    </p>
   </div>
  </div>
 </body>
</html>
