3355 5380
709 362 744 415 4
1408 354 1786 418 LETTERS
1840 354 1948 415 OF
2001 353 2399 417 ERASMUS
2906 350 3096 435 [15²3

707 533 821 591 pro
875 516 1052 574 tanta
1107 512 1492 588 liberalitate,
1551 515 1739 592 atque
1792 511 1911 573 hoc
1958 511 2254 573 lemmate
2302 512 2584 575 recusaui
2630 531 2883 588 munus,
2932 510 3099 589 quod

706 612 979 672 dicerem
1006 612 1211 672 maius
1238 632 1423 690 quam
1450 614 1522 672 vt
1547 611 1911 672 conueniret
1938 610 2264 688 exiguitati
2293 630 2483 671 meae.
2559 610 2753 671 Nullo
2780 610 2850 670 in
2877 628 3103 687 genere

706 730 810 771 me
846 710 1062 770 minus
1095 711 1338 771 exercui
1379 730 1566 789 quam
1606 710 1679 770 in
1715 709 2199 788 epigrammatis,
2233 711 2300 769 et
2330 712 2547 769 tamen
2583 709 2905 770 interdum
2937 708 3105 769 inter

706 809 1158 870 ambulandum
1190 812 1297 870 aut
1338 809 1529 869 etiam
1562 809 1630 869 in
1664 807 2227 886 compotationibus
2263 806 2529 868 lusimus
2563 806 2799 885 aliquot
2834 806 3103 868 diuersis

647 924 680 975 5
706 909 1107 985 temporibus,
1166 928 1434 986 quorum
1503 907 1813 968 nonnulla
1878 906 1957 966 ab
2023 905 2241 966 amicis
2308 905 2578 966 nimium
2642 905 2771 966 mei
2824 905 3104 966 nominis

705 1006 1000 1067 studiosis
1037 1007 1293 1066 collecta
1329 1008 1478 1068 sunt
1517 1008 1581 1065 et
1618 1005 1820 1067 aedita
1856 1004 2172 1081 Basileae;
2213 1025 2456 1083 quoque
2492 1004 2694 1084 magis
2724 1004 3097 1078 riderentur,

705 1105 1128 1166 adjunxerunt
1162 1105 1438 1166 Thomae
1478 1104 1639 1164 Mori
1680 1103 2160 1183 epigrammatis,
2201 1104 2271 1163 in
2313 1102 2430 1163 hoc
2470 1123 2694 1182 genere
2732 1102 3094 1163 felicissimi.

706 1202 972 1265 Carmen
1015 1204 1092 1263 ad
1131 1203 1567 1264 Guilhelmum
1603 1203 1847 1279 Gopum
1875 1202 1953 1262 de
1988 1204 2306 1263 senectute
2346 1202 2651 1279 scriptum
2691 1204 2787 1262 est
2823 1201 3005 1262 nobis
3032 1202 3101 1262 in

704 1301 989 1380 Alpibus,
1024 1322 1217 1379 quum
1247 1302 1524 1378 primum
1558 1302 1796 1361 adirem
1822 1300 2092 1362 Italiam.
2183 1298 2498 1361 Inciderat
2531 1301 2743 1361 odiosa
2780 1300 3103 1361 contentio

621 1417 683 1453 10
705 1399 873 1460 inter
910 1400 1369 1461 caduceatorem
1410 1400 1571 1477 regis
1611 1400 1898 1477 Angliae,
1932 1399 2041 1477 qui
2079 1419 2212 1473 neS,
2245 1419 2366 1477 quo
2392 1399 2596 1459 tutius
2631 1398 2882 1475 iremus,
2918 1399 3106 1458 comi·

702 1501 872 1558 tatus
917 1501 1011 1558 est
1054 1498 1409 1559 Bononiam
1453 1518 1660 1577 vsque,
1714 1501 1778 1558 et
1821 1497 1991 1558 inter
2033 1500 2375 1558 curatorem
2428 1497 2891 1557 adolescentum
2946 1517 3105 1575 quos

703 1600 845 1656 tum
879 1600 1056 1673 pacto
1088 1597 1259 1657 velut
1298 1615 1515 1657 nassae
1550 1596 1895 1673 implicitus
1929 1595 2232 1657 ducebam
2268 1596 2338 1656 in
2371 1595 2643 1670 Italiam,
2677 1615 2806 1655 non
2845 1594 3104 1673 quidem

703 1696 776 1753 vt
802 1695 1204 1771 paedagogus,
1236 1715 1387 1755 nam
1417 1715 1665 1756 morum
1695 1715 1907 1755 curam
1937 1713 2311 1770 exceperam,
2347 1713 2460 1753 nec
2486 1696 2558 1753 vt
2585 1696 2956 1770 praeceptor,
2989 1693 3102 1752 sed

704 1794 778 1850 vt
820 1791 1132 1869 inspector
1171 1793 1419 1854 futurus
1464 1814 1534 1854 ac
1573 1794 1929 1854 studiorum
1968 1792 2139 1851 viam
2182 1794 2797 1866 commonstraturus,
2831 1812 2912 1851 ne
2951 1791 3103 1869 quid

621 1907 679 1957 15
706 1890 1076 1951 calamitatis
1114 1892 1351 1952 deesset
1383 1892 1529 1953 fatis
1560 1893 1761 1966 meis;
1817 1889 2065 1951 nullum
2102 1890 2275 1950 enim
2312 1911 2549 1950 annum
2583 1890 2715 1951 vixi
2751 1890 3096 1950 insuauius.

705 1987 887 2048 Inter
921 1990 1038 2049 hos
1072 1990 1262 2067 igitur
1301 1991 1458 2051 duos
1498 1991 1648 2051 adeo
1690 1989 2027 2049 incaluerat
2065 1989 2217 2062 rixa,
2264 1991 2338 2049 vt
2377 1992 2519 2066 post
2557 1989 2788 2049 furiosa
2828 1988 3104 2049 conuitia

703 2090 968 2147 ventum
1010 2088 1095 2147 sit
1128 2108 1323 2166 vsque
1358 2090 1434 2149 ad
1469 2089 1747 2165 gladios;
1788 2108 1858 2148 ac
1886 2091 2024 2148 tum
2061 2087 2314 2165 quidem
2350 2087 2531 2148 alteri
2560 2087 2864 2147 duntaxat
2888 2086 3104 2147 irasce-

706 2186 829 2246 bar.
917 2186 1152 2246 Verum
1179 2187 1286 2247 vbi
1313 2189 1456 2264 post
1481 2189 1724 2247 tantam
1750 2188 2189 2262 tempestatem
2216 2185 2515 2246 vidissem
2543 2186 2687 2246 illos
2713 2186 2878 2246 vltro
2904 2186 3104 2246 factos

704 2284 937 2345 amicos
978 2287 1158 2362 epoto
1197 2286 1334 2346 vini
1375 2286 1616 2362 cyath0,
1649 2288 1986 2363 vtrumque
2028 2304 2103 2343 ex
2142 2304 2337 2362 aequo
2379 2285 2644 2345 oderam.
2733 2284 2988 2344 Etenim
3028 2287 3103 2344 vt

618 2399 683 2434 20
704 2384 1080 2458 proinsanis
1117 2384 1328 2459 habe0,
1362 2384 1469 2462 qui
1504 2385 1593 2443 sic
1627 2383 2101 2458 debacchantur,
2135 2382 2256 2442 nisi
2293 2382 2657 2460 grauissime
2692 2382 2978 2458 lacessiti,
3011 2382 3104 2443 ita

706 2483 867 2542 nulli
905 2482 1062 2542 fidos
1099 2502 1234 2542 esse
1272 2483 1443 2557 duce,
1480 2482 1587 2561 qui
1624 2486 1757 2542 tam
1794 2482 2003 2542 subito
2040 2482 2203 2541 fiunt
2232 2481 2416 2541 amici
2453 2484 2594 2558 post
2623 2481 2746 2542 iras
2784 2481 3095 2558 capitales.

703 2580 928 2657 Itaque
953 2600 1072 2657 quo
1098 2580 1375 2640 taedium
1404 2581 1570 2641 inter
1597 2580 2008 2659 equitandum
2045 2580 2345 2656 fallerem,
2379 2580 2705 2640 abstinens
2730 2601 2767 2641 a
2794 2578 3101 2657 colloquio

703 2679 978 2756 partium
1015 2700 1263 2740 carmen
1293 2679 1410 2740 hoc
1447 2679 1707 2756 absolui,
1740 2684 1966 2742 notans
2002 2679 2258 2739 interim
2298 2679 2367 2739 in
2406 2679 2618 2740 charta
2642 2698 2832 2757 super
2857 2678 3095 2753 sellam,

704 2798 786 2837 ne
829 2778 977 2856 quid
1024 2779 1329 2838 excideret
1382 2778 1569 2854 aliud,
1638 2780 1794 2840 dum
1862 2779 2055 2839 aliubi
2125 2797 2498 2854 quaererem.
2586 2778 2641 2838 Ε
2700 2778 2939 2838 notulis
2995 2778 3100 2837 de·

617 2893 677 2943 25
704 2876 1048 2937 scribebam
1070 2877 1233 2955 quod
1262 2879 1393 2937 erat
1417 2881 1656 2952 natum,
1679 2877 1786 2937 vbi
1806 2879 2071 2938 ventum
2101 2880 2262 2935 esset
2289 2875 2357 2935 in
2386 2875 2812 2937 diuersorium.
2882 2875 3100 2936 Habes

704 2995 952 3036 carmen
1008 2980 1291 3054 equestre
1350 2976 1456 3036 vel
1513 2977 1720 3053 potius
1777 2975 2058 3052 alpestre,
2135 2975 2295 3052 quod
2355 2977 2569 3034 tamen
2638 2975 2804 3036 docti
2864 2978 3101 3052 negant

702 3093 957 3150 prorsus
987 3074 1226 3149 infelix,
1258 3075 1578 3149 vtcunque
1608 3075 1830 3131 natum
1861 3075 1969 3132 est.

784 3169 1018 3247 Scripsi
1044 3171 1307 3230 diuersis
1335 3171 1716 3246 temporibus
1744 3168 2058 3246 epitaphia
2085 3190 2213 3229 non
2243 3190 2450 3247 pauca,
2477 3173 2728 3248 rogatus
2754 3170 2832 3232 ab
2858 3173 3092 3248 amicis,

702 3287 856 3344 quae
876 3299 881 3304 «
902 3288 1032 3327 non
1070 3269 1259 3327 refert
1307 3287 1681 3327 numerasse.
1771 3266 1894 3328 Sed
1939 3268 2124 3326 annis
2166 3269 2406 3345 aliquot
2444 3270 2590 3329 ante
2630 3288 2819 3347 quam
2856 3269 3099 3330 adirem

615 3383 686 3430 3³
705 3364 972 3439 Italiam,
1008 3366 1380 3425 exercendae
1410 3364 1776 3425 Graecitatis
1810 3384 1990 3425 causa
2017 3367 2265 3443 quando
2302 3387 2430 3426 non
2469 3369 2600 3427 erat
2630 3370 3096 3444 praeceptorum

702 3463 891 3539 copia,
937 3466 1249 3524 verteram
1293 3463 1618 3524 Hecubam
1675 3463 2013 3541 Euripidis,
2075 3466 2215 3523 tum
2274 3484 2461 3542 agens
2510 3464 2791 3526 Louanii.
2875 3464 2978 3524 Ad
3030 3465 3097 3526 id

700 3561 1056 3621 audendum
1084 3565 1444 3639 prouocarat
1475 3561 1541 3621 F.
1566 3561 1957 3640 Philelphus,
1981 3562 2086 3640 qui
2115 3563 2387 3640 primam
2416 3562 2550 3623 eius
2577 3562 2819 3623 fabulae
2845 3583 3098 3623 scenam

698 3660 888 3718 vertit
928 3660 997 3720 in
1040 3661 1317 3721 oratione
1360 3661 1628 3739 quadam
1668 3662 1937 3735 funebri,
1982 3681 2204 3738 parum
2249 3665 2322 3722 vt
2363 3664 2501 3721 tum
2543 3661 2704 3722 mihi
2741 3663 2950 3722 visum
3000 3666 3100 3723 est

701 3756 981 3817 feliciter.
1065 3759 1260 3819 Porro
1300 3780 1494 3837 quum
1539 3759 1829 3820 stimulos
1865 3760 2120 3819 adderet
2160 3761 2299 3818 tum
2342 3759 2568 3836 hospes
2607 3779 2786 3820 meus
2825 3760 3098 3821 Ioannes

612 3871 673 3922 35
701 3855 1076 3931 Paludanus,
1125 3856 1257 3916 eius
1294 3857 1666 3917 Academiae
1709 3858 1938 3932 rhetor,
1984 3858 2083 3917 vir
2121 3858 2176 3917 si
2211 3858 2351 3936 quis
2393 3858 2555 3918 alius
2595 3861 2808 3919 exacto
2846 3858 3095 3934 iudicio,

698 3955 937 4030 perrexi
979 3975 1102 4031 quo
1144 3975 1483 4032 coeperam.
1566 3956 1810 4016 Deinde
1845 3957 1952 4016 vbi
1989 3955 2191 4016 literis
2217 3976 2287 4016 ac
2321 3957 2658 4031 montibus,
2693 3957 2855 4036 quod
2897 3957 3090 4032 aiunt,

699 4053 899 4113 aureis
929 4054 1269 4114 amicorum
1296 4054 1599 4131 pellectus
1626 4055 1929 4115 redissem
1957 4055 2026 4115 in
2056 4056 2372 4133 Angliam,
2407 4055 2619 4116 addidi
2647 4057 3096 4133 praefationem

769 4247 842 4293 17.
883 4248 1048 4296 vsque
1071 4250 1160 4284 om.
1186 4236 1235 4287 β.
1369 4248 1449 4283 21.
1484 4234 1617 4283 fidos
1638 4236 1674 4288 β
1696 4252 1710 4283 t
1745 4235 1875 4284 fides
1896 4252 1943 4283 ιι.
2075 4249 2155 4295 24.
2190 4235 2356 4296 aliud,
2379 4273 2392 4285 .
2416 4271 2431 4286 .
2455 4268 2470 4284 .
2485 4251 2796 4300 quaererem
2818 4256 2850 4285 α
2871 4255 2914 4299 :,
2939 4238 3091 4300 dum,

699 4300 759 4345 vt
796 4300 874 4359 fit,
914 4314 1056 4348 noua
1091 4301 1340 4362 cogitatio
1375 4303 1611 4349 veterem
1651 4300 1920 4362 propellit.
1955 4301 2006 4354 β.
2209 4315 2289 4362 25.
2323 4302 2467 4363 quod
2503 4336 2516 4350 .
2550 4337 2565 4351 .
2602 4337 2616 4351 .
2660 4306 2853 4352 natum
2890 4309 3003 4354 add.
3039 4307 3096 4360 β.

699 4367 837 4412 esset
860 4381 892 4411 a
913 4383 924 4413 ε
958 4369 1039 4414 est
1060 4367 1114 4419 β.
1289 4365 1368 4415 28.
1404 4365 1605 4428 Scripsi
1626 4367 1692 4417 B:
1731 4366 2056 4429 Scripsimus
2077 4385 2124 4416 a.
2292 4382 2371 4428 33.
2406 4368 2621 4416 funebri
2644 4373 2759 4419 add.
2784 4370 2836 4423 β.

766 4626 847 4672 33.
883 4608 1149 4673 oratione]
1174 4611 1268 4659 No.
1292 4625 1339 4674 3,
1368 4611 1645 4660 delivered
1680 4627 1750 4660 on
1782 4625 1846 4672 25
1949 4612 2264 4662 translated.
2324 4609 2569 4661 Filelfo’s
2588 4613 2821 4662 Funeral
2844 4612 3096 4665 Oratione

704 4677 829 4727 Dec.
858 4679 979 4738 1461
1005 4693 1020 4738 ;
1055 4677 1367 4738 Polydorus’
1392 4679 1586 4740 speech
1615 4679 1663 4727 is
1694 4678 1848 4728 there
1949 4693 2091 4728 were
2113 4678 2338 4742 printed
2367 4680 2488 4728 first
2520 4696 2563 4728 c.
2598 4681 2744 4740 1481,
2765 4683 2823 4729 at
2848 4679 3036 4730 Milan.
