3355 5380
750 400 872 458 256
1440 396 1821 459 LETTERS
1877 398 1985 458 OF
2044 397 2444 460 ERASMUS
2931 390 3095 474 [1⁴99

659 549 723 635 ἑο
748 553 925 631 sunt)
951 553 1451 633 operaeprecium
1482 574 1613 615 non
1652 554 1961 617 existimo.
2049 555 2258 617 Pauca
2283 554 2591 633 attingam
2617 553 2818 614 modo.
2892 548 3104 612 Miraris

748 651 1090 714 admodum
1109 672 1214 713 me
1241 671 1550 731 quaerere,
1571 653 1627 713 ai
1646 653 1837 715 verba
1861 653 1972 715 illa
1990 652 2414 731 deprecatoria
2440 652 2519 713 ad
2542 652 2766 713 Iudeos
2790 648 3104 728 pertineant

749 750 865 831 (sic
910 750 1082 810 enim
1131 753 1345 811 nostra
1390 751 1716 828 recenses),
1763 771 1876 812 cur
1920 771 2051 812 non
2105 752 2386 829 apertius
2429 754 2652 830 agatur
2700 749 2863 810 salus
2901 764 3103 819 eorum,

748 869 973 929 meque
1001 848 1265 927 caligare
1292 850 1360 909 in
1387 849 1530 910 luce
1555 852 1751 913 tanta.
1841 849 2007 910 Nam
2042 850 2182 912 luce
2216 849 2415 910 eciam
2451 848 2721 910 lucidius
2756 846 2869 908 tibi
2892 843 3108 906 videtur

751 946 829 1007 de
874 947 1092 1008 Iudeis
1130 947 1252 1025 agi,
1294 967 1446 1027 qum
1487 947 1622 1008 illic
1660 947 1824 1008 calix
1872 947 2238 1009 nominetur
2275 967 2464 1026 quem
2508 950 2686 1009 erant
2724 945 2962 1009 Christo
2995 960 3108 1020 pro·

662 1074 723 1125 55
747 1044 1028 1124 pinaturi
1075 1044 1273 1119 Iudei,
1330 1063 1446 1106 nec
1490 1045 1664 1107 aliud
1713 1045 1974 1107 omnino
2011 1066 2146 1107 esse
2188 1046 2523 1107 ‘Transeat
2570 1067 2609 1107 a
2650 1065 2750 1106 me
2789 1043 2944 1104 calix
2980 1040 3111 1112 iste:

749 1164 938 1222 quam
984 1145 1000 1175 ‘
1020 1143 1163 1204 Non
1205 1144 1289 1205 sit
1329 1162 1471 1204 mea
1510 1163 1682 1205 mors
1723 1144 1937 1205 Iudeis
1972 1144 2198 1207 mortis
2231 1146 2507 1206 occasia’
2587 1144 2712 1204 Hic
2738 1146 2809 1204 tu
2841 1160 2941 1202 me
2960 1138 3114 1200 iubes

748 1244 948 1305 eciam
996 1245 1182 1322 atque
1231 1243 1429 1304 eciam
1476 1243 1694 1303 oculos
1734 1244 2034 1320 attollere,
2084 1246 2150 1304 et
2191 1243 2412 1318 lucem,
2462 1246 2537 1304 vt
2580 1243 2698 1318 ais,
2743 1239 3112 1303 clarissimm

747 1342 1006 1404 intueri.
1074 1344 1167 1403 At
1191 1341 1359 1416 tollo,
1386 1341 1612 1417 Colete,
1632 1345 1746 1403 tuo
1762 1341 2013 1420 quidem
2043 1341 2293 1404 monitu
2320 1343 2703 1403 cecutientes
2727 1360 2796 1402 ac
2821 1338 3117 1416 lippientes

751 1440 980 1515 oculos,
1011 1443 1074 1501 et
1101 1440 1229 1501 tuis
1261 1459 1412 1501 sane
1440 1441 1510 1500 in
1536 1441 1765 1516 verbis,
1798 1441 2027 1519 quibus
2053 1440 2379 1502 Christum
2404 1440 2562 1501 facis
2586 1439 2956 1517 loquentem,
2983 1432 3118 1495 lucis

660 1556 726 1606 60
748 1536 934 1599 video
974 1537 1343 1616 plurimum.
1426 1537 1508 1599 In
1548 1539 1787 1600 Christi
1832 1558 2119 1600 sermone
2157 1540 2516 1600 eciamnum
2562 1537 2728 1599 nihil
2766 1537 2944 1599 video
2981 1530 3121 1611 quod

750 1636 829 1698 ad
858 1637 1088 1698 Iudeos
1113 1638 1463 1715 pertineat;
1511 1657 1700 1716 quem
1720 1638 2131 1717 quantumuis
2171 1638 2449 1699 illustres
2478 1638 2609 1699 tuis
2634 1637 2861 1712 verbis,
2889 1629 3119 1696 inficiari

749 1736 920 1796 certe
955 1755 1086 1796 non
1115 1738 1291 1813 potes
1325 1735 1562 1814 aliquid
1604 1734 1840 1797 habere
1874 1736 2293 1811 tenebrarum,
2325 1737 2403 1795 de
2444 1756 2569 1814 quo
2605 1739 2705 1797 tot
2740 1755 2811 1795 ac
2845 1731 3000 1794 tanti
3020 1726 3125 1789 viri

751 1832 1203 1894 addubitarint.
1289 1833 1425 1909 Quo
1453 1833 1667 1895 minus
1694 1834 1915 1896 mirari
1941 1835 2128 1895 debes
2151 1834 2206 1894 si
2233 1852 2348 1895 nos
2373 1833 2478 1894 hic
2510 1833 2872 1912 caligamus,
2900 1829 3002 1892 vbi
3024 1826 3123 1888 tibi

749 1932 1168 2008 Augustinus,
1211 1932 1606 2009 Ambrosius,
1652 1933 1797 2008 Leo,
1844 1932 2326 2012 Gregorius—et
2370 1931 2511 2009 quis
2557 1952 2692 1993 non
2708 1933 3026 1992 ?—omnes
3060 1923 3124 1986 ad

661 2044 694 2094 6
698 2059 726 2108 5
751 2048 951 2090 vnum
966 2049 1191 2107 parum
1207 2031 1441 2092 vidisse
1456 2032 1805 2092 videantur.
1858 2031 2048 2094 Haud
2064 2032 2301 2092 mirum
2316 2033 2413 2091 est
2426 2029 2559 2091 illic
2576 2030 2849 2092 cecutire
2863 2028 3124 2090 noctuam

750 2126 857 2188 vbi
884 2128 1240 2206 caligarunt
1268 2129 1527 2206 aquilae,
1559 2149 1782 2207 parum
1811 2130 2158 2208 perspicere
2185 2128 2492 2190 Tiresiam
2520 2129 2632 2191 vbi
2662 2128 2903 2190 fallitur
2925 2128 3125 2202 Argus.

834 2224 1012 2300 Quod
1044 2227 1100 2285 si
1137 2226 1572 2288 coniecturalis
1609 2230 1707 2289 est
1743 2227 1920 2288 locus
1949 2230 2016 2288 et
2043 2228 2274 2289 amotis
2297 2227 2558 2289 interim
2591 2227 2951 2289 auctoribus
2974 2220 3129 2284 vesti·

751 2322 960 2400 ganda
1002 2324 1374 2386 coniecturis
1415 2344 1552 2386 raes
1593 2327 1706 2401 est,
1752 2344 1866 2402 age
1907 2325 2409 2387 circumstantiae
2447 2325 2823 2405 colligamus
2860 2345 2895 2385 e
2932 2319 3132 2401 quibus

700 2478 709 2487 κ
753 2422 963 2482 omnia
1032 2422 1466 2484 coniecturalia
1530 2424 1850 2486 ducuntur
1912 2426 2298 2501 argumenta.
2428 2424 2821 2486 Imminebat
2883 2442 2922 2483 a
2983 2422 3132 2492 tergo

665 2545 729 2599 70
754 2520 1083 2596 cruciatus,
1126 2521 1551 2583 aduentabant
1597 2543 1743 2583 cum
1785 2524 1941 2584 duce
1979 2522 2369 2584 sceleratiore
2408 2524 2646 2585 milites
2686 2511 3131 2585 sceleratissimi·

753 2618 1001 2679 Sciebat
1040 2618 1193 2698 quid
1232 2624 1520 2698 ageretur
1552 2640 1741 2700 quem
1782 2620 1947 2682 nihil
1987 2620 2257 2696 latebat;
2303 2621 2591 2700 captabat
2631 2637 2961 2694 secessum,
2996 2608 3137 2690 <²31sst

755 2717 965 2779 tedere
1013 2721 1076 2779 et
1124 2723 1368 2782 mestus
1404 2739 1557 2797 esse,
1601 2720 1845 2795 sudare,
1893 2720 2263 2781 contristari.
2370 2720 2570 2781 Erant
2609 2724 2677 2783 et
2719 2716 3137 2796 discipulorum

754 2816 919 2878 oculi
944 2836 1095 2894 prae
1135 2818 1545 2879 mestitudine
1584 2837 1808 2879 somno
1847 2819 2258 2897 praegrauati.
2348 2819 2616 2880 Iubebat
2657 2839 2770 2881 eos
2805 2813 3053 2894 vigilare
3087 2807 3140 2867 0⁶

755 2915 931 2977 orare
958 2916 1270 2993 Christus,
1305 2936 1384 2977 ne
1427 2915 1779 2977 inciderent
1803 2917 1873 2977 in
1902 2917 2324 2978 tentacionem
2350 2938 2365 2991 ς
2406 2918 2707 2994 spiritum
2735 2916 2992 2996 quidem
3029 2923 3142 2970 050

665 3037 728 3089 75
755 3017 1137 3092 promptum,
1185 3034 1439 3076 carnem
1486 3018 1702 3076 autem
1755 3016 2092 3078 infirmam.
2178 3017 2400 3079 Orauit
2445 3018 2595 3093 ipse,
2642 3020 2709 3078 et
2761 3013 2931 3096 quod
2976 3004 3143 3071 verbo

755 3116 1085 3174 monuerat
1123 3114 1651 3190 praemonstrauit
1689 3114 1991 3193 exemplo,
2021 3117 2095 3175 vt
2132 3118 2197 3176 et
2231 3134 2349 3176 nos
2383 3114 2633 3194 quoties
2668 3114 2928 3193 grauior
2961 3108 3148 3183 aliqua

755 3211 1066 3289 ingruerit
1088 3211 1378 3272 fortunae
1406 3211 1692 3288 procella,
1715 3212 1794 3274 ad
1815 3232 2029 3290 preces
2055 3213 2401 3292 fugiamus;
2439 3217 2512 3273 vt
2539 3233 2680 3274 eam
2705 3218 2889 3292 pater
2908 3202 3145 3275 celestis,

756 3309 811 3369 si
838 3309 1103 3383 videtur,
1135 3309 1346 3387 abigat
1371 3331 1410 3371 a
1438 3310 1621 3372 nobis
1645 3314 1756 3372 aut
1781 3314 1948 3372 certe
1975 3311 2262 3373 animum
2287 3312 2518 3373 fortem
2539 3311 2874 3390 largiatur.

838 3406 907 3466 Si
940 3427 1017 3466 ex
1055 3407 1430 3468 coniecturis
1464 3408 1804 3470 eliciuntur
1843 3413 2229 3488 argumenta,
2264 3430 2478 3471 nonne
2515 3409 2831 3472 hactenus
2864 3403 3081 3477 omnib,
3106 3397 3155 3460 δί

656 3517 728 3566 80
757 3504 1108 3581 contrahas,
1148 3505 1474 3567 hominem
1517 3506 1841 3568 clamitant
1880 3510 2152 3569 mortem
2192 3508 2717 3571 reformidantem
2733 3512 2769 3571 ⁸?
2853 3509 2946 3569 De
2993 3517 3154 3564 carne

757 3603 821 3662 et
868 3601 1091 3679 spiritu
1141 3604 1474 3679 praecessit
1519 3605 1763 3667 mentio
1810 3604 2173 3682 clarissima,
2226 3607 2304 3667 de
2351 3607 2695 3669 Iudeorum
2748 3601 3156 3685 deploratione

757 3699 955 3760 nulla.
1043 3701 1394 3762 Defleuerat
1436 3705 1582 3764 ante
1610 3704 2199 3783 Hierosolymamm
2236 3706 2566 3781 excidium,
2600 3707 2718 3767 sed
2747 3704 2965 3767 verbis
2988 3693 3158 3762 haud·

679 3812 689 3822 ‘
758 3818 1070 3875 quaquam
1110 3799 1435 3878 ambiguis.
1526 3804 1747 3865 Orauit
1782 3803 1853 3863 in
1886 3822 2066 3864 cruce
2092 3823 2205 3881 pro
2237 3802 2585 3878 homicidis,
2620 3805 2739 3865 sed
2780 3806 2876 3866 ita
2899 3804 2974 3864 vt
2997 3793 3162 3861 facile

755 3895 1168 3974 intelligatur.
1285 3899 1462 3973 Quod
1519 3899 1576 3960 si
1630 3920 1819 3978 quem
1873 3901 1988 3962 illa
2037 3901 2274 3963 Christi
2321 3901 2754 3964 misericordia
2803 3913 3163 3979 magnopere

669 4001 732 4064 85
758 3995 1037 4070 delectet,
1083 3996 1331 4057 abunde
1384 3996 1483 4058 illi
1525 3998 1916 4060 satisfactum
1967 4001 2204 4078 opinor,
2250 4001 2414 4077 quod
2459 4001 2657 4062 semel
2709 3997 3164 4081 ingratissimae

759 4092 966 4171 gentis
992 4092 1331 4171 deplorarit
1357 4095 1708 4171 interitum,
1742 4098 1910 4174 quod
1938 4097 2015 4158 de
2043 4117 2225 4159 cruce
2250 4118 2364 4175 pro
2391 4098 2639 4160 hisdem
2668 4100 2970 4162 orauerit.
3055 4092 3165 4157 Hic

760 4210 915 4269 qum
953 4191 1117 4252 nihil
1156 4212 1290 4253 rem
1333 4193 1753 4271 antecesserit,
1787 4195 1949 4256 nihil
1992 4216 2127 4256 rem
2167 4197 2513 4269 comitetur,
2544 4197 2721 4259 nihil
2760 4196 3170 4276 consequatur

761 4290 927 4351 vnde
953 4290 1056 4351 vel
1082 4290 1296 4351 tenuis
1315 4290 1457 4352 duci
1477 4291 1679 4370 possit
1705 4294 2072 4370 coniectura,
2091 4295 2222 4355 imo
2243 4314 2397 4374 qum
2418 4314 2639 4357 omnes
2667 4292 3169 4360 circumstantiae

703 4442 725 4458 X
760 4388 947 4467 longe
993 4388 1164 4449 aliud
1213 4389 1555 4466 clamitent,
1604 4392 1904 4454 reclamet
1955 4393 2136 4470 nihil,
2191 4394 2343 4470 quid
2387 4394 2478 4456 ita
2530 4394 2722 4457 nobis
2774 4397 2852 4458 in
2899 4396 3174 4459 mentem

826 4644 908 4692 68.
944 4641 1407 4720 circumstantias]
1432 4642 1568 4692 ibid.
1597 4613 1722 4704 1287
1740 4658 1793 4693 ιι.
2079 4644 2162 4696 82.
2199 4642 2532 4708 Defleuerat]
2554 4644 2694 4695 ibid.
2725 4650 2861 4709 1⁹⁶7
2881 4661 2972 4696 nn.

825 4710 907 4767 69.
948 4707 1304 4772 Imminebat]
1330 4708 1462 4759 ibid.
1495 4708 1623 4757 1268
1639 4723 1691 4758 Α.
1771 4747 1774 4750 .
1799 4747 1803 4752 .
2078 4712 2158 4771 87.
2194 4709 2333 4774 rem]
2359 4711 2494 4761 ibid.
2517 4711 2645 4760 1268
2664 4724 2719 4761 Β.
