3355 5380
292 380 479 465 1497]
1040 381 1192 444 ’ΤΟ
1246 381 1597 444 THOMAS
1653 382 1887 445 GREY
2566 388 2680 446 175

284 539 411 602 fifty
433 538 501 603 (1.
497 537 617 668 (gg)-
640 536 912 665 ιιῐιᾶιξέἰᾱ
941 553 1088 588 some
1118 537 1306 588 official
1339 539 1575 601 position
1602 539 1664 589 in
1697 537 1850 589 Paris
1876 552 1936 589 as
1962 552 2036 590 an
2063 542 2225 604 agent
2254 538 2313 589 of
2339 540 2434 590 the
2457 540 2682 605 English

286 620 345 653 cr
346 620 470 654 own

552 740 870 790 musuvs
913 739 1201 789 'molus
1244 738 1458 790 (im-:10
1498 739 1555 794 Β.
1598 739 1665 789 D.
1755 740 2064 790 scRIPsrr
2110 740 2420 793 IVVEMS.

370 837 745 899 Iaurnmmr
794 836 1002 898 isthuc
1055 855 1230 898 meae
1278 835 1600 897 venissent
1647 835 1885 912 literae,
1932 837 2289 899 adolescens
2341 838 2683 915 generosis·

286 936 465 1011 sime,
494 955 618 1013 quo
638 955 764 997 vno
792 955 869 995 ex
896 935 1191 996 vniuerso
1215 934 1552 995 hominum
1579 953 1803 1012 genere
1829 954 2016 996 nemo
2035 935 2197 995 viuit
2223 935 2384 996 mihi
2409 934 2684 1007 chat-ion

288 1053 440 1096 nam
482 1034 539 1095 si
581 1033 924 1111 quominus
967 1031 1461 1094 iucundissimus
1511 1032 1812 1110 appellari
1863 1033 2064 1111 possis
2117 1034 2249 1094 fata
2300 1034 2681 1108 inuiderunt,

286 1137 355 1194 at
381 1131 753 1194 charitatem
781 1132 1037 1193 fortuna
1067 1150 1271 1209 neque
1302 1131 1534 1209 eripuit
1570 1150 1773 1209 neque
1806 1132 2038 1209 poterit
2067 1133 2322 1209 eripere.
2407 1131 2681 1205 Pridem‚

284 1231 564 1309 inquam,
608 1231 727 1291 tibi
770 1230 1175 1309 scripsissem,
1219 1230 1384 1308 quod
1424 1233 1488 1289 et
1535 1248 1650 1308 ego
1692 1249 1806 1307 pro
1851 1250 1989 1290 mea
2033 1229 2101 1290 in
2149 1233 2212 1290 te
2255 1229 2690 1291 beneuolentia
2714 1254 2743 1305 ⁵

289 1328 563 1391 maxime
587 1328 934 1406 cupiebam,
965 1332 1030 1389 et
1056 1330 1120 1389 te
1146 1348 1258 1406 pro
1284 1327 1553 1390 mutuo
1533 1347 1603 1388 ιιι
1630 1346 1737 1389 me
1763 1347 1978 1388 amore
2003 1327 2302 1389 maiorem
2329 1328 2399 1388 in
2426 1327 2688 1389 modum

286 1430 613 1506 expectare
647 1423 960 1500 sciebam;
1007 1425 1118 1487 aed
1151 1426 1392 1487 veritus
1429 1445 1573 1486 sum
1613 1445 1695 1487 ne
1729 1426 1965 1487 vulnus
2001 1424 2488 1500 acerbissimum,
2520 1425 2686 1503 quod

287 1545 505 1587 recens
541 1525 931 1603 accepissem,
972 1524 1177 1586 adhuc
1216 1524 1482 1585 crudum
1520 1525 1934 1602 exagitaremt
1982 1525 2146 1603 quod
2189 1527 2437 1586 tantum
2475 1525 2688 1586 aberat

288 1631 357 1686 vt
412 1624 614 1685 vllam
680 1623 941 1684 omnino
994 1622 1426 1684 tractationem
1480 1622 1858 1697 admitteret,
1918 1627 1990 1685 vt
2044 1643 2212 1684 nunc
2266 1642 2510 1703 quoque
2563 1622 2690 1683 leui

287 1722 623 1785 admonitu
658 1721 1082 1782 recrudescere
1117 1721 1403 1782 sentiam.
1494 1720 1594 1781 En
1635 1721 1813 1782 dolor
1852 1721 2228 1783 iustissimus
2266 1721 2487 1783 vberes
2527 1719 2689 1782 mihi
2721 1745 2780 1782 10

284 1821 649 1899 lachrymas
678 1820 929 1894 excutit,
963 1820 1094 1880 iam
1135 1819 1481 1880 cicatricem
1520 1819 1773 1881 duxisse
1803 1820 2037 1881 vulnus
2071 1818 2415 1898 sperabam.
2498 1818 2689 1881 Nulla

282 1925 384 1982 est
425 1919 886 1981 intolerabilior
924 1918 1307 1980 contumelia
1346 1937 1536 1995 quam
1578 1937 1735 1996 quae
1776 1938 1889 1996 pro
1928 1918 2270 1980 benefactis
2306 1917 2683 1996 rependitur.

286 2019 556 2080 Vtinam
603 2015 787 2078 liceat
833 2019 1086 2076 tantum
1132 2037 1169 2077 e
1213 2015 1444 2078 Letheo
1485 2014 1738 2077 haurire
1776 2037 1980 2091 amne,
2029 2020 2100 2077 vt
2142 2018 2310 2077 totus
2352 2016 2461 2077 ille
2503 2034 2691 2077 senex

288 2135 437 2176 cum
463 2114 600 2176 suis
628 2113 881 2175 iniuriis
904 2113 1063 2174 meis
1097 2113 1314 2174 officiis
1349 2112 1564 2174 animo
1599 2113 1848 2189 effluat3
1889 2115 2064 2176 cuius
2100 2114 2352 2193 quidem
2389 2115 2691 2176 memoria

285 2214 583 2293 quotiens
637 2215 916 2274 mentem
968 2210 1156 2287 subit,
1216 2212 1447 2273 totiens
1502 2232 1632 2273 non
1687 2213 1895 2273 solum
1942 2212 2172 2274 irascor
2214 2232 2436 2273 verum
2485 2211 2689 2274 multo
2720 2236 2777 2288 ¹5

286 2312 495 2390 magis
547 2311 842 2387 admiror,
895 2313 1148 2371 tantum
1197 2313 1442 2387 veneni,
1490 2314 1741 2373 tantum
1796 2311 2198 2385 inuidentiae‚
2255 2313 2507 2372 tantum
2561 2329 2694 2389 per-

287 2412 493 2483 fidiae,
547 2413 800 2470 tantum
856 2408 1202 2487 impietatis
1249 2410 1528 2472 humano
1583 2409 1818 2488 pectori
1871 2410 2135 2470 insitum
2193 2429 2344 2471 esse.
2428 2408 2558 2471 Ita-
2586 2429 2692 2470 me

286 2509 445 2570 deus
506 2510 693 2582 amet,
761 2527 906 2567 cum
967 2506 1248 2568 hominis
1312 2509 1599 2570 animum
1666 2507 2214 2569 sceleratissimum
2281 2507 2686 2585 contemplor,

240 2632 247 2641 ·
286 2608 587 2669 videntur
633 2606 797 2667 mibi
843 2609 1080 2684 poetae,
1126 2606 1417 2668 homines
1457 2607 1738 2685 alioquin
1782 2607 1850 2667 in
1893 2606 2313 2668 describendis
2355 2606 2690 2667 hominum

285 2706 567 2785 ingeniis
593 2709 735 2766 tum
767 2698 932 2766 acuti
971 2707 1112 2766 tum
1146 2705 1521 2784 eloquentes,
1554 2706 1919 2768 huiusmodi
1943 2706 2121 2768 virus
2157 2708 2268 2767 aut
2305 2725 2433 2767 non
2459 2705 2691 2766 vidisse
2720 2728 2783 2765 ιο

283 2811 397 2867 aut
440 2805 706 2866 dicendo
746 2804 994 2882 assequi
1035 2823 1165 2864 non
1213 2805 1509 2883 potuisse.
1597 2805 1799 2880 Quem
1841 2805 2013 2866 enim
2059 2805 2351 2865 lenonem
2391 2806 2525 2864 tam
2564 2821 2693 2879 per·

286 2904 508 2979 fidum,
557 2922 747 2981 quem
797 2901 1069 2963 militem
1111 2907 1246 2964 tam
1287 2903 1643 2982 gloriosum,
1690 2922 1877 2982 quem
1923 2922 2139 2964 senem
2177 2905 2312 2963 tam
2352 2918 2688 2972 morosum,

287 3002 454 3081 quod
487 3000 763 3078 denique
792 3004 1154 3077 portentum
1180 3004 1315 3063 tam
1347 3001 1657 3077 inuidum,
1686 3000 2163 3078 amarulentum,
2199 3001 2520 3079 ingratum
2557 2998 2692 3060 ausi

287 3105 442 3162 sunt
478 3119 761 3178 vnquam
798 3099 1050 3178 fingere,
1091 3119 1282 3177 quam
1318 3100 1422 3162 hic
1459 3104 1554 3162 est
1591 3120 1783 3162 senex
1823 3099 2265 3175 fucatissimus,
2303 3097 2414 3176 qui
2454 3096 2694 3174 religio·

285 3199 469 3260 sulus
496 3198 694 3259 etiam
721 3196 848 3258 sibi
874 3197 1126 3258 videtur
1152 3198 1452 3277 vitiisque
1474 3199 1608 3260 suis
1636 3197 1961 3277 splendida
1989 3198 2249 3258 nomina
2274 3197 2512 3275 fingit?
2721 3221 2780 3270 25

372 3297 640 3360 Vetabis
693 3317 798 3358 me
850 3296 1074 3358 dolere.
1164 3296 1315 3376 Ego,
1374 3297 1466 3357 mi
1519 3296 1780 3370 Thema,
1838 3314 1972 3357 rem
2038 3316 2151 3374 pro
2205 3315 2319 3356 sua
2372 3295 2693 3356 atrocitate

289 3396 757 3458 modestissime
801 3395 949 3455 fero.
1037 3396 1129 3456 At
1177 3414 1307 3456 non
1354 3398 1619 3473 possunt
1665 3415 1795 3456 non
1843 3393 2051 3455 dolere
2097 3394 2491 3454 incommoda
2538 3413 2693 3471 quae

290 3499 540 3574 praeter
566 3492 1058 3571 expectationem
1086 3492 1390 3555 accidunt,
1475 3493 1741 3569 Quando
1777 3512 1891 3572 ego
1916 3511 2195 3570 vnquam
2234 3512 2350 3570 pro
2377 3510 2516 3552 meo
2552 3510 2691 3551 can·

292 3595 460 3667 dore,
492 3612 609 3670 pro
635 3592 796 3653 meis
824 3590 1083 3665 meritis,
1114 3609 1227 3668 pro
1253 3591 1395 3665 fide,
1425 3611 1541 3669 pro
1568 3610 1779 3650 amore
1819 3609 1980 3668 pene
2004 3591 2293 3665 fraterno,
2328 3589 2407 3651 ab
2436 3589 2693 3652 homine

290 3711 451 3752 cano
492 3694 566 3750 vt
606 3693 882 3767 apparet,
916 3689 1116 3770 nobili
1154 3691 1227 3749 vt
1267 3688 1474 3765 iactat,
1517 3688 1813 3765 religioso
1852 3692 1926 3749 vt
1964 3689 2167 3765 fingit,
2208 3691 2339 3750 tam
2379 3688 2692 3767 insignem
2719 3711 2784 3760 30

291 3787 746 3852 contumeliam
786 3788 1109 3864 expectare
1148 3788 1492 3865 potuissem
1509 3789 1544 3848 *Ρ
1623 3786 1953 3847 Summam
1992 3786 2510 3863 ingratitudinem
2539 3786 2694 3846 iudi·

291 3888 516 3950 cabam
571 3886 846 3948 officium
893 3885 1094 3946 officio
1143 3905 1271 3945 non
1318 3903 1630 3964 reponere.
1719 3885 2019 3963 Legeram
2064 3886 2129 3945 et
2177 3885 2512 3945 hominum
2560 3904 2693 3945 esse

293 4006 496 4068 genus
536 4004 697 4063 quos
736 3984 939 4046 tutius
983 3986 1148 4045 esset
1197 3983 1529 4045 offendisse
1570 4002 1763 4061 quam
1810 3983 2026 4045 officiis
2074 3983 2464 4044 demeruisse.
2550 3982 2694 4042 Non

292 4084 644 4157 credebam,
701 4083 899 4145 donec
947 4080 1329 4160 experientia
1382 4081 1573 4142 fidem
1628 4081 1796 4155 fecit,
1850 4081 2052 4143 multo
2104 4101 2238 4143 esse
2290 4080 2698 4159 periculosius

298 4184 487 4245 malis
526 4183 688 4244 bene
728 4182 931 4242 facere
971 4199 1159 4259 quam
1200 4178 1383 4241 bonis
1426 4180 1609 4241 male.
1698 4179 1864 4240 Nam
1905 4199 2102 4257 quum
2144 4179 2375 4241 nebulo
2414 4178 2698 4258 ingratis·
2726 4201 2786 4251 35

295 4282 501 4343 simus
539 4280 991 4343 deuinctiorem
1017 4298 1152 4340 soee
1187 4278 1351 4339 mihi
1385 4278 1648 4340 sentiret
1679 4297 1815 4339 esse
1842 4297 2030 4356 quam
2064 4281 2135 4339 vt
2176 4278 2442 4356 gratiam
2473 4278 2701 4338 referre

300 4384 532 4459 posset,
577 4400 616 4440 a
664 4378 869 4440 literis
917 4397 1071 4455 quas
1116 4377 1355 4438 iamdiu
1404 4376 1631 4438 misere
1671 4379 2005 4438 vexauerat
2061 4377 2266 4438 ocium
2320 4376 2443 4437 sibi
2486 4376 2698 4446 sumit,

296 4479 707 4556 studiumque
756 4495 944 4539 omne
991 4477 1117 4537 huc
1166 4475 1463 4537 transfert
1506 4478 1579 4536 vt
1623 4475 1756 4536 suis
1809 4476 2131 4554 nephariis
2176 4474 2703 4538 machinamentis

300 4598 406 4639 me
448 4575 766 4654 perditum
809 4578 949 4636 eat:
993 4594 1180 4653 quem
1220 4577 1552 4654 postquam
1589 4572 1909 4635 laboribus
1946 4574 2166 4635 confici
2207 4592 2384 4651 posse
2419 4573 2705 4649 desperat

1176 4707 1257 4755 37.
1291 4695 1469 4755 posset
1495 4696 1567 4740 P:
1600 4693 1772 4754 possit
1796 4694 1854 4743 Ε.
