3355 5380
193 363 359 449 1523]
723 367 1122 431 ERASMUS
1176 370 1283 432 ΤΟ
1338 370 1569 432 JOHN
1622 370 2075 433 ΒΟΤΖΗΕῙΜ
2544 377 2578 434 3

190 524 342 597 velit,
363 526 821 601 argumentum
842 526 963 586 sibi
981 526 1214 604 deligat
1232 527 1309 587 ad
1332 529 1496 606 quod
1519 530 1742 589 natura
1760 529 1846 589 sit
1864 530 2263 607 compositus,
2284 532 2349 591 et
2370 530 2437 591 in
2461 549 2584 608 quo

193 622 528 701 plurimum
554 623 785 685 valeat.
872 624 1003 691 Mc
1042 626 1211 685 enim
1247 627 1461 687 omnia
1497 631 1849 705 congruunt
1891 629 2201 690 omnibus.
2290 630 2368 690 Id
2405 649 2442 689 a
2479 649 2585 689 me

196 741 507 799 nunquam
551 727 653 782 est
694 724 948 798 factum,
995 724 1101 784 sed
1141 725 1245 785 vel
1286 729 1518 785 temere
1558 725 1751 786 incidi
1793 726 1862 786 in
1903 728 2247 802 materiam,
2294 727 2394 788 vel
2435 728 2584 787 ami·

195 840 399 880 corum
453 821 787 882 affectibus
853 822 1062 899 potius
1131 843 1321 899 quam
1389 843 1528 884 meo
1596 823 1829 884 iudicio
1906 824 2251 902 obsequens
2321 824 2578 902 suscepi.

189 918 560 979 Proximum
609 924 707 980 est
753 923 826 981 vt
875 921 1038 999 quod
1078 921 1396 999 delegeris,
1444 925 1669 983 tractes
1719 925 2015 999 accurate,
2056 923 2163 982 diu
2204 942 2468 1000 premas,
2515 942 2586 983 ac
2616 937 2645 987 5
2759 988 2762 993 ,

187 1017 548 1093 frequenter
574 1019 692 1078 sub
718 1019 938 1079 limam
966 1039 1217 1079 reuoces
1243 1020 1417 1096 prius
1440 1040 1629 1098 quam
1657 1020 1729 1079 in
1754 1021 1959 1080 lucem
1988 1024 2178 1082 exeat.
2255 1021 2389 1097 Ego
2420 1022 2584 1096 quod

188 1115 379 1175 semel
434 1136 765 1193 aggressus
816 1137 976 1191 sum,
1024 1117 1152 1176 fere
1196 1121 1493 1195 perpetuo
1539 1138 1722 1178 cursu
1765 1119 2036 1193 absoluo,
2086 1138 2200 1179 nec
2242 1118 2589 1197 castigandi

184 1213 467 1274 taedium
496 1234 776 1291 vnquam
814 1215 1113 1275 deuorare
1152 1216 1345 1293 potui.
1434 1216 1655 1293 Itaque
1694 1216 1855 1276 mihi
1892 1216 2020 1276 fere
2047 1237 2170 1278 vsu
2195 1216 2387 1291 venit,
2422 1216 2590 1294 quod

186 1311 438 1388 scripsit
478 1313 681 1389 Plato,
713 1318 786 1374 vt
820 1314 966 1391 plus
1001 1314 1154 1374 satis
1189 1333 1524 1390 properans
1560 1317 1627 1374 in
1667 1314 1851 1374 initio
1878 1315 2079 1376 serius
2117 1314 2483 1392 perueniam
2510 1315 2589 1375 ad

188 1412 397 1471 finem.
490 1412 657 1472 Nam
697 1412 1008 1472 seditione
1038 1413 1435 1490 praecipitata
1474 1433 1571 1473 res
1608 1414 1743 1490 ipsa
1783 1432 1885 1472 me
1927 1414 2093 1490 cogit
2133 1432 2587 1491 nonnunquam
2620 1428 2680 1466 10

190 1514 397 1569 totum
432 1530 592 1587 opus
626 1530 664 1569 a
698 1510 900 1586 capite
934 1531 1128 1588 vsque
1170 1513 1246 1572 ad
1283 1512 1513 1572 calcem
1550 1514 1840 1571 retexere.
1927 1511 2200 1572 Proinde
2233 1512 2431 1572 miror
2456 1511 2591 1587 ipse

192 1629 338 1682 esse,
371 1610 745 1685 praesertim
781 1609 900 1670 hoc
928 1613 1060 1669 tam
1091 1611 1334 1671 erudito
1361 1610 1584 1686 seculo,
1618 1609 1724 1688 qui
1753 1612 1968 1671 nostra
1994 1611 2204 1689 legant
2230 1632 2246 1685 ς
2286 1612 2351 1669 et
2376 1614 2588 1670 tamen

192 1727 320 1768 em
360 1708 472 1767 vel
517 1707 678 1768 illud
723 1710 928 1785 arguit
974 1708 1138 1786 quod
1184 1708 1555 1788 typographi
1599 1708 2067 1770 lucubrationes
2107 1711 2358 1769 nostras
2402 1706 2588 1769 toties

192 1807 532 1867 excudunt.

267 1905 397 1965 Sed
425 1906 502 1965 tu
528 1906 658 1965 iam
684 1904 926 1964 dudum
960 1905 1310 1983 catalogum
1338 1908 1637 1983 expectas,
1670 1925 1800 1965 non
1836 1904 2202 1984 apologiam.
2295 1905 2433 1982 Age
2460 1904 2586 1980 fiet,
2623 1920 2681 1972 15

183 2023 255 2063 ac
301 2004 590 2080 primum
635 2003 966 2064 recensebo
1008 2024 1162 2081 quae
1205 2004 1480 2064 carmine
1524 2004 1919 2081 scripserim3
1978 2004 2056 2064 ad
2105 2004 2267 2082 quod
2309 2003 2592 2063 studium

186 2123 349 2181 puer
370 2122 548 2162 eram
573 2102 948 2179 propensior,
971 2102 1121 2162 adeo
1139 2105 1211 2161 vt
1237 2122 1417 2180 aegre
1445 2122 1547 2162 me
1568 2103 1986 2163 conuerterim
2015 2103 2094 2163 ad
2123 2101 2594 2162 meditationem

186 2200 496 2261 orationis
551 2200 806 2261 solutae.
893 2199 1021 2259 Nec
1066 2199 1169 2260 hic
1218 2221 1440 2277 parum
1495 2201 1603 2262 diu
1659 2201 1934 2262 luctatus
1981 2220 2142 2277 sum,
2190 2199 2364 2278 prius
2410 2219 2598 2278 quam

190 2300 568 2374 succederet,
603 2299 661 2358 si
694 2298 843 2376 quid
882 2302 1094 2358 tamen
1131 2300 1445 2361 successit.
1535 2299 1801 2360 Nullum
1841 2302 2052 2359 autem
2080 2298 2374 2359 carminis
2401 2318 2599 2376 genus

192 2418 323 2459 non
369 2397 637 2459 tentaui.
725 2397 895 2473 Quae
948 2397 1211 2458 feliciter
1264 2398 1721 2459 interciderunt
1774 2401 1885 2460 aut
1927 2398 2144 2474 latent,
2195 2418 2267 2458 ea
2320 2398 2598 2460 sinemus
2628 2411 2689 2449 20

194 2499 527 2576 quiescere,
602 2517 703 2573 ne,
765 2496 926 2575 quod
997 2497 1215 2558 Graeci
1283 2500 1517 2573 vetant,
1593 2497 1653 2557 εὖ
1722 2498 1969 2575 κείμενον
2035 2499 2204 2558 κακὸν
2271 2499 2596 2575 κινήσωμεν.

196 2596 490 2658 Lutetiae
530 2595 812 2673 primum
853 2595 1050 2671 coepit
1089 2598 1303 2656 nostra
1342 2596 1663 2656 temeritas
1704 2596 1885 2672 prodi
1925 2597 2180 2656 mundo.
2263 2596 2426 2656 Nam
2467 2596 2601 2655 illic

195 2697 481 2757 oeditum
526 2698 622 2755 est
663 2694 741 2754 ab
788 2694 1001 2754 amicis
1041 2714 1292 2754 carmen
1337 2694 1671 2770 heroicum,
1719 2694 1996 2755 admixto
2040 2695 2318 2755 eiusdem
2359 2695 2604 2772 generis

194 2796 568 2856 tetrametro
635 2793 709 2852 ad
781 2793 1081 2852 Faustum
1150 2793 1592 2862 Andrelinum,
1649 2793 1902 2871 quicum
1970 2792 2130 2851 mihi
2197 2795 2336 2853 tum
2390 2812 2605 2852 recens

195 2895 430 2954 coierat
500 2890 811 2952 sodalitas.
915 2891 1156 2950 Rursus
1221 2890 1389 2951 aliud
1458 2889 2042 2967 hendecasyllabum
2110 2891 2187 2952 ad
2257 2890 2603 2951 Robertum
2632 2914 2691 2964 ²5

194 2993 589 3070 Quinum,
638 2990 817 3049 cuius
860 2991 999 3048 tum
1046 2989 1207 3066 apud
1252 2989 1528 3049 Parisios
1571 3008 1701 3048 non
1742 2987 2068 3050 mediocris
2110 2990 2241 3052 erat
2286 2989 2595 3051 autoritas.

194 3089 447 3150 Rursus
488 3086 659 3146 aliud
702 3087 778 3146 ad
829 3087 1114 3162 eundem,
1162 3086 1401 3147 alterne
1449 3087 1664 3146 mixtis
1722 3087 2041 3164 glyconico
2091 3091 2155 3146 et
2203 3087 2595 3164 asclepiadeo,

194 3188 536 3249 Praeterea
573 3205 820 3245 carmen
854 3185 949 3245 De
991 3205 1129 3245 casa
1166 3185 1448 3245 natalitia
1486 3185 1661 3262 pueri
1691 3186 1834 3245 Iesu
1864 3207 1878 3260 ;
1919 3206 2033 3245 nec
2069 3186 2222 3246 satis
2251 3185 2515 3247 memini
2549 3185 2606 3245 si

195 3288 338 3364 quid
401 3287 736 3363 praeterea.
823 3284 1065 3344 Rursus
1118 3283 1272 3343 alias
1324 3284 1671 3345 aedidimus
1727 3284 2286 3360 expostulationem
2333 3285 2478 3345 Iesu
2527 3285 2605 3344 ad

190 3385 536 3445 hominem
566 3386 785 3459 suapte
812 3383 991 3459 culpa
1016 3386 1400 3458 pereuntem.
1459 3383 1581 3442 Sed
1611 3382 1833 3443 multis
1859 3386 2003 3442 ante
2031 3384 2213 3443 annis
2240 3383 2606 3460 scripseram
2634 3408 2696 3456 30

191 3483 581 3561 sapphicum
628 3499 877 3540 carmen
921 3481 998 3540 de
1047 3480 1345 3540 Michaele
1395 3481 1779 3559 archangelo,
1829 3501 1955 3541 non
2005 3484 2243 3558 sponte,
2296 3482 2403 3542 sed
2453 3500 2609 3542 com·

190 3584 425 3658 pulsus
494 3578 783 3656 precibus
853 3578 1176 3638 cuiusdam
1240 3579 1455 3655 magni
1508 3580 1646 3654 viri,
1710 3579 1816 3656 qui
1886 3578 2122 3655 templo
2175 3581 2458 3656 praeerat
2511 3577 2612 3638 cui

191 3679 599 3758 praesidebat
636 3676 940 3750 Michael;
982 3677 1049 3736 in
1092 3697 1212 3755 quo
1249 3697 1442 3754 quum
1484 3676 1572 3736 ita
1612 3677 2009 3753 temperarim
2047 3677 2281 3754 stilum,
2317 3680 2387 3736 vt
2415 3677 2610 3754 possit

192 3780 402 3839 oratio
441 3797 630 3855 prosa
654 3775 869 3849 videri,
904 3779 1118 3835 tamen
1145 3775 1252 3836 ille
1278 3796 1408 3836 non
1434 3795 1624 3836 ausus
1662 3779 1757 3835 est
1784 3776 2043 3853 affigere,
2078 3776 2242 3854 quod
2281 3779 2444 3835 esset
2480 3779 2612 3835 tam

192 3879 547 3953 poeticum,
578 3877 651 3934 vt
694 3875 939 3949 Graece,
973 3875 1499 3951 quemadmodum
1541 3875 1761 3949 aiebat,
1807 3874 2106 3951 scriptum
2146 3873 2344 3934 videri
2385 3876 2607 3951 posset.
2640 3891 2699 3942 35

194 3974 291 4035 Ea
346 3977 492 4035 erat
542 3972 801 4032 illorum
844 3975 1198 4049 temporum
1252 3971 1604 4031 infelicitas.
1694 3971 2023 4049 Quumque
2075 3974 2327 4032 tantum
2381 3972 2614 4032 laboris

194 4071 658 4146 exhausissem,
699 4069 945 4131 reddito
988 4069 1262 4130 carmine
1303 4069 1494 4129 homo
1538 4069 1813 4129 liberalis
1854 4069 2085 4129 obtulit
2123 4071 2453 4148 pecuniam
2493 4091 2617 4149 qua

198 4170 557 4231 sextarium
595 4188 868 4229 emerem
910 4168 1060 4242 vini,
1102 4187 1341 4228 munus
1376 4167 1512 4244 ipso
1549 4171 1838 4244 poemate
1878 4167 2155 4245 dignum.
2240 4167 2361 4245 Egi
2388 4169 2618 4245 gratias

422 4325 473 4360 1.
508 4311 612 4360 sibi
631 4327 725 4360 om.
747 4313 801 4366 β.
997 4326 1080 4359 21.
1113 4313 1304 4360 vetant
1322 4327 1388 4359 a:
1419 4312 1614 4360 vocant
1637 4312 1683 4361 δ.
1879 4325 1960 4372 27·
1994 4312 2031 4364 Β
2052 4327 2066 4360 =
2098 4310 2348 4373 glyconio
2369 4329 2417 4361 α.

267 4509 353 4557 33.
392 4491 665 4557 Πὶώιοὶ]
712 4493 978 4555 Probably
1023 4491 1118 4542 the
1163 4493 1370 4556 priory-
1471 4494 1612 4556 App.
1638 4508 1687 4543 ε.
1754 4493 1858 4542 For
1880 4494 1975 4542 the
2011 4509 2166 4557 poem
2196 4509 2284 4543 see
2310 4494 2404 4558 Ep.
2433 4496 2512 4545 28.
2541 4510 2617 4557 13.

206 4560 419 4609 ebur-ch
461 4557 530 4605 of
552 4559 630 4608 St.
657 4559 935 4607 Richael's
966 4560 1025 4606 at
1059 4558 1220 4614 Hem.
1240 4573 1372 4607 near
1472 4559 1530 4608 It
1592 4574 1704 4608 was
1761 4560 1985 4622 printed
2046 4560 2183 4608 with
2252 4560 2407 4609 those
2470 4575 2618 4610 men-

202 4625 631 4682 Schoenhoven,
664 4624 806 4673 with
838 4623 1023 4673 which
1058 4624 1154 4672 the
1188 4624 1373 4686 priory
1472 4624 1663 4673 tioned
1698 4625 1758 4672 in
1791 4625 1848 4674 ll.
1873 4640 1936 4686 23
1962 4624 2072 4674 and
2101 4640 2163 4685 25
2193 4625 2255 4674 in
2287 4627 2382 4674 the
2415 4631 2480 4675 De
2509 4643 2620 4677 casa

211 4691 267 4741 of
280 4692 470 4754 steyn
495 4703 609 4738 was
637 4689 697 4738 in
726 4690 867 4739 close
886 4690 1205 4738 connexion.
1272 4690 1373 4739 See
1471 4694 1699 4740 natalitia
1720 4691 1840 4757 (Ep.
1869 4693 1985 4756 47);
2019 4705 2106 4740 see
2129 4691 2235 4741 LB.
2261 4706 2311 4743 v.
2344 4706 2482 4753 1321.
