3355 5380
240 370 401 454 1494]
651 373 880 435 FROM
934 374 1337 436 WILLIAM
1382 375 1755 437 HERMAN
1799 376 1906 436 ΤΟ
1946 377 1989 437 J
1993 377 2177 438 OHN
2497 382 2611 437 137

232 531 340 591 fore
364 529 479 591 tibi
506 531 769 607 gratius.
850 531 936 592 Et
963 531 1217 609 quidem
1243 531 1398 593 satis
1425 532 1508 607 id,
1542 533 1707 610 quod
1739 532 1848 593 ille
1877 533 2187 609 monebat,
2219 553 2358 595 mea
2394 537 2617 611 sponte

229 628 494 690 volebam
521 627 696 707 (quid
723 628 895 690 enim
932 630 1095 690 mihi
1123 630 1397 708 optatius
1430 631 1709 692 amicitia
1733 631 1857 691 viri
1891 631 2058 692 docti
2074 632 2129 708 ‘?)
2153 654 2169 706 3
2218 633 2344 707 sed,
2374 632 2620 694 fatebor

228 728 397 804 enim,
437 728 709 790 scribere
749 728 1106 807 suppuduit,
1154 732 1292 790 tum
1335 731 1480 806 quia
1517 732 1729 790 tecum
1774 730 1953 791 nulla
1995 731 2157 791 mihi
2196 734 2329 792 erat
2368 733 2610 807 notitia,

231 830 349 886 tum
375 826 518 905 quia
537 828 705 905 quod
733 826 1066 888 scriberem
1094 846 1225 888 non
1257 827 1582 888 habebam.
1670 828 1818 889 Huc
1853 828 2088 890 accedit
2120 833 2327 889 metus
2364 829 2616 907 quidem

235 945 340 986 non
376 926 587 987 inanis
627 946 830 1004 neque
870 926 1049 999 mihi,
1083 929 1155 986 vt
1193 927 1481 1000 arbitror,
1529 926 2041 988 contemnendus.
2130 926 2407 987 Multum
2445 929 2616 988 enim
2649 942 2705 994 ¹5

232 1024 469 1085 verebar
508 1026 565 1085 si
603 1024 685 1085 ad
725 1026 789 1085 te
829 1024 966 1085 sine
1007 1043 1192 1085 causa
1230 1023 1473 1086 litteras
1514 1025 1849 1101 misissem,
1879 1044 2061 1102 posse
2097 1024 2164 1084 id
2193 1025 2461 1086 adscribi
2489 1044 2617 1086 non

231 1122 312 1198 (vt
335 1124 483 1200 erat)
507 1123 744 1185 amoris
783 1122 1227 1200 magnitudini,
1258 1123 1367 1184 sed
1409 1122 1620 1199 potius
1658 1122 2085 1197 assentationi,
2120 1124 2226 1183 sed
2265 1122 2616 1198 ambitioni,

229 1239 264 1279 a
285 1220 498 1298 quibus
522 1220 703 1284 vitiis
729 1240 842 1298 ego
870 1240 1013 1281 meo
1040 1220 1296 1299 quidem
1324 1219 1555 1282 iudicio
1590 1223 1655 1281 et
1682 1223 1909 1282 natura
1939 1223 2005 1280 et
2030 1220 2268 1280 ratione
2294 1220 2614 1282 abhorreo.

232 1318 336 1381 &d
361 1339 492 1381 non
518 1319 702 1381 licuit
732 1318 895 1378 mihi
932 1338 1062 1380 non
1098 1322 1374 1379 metuere
1415 1340 1497 1380 ne
1532 1320 1827 1398 cuiquam
1864 1319 2040 1379 fieret
2079 1317 2366 1395 suspicio,
2396 1318 2503 1379 vel
2540 1318 2620 1379 ob

229 1418 545 1480 hominum
588 1417 1100 1478 maleuolentiam
1135 1418 1241 1478 vel
1281 1417 1362 1478 ob
1403 1421 1579 1479 tuam
1618 1418 1955 1494 fortunam,
1988 1437 2145 1496 quae
2185 1436 2331 1477 cum
2372 1438 2624 1480 summa
2649 1436 2710 1473 20

231 1536 350 1577 mea
385 1517 711 1595 voluptate
754 1515 903 1577 talis
951 1519 1064 1591 est,
1104 1519 1175 1578 vt
1215 1516 1465 1578 videare
1505 1520 1643 1577 tum
1694 1536 1763 1576 re
1804 1520 1945 1577 tum
1981 1515 2243 1577 consilio
2289 1536 2471 1594 posse
2519 1517 2623 1577 cui

229 1615 367 1677 velis
415 1615 732 1693 prodesse.
839 1613 1009 1675 Vicit
1062 1615 1317 1677 tandem
1371 1634 1549 1676 amor
1601 1615 1921 1692 pudorem,
1978 1613 2131 1676 vicit
2185 1618 2251 1675 et
2301 1615 2614 1677 timorem.

228 1712 448 1788 Scribo,
483 1713 581 1773 nil
618 1712 784 1791 quod
824 1712 1094 1773 scribam
1131 1712 1373 1773 habens
1416 1712 1540 1773 nisi
1582 1733 1686 1773 me
1721 1732 1931 1773 amare
1971 1715 2035 1773 et
2067 1712 2367 1791 cupidum
2402 1714 2516 1776 abs
2556 1717 2624 1774 te

226 1831 427 1874 aman.

296 1912 527 1972 Verum
547 1931 631 1971 ne
653 1911 861 1972 solum
882 1910 948 1971 id
967 1911 1237 1971 scribere
1263 1909 1495 1985 videar,
1514 1913 1579 1971 et
1599 1909 1749 1988 (vt)
1770 1909 2008 1972 diutius
2035 1909 2197 1988 quod
2223 1908 2386 1971 mihi
2413 1909 2625 1971 iucun·
2652 1926 2710 1975 ²5

227 2009 367 2070 dum
399 2013 503 2071 est
540 2012 752 2070 tecum
787 2009 1019 2087 loquar,
1049 2007 1288 2086 aliquid
1324 2007 1631 2083 adiiciam,
1666 2009 1832 2087 quod
1870 2010 2079 2087 ipsum
2113 2012 2330 2069 tamen
2361 2008 2624 2068 omnino

227 2107 299 2167 ab
322 2128 531 2168 amore
558 2106 1001 2183 proficiscatur.
1075 2107 1384 2180 Gratulor,
1415 2105 1509 2165 mi
1537 2105 1872 2182 Iohannes,
1890 2110 1956 2168 et
1976 2108 2380 2168 vehementer
2406 2106 2619 2182 laetor,

229 2204 452 2266 Ducem
494 2204 869 2283 Philippum
904 2205 976 2264 in
1014 2203 1379 2264 liberalibus
1421 2203 1776 2281 disciplinis
1817 2207 1881 2266 te
1922 2203 2020 2265 vti
2060 2203 2374 2281 magistro.
2463 2203 2626 2280 Opto

224 2306 286 2361 et
310 2302 551 2365 confido
571 2323 711 2365 eam
740 2322 873 2363 rem
898 2303 1031 2364 fore
1051 2302 1169 2362 tibi
1189 2321 1421 2380 magno
1445 2302 1587 2363 vsui
1615 2322 1986 2381 summoque
2007 2302 2248 2364 honori.
2331 2301 2628 2362 Gratulor

224 2406 423 2463 autem
465 2404 535 2463 et
572 2401 733 2461 Duci
774 2403 1005 2476 nostro,
1038 2400 1146 2479 qui
1171 2403 1391 2462 nactus
1430 2404 1527 2463 est
1569 2421 1608 2462 a
1650 2421 1776 2479 quo
1815 2401 2116 2480 percipiat
2153 2419 2365 2462 veram
2405 2402 2623 2472 artem,
2654 2415 2717 2466 30

229 2519 362 2576 non,
392 2520 557 2579 quae
583 2499 816 2578 vbique
851 2500 979 2560 fere
1009 2500 1279 2574 docetur,
1313 2519 1551 2560 meram
1584 2499 1951 2561 barbariem.
2042 2499 2233 2560 Fama
2260 2501 2356 2559 est
2386 2499 2629 2560 Ducem

228 2598 466 2677 ingenio
529 2618 664 2659 esse
719 2596 880 2674 miti,
926 2600 992 2659 et
1033 2597 1122 2674 (id
1178 2597 1343 2677 quod
1400 2597 1695 2675 inprimis
1742 2616 2117 2676 generosum
2170 2596 2365 2672 decet)
2419 2615 2630 2657 amare

231 2696 474 2761 litteras.
585 2696 1025 2758 Mediusfidius
1091 2696 1330 2774 gaudeo
1399 2717 1528 2757 non
1596 2697 1785 2758 modo
1847 2697 1944 2757 tui
2003 2715 2200 2770 causa,
2264 2695 2389 2774 qui,
2455 2694 2511 2756 si
2573 2694 2630 2755 is

230 2795 568 2870 profecerit,
617 2795 939 2873 ingentem
995 2795 1200 2872 capies
1245 2795 1515 2870 laudem,
1560 2814 1785 2855 verum
1839 2793 2127 2855 omnium
2180 2796 2468 2854 nostrum
2523 2791 2632 2869 qui

231 2911 564 2970 speramns,
590 2894 647 2954 si
663 2894 979 2955 litteratus
999 2892 1133 2968 erit,
1153 2893 1436 2955 modeste
1456 2913 1605 2954 eum
1620 2896 1685 2954 et
1704 2893 2046 2971 prudenter
2064 2892 2280 2953 omnia
2293 2890 2625 2952 facturum.
2656 2903 2716 2952 35

232 2988 606 3055 Mansuescit
625 2993 796 3052 enim
824 2993 1074 3053 animus
1100 2993 1345 3053 cultura
1370 2991 1727 3053 litterarum
1749 3013 1765 3066 3
1806 3010 1917 3070 per
1941 3011 2046 3052 eas
2074 2990 2285 3065 discet,
2308 2989 2458 3068 quid
2484 2988 2625 3064 sibi,

230 3088 367 3164 quid
393 3091 671 3170 imperet
697 3089 857 3165 aliis,
892 3089 1001 3169 qui
1028 3089 1250 3150 debeat
1280 3109 1417 3150 esse
1452 3091 1521 3149 in
1560 3089 1891 3168 prosperis,
1922 3089 1990 3150 in
2030 3087 2327 3163 aduersis,
2355 3088 2424 3149 in
2464 3107 2628 3164 pace,

229 3186 290 3245 in
326 3187 510 3264 bello,
559 3190 630 3249 in
671 3189 854 3264 ciues,
900 3189 970 3249 in
1025 3188 1252 3250 hostes.
1340 3188 1641 3265 Platonis,
1689 3187 2197 3249 excellentissimi
2250 3186 2628 3265 philosophi,

229 3289 534 3349 sententia
574 3291 672 3348 est
712 3287 1165 3364 rempublicam
1207 3288 1340 3347 fore
1380 3286 1643 3362 beatam,
1689 3287 1746 3348 si
1798 3288 1904 3347 vel
1951 3285 2311 3364 philosophi
2351 3287 2628 3364 regnent,

230 3384 319 3444 vel
355 3406 534 3464 reges
570 3387 728 3447 dent
763 3406 1016 3464 operam
1052 3384 1516 3464 philosophiae:
1559 3385 1875 3463 sapienter
1906 3385 2026 3446 hoc
2062 3384 2262 3458 Plato,
2297 3387 2369 3444 vt
2409 3384 2629 3445 multa.
2657 3397 2723 3447 40

232 3477 529 3563 Exemplo
556 3486 659 3544 est
685 3484 1032 3561 respublica
1058 3485 1355 3558 Romana,
1392 3504 1546 3561 quae
1582 3484 1796 3544 floruit
1824 3504 2021 3561 quum
2056 3483 2277 3545 habuit
2310 3482 2631 3558 litteratos,

232 3579 440 3641 occidit
500 3581 693 3642 bonis
749 3581 990 3643 artibus
1054 3581 1492 3642 occidentibus.
1607 3582 1851 3642 Blande
1904 3581 2224 3643 interdum
2277 3581 2638 3643 adolescens

233 3680 576 3741 monendus
604 3683 719 3755 est,
751 3683 816 3739 et
840 3680 918 3740 ad
951 3699 1230 3740 amonem
1270 3679 1619 3740 litterarum
1657 3679 1860 3758 magis
1894 3679 2217 3758 magisque
2254 3679 2634 3742 excitandus.

234 3773 631 3840 Narrandum
658 3778 759 3838 illi
786 3797 973 3855 quam
999 3777 1334 3855 pulchrum
1362 3777 1447 3838 sit
1472 3777 1745 3856 principi
1772 3797 1905 3839 esse
1931 3778 2204 3854 doctum,
2238 3797 2428 3855 quam
2456 3780 2638 3854 turpe

233 3876 462 3937 tantam
490 3876 898 3937 nobilitatem
925 3895 1053 3937 non
1087 3876 1231 3954 plus
1262 3876 1409 3937 aliis
1442 3895 1671 3954 sapere,
1705 3896 1906 3955 neque
1942 3879 2253 3954 praestare
2286 3876 2639 3938 eruditione
2660 3885 2720 3936 45

232 3973 330 4048 qui
354 3976 612 4052 generis
640 3974 924 4036 claritate
952 3974 1037 4036 sit
1061 3974 1659 4053 praestantissimus.
1747 3975 2066 4036 Profuerit
2099 3975 2293 4036 etiam
2335 3975 2638 4037 disserere

232 4068 299 4130 de
344 4074 586 4135 artium
637 4073 966 4148 suauitate,
1015 4092 1173 4151 quae
1213 4074 1492 4151 profecto
1535 4073 1816 4134 maxima
1862 4076 1976 4148 est,
2019 4076 2158 4133 tum
2206 4074 2638 4135 Romanorum

232 4171 529 4248 omnium,
556 4176 701 4232 tum
729 4171 1078 4233 doctissimi
1104 4171 1269 4250 regis
1289 4170 1486 4231 Iubae
1507 4169 1885 4232 testimonio.
1954 4171 2300 4234 Dictitabat
2320 4170 2386 4252 is'·
2396 4171 2641 4233 litteras

231 4283 356 4328 csse
410 4271 729 4332 dulciores
782 4290 991 4348 regno,
1036 4273 1223 4349 atque
1270 4270 1327 4330 si
1373 4270 1751 4330 alterutrum
1806 4268 1928 4330 sibi
1983 4270 2141 4331 foret
2195 4268 2634 4342 amittendum,

237 4366 416 4427 malle
443 4388 644 4446 regno
683 4388 875 4447 quam
913 4367 1141 4430 litteris
1179 4367 1449 4446 spoliari.
1538 4367 1667 4428 Nec
1709 4386 1813 4428 me
1850 4368 2168 4446 praeterit,
2203 4371 2470 4446 quantae
2511 4366 2640 4428 sint
2667 4373 2730 4423 50

235 4452 510 4541 Principi
530 4466 754 4525 nostro
769 4463 1214 4541 occupationes,
1235 4461 1609 4539 quantulum
1632 4461 1748 4522 otii
1767 4460 1975 4524 studio
2003 4464 2189 4540 queat
2213 4460 2641 4539 suppeditare:

1025 4598 1106 4646 25.
1144 4583 1321 4634 solum
1342 4587 1517 4643 scripsi
1537 4601 1549 4632 ε
1583 4583 1730 4632 solus
1752 4588 1851 4635 ΕΒ.

1090 4701 1171 4763 38.
1212 4699 1486 4764 Platonis]
1511 4704 1621 4761 Rep.
1650 4715 1763 4763 499.

332 4799 490 4831 aun
1409 4805 1447 4846 1„
