<?xml version="1.0" encoding="UTF-8"?>
<!DOCTYPE html PUBLIC "-//W3C//DTD XHTML 1.0 Transitional//EN"
    "http://www.w3.org/TR/xhtml1/DTD/xhtml1-transitional.dtd">
<html xmlns="http://www.w3.org/1999/xhtml" xml:lang="en" lang="en">
 <head>
  <title>
</title>
<meta http-equiv="Content-Type" content="text/html;charset=utf-8" />
  <meta name='ocr-system' content='tesseract 3.04.00' />
  <meta name='ocr-capabilities' content='ocr_page ocr_carea ocr_par ocr_line ocrx_word'/>
</head>
<body>
  <div class='ocr_page' id='page_1' title='image "./opusepistolarum00flowgoog_0394.png"; bbox 0 0 3355 5380; ppageno 0'>
   <div class='ocr_carea' id='block_1_1' title="bbox 680 360 3068 444">
    <p class='ocr_par' dir='ltr' id='par_1_1' title="bbox 680 360 3068 444">
     <span class='ocr_line' id='line_1_1' title="bbox 680 360 3068 444; baseline 0.001 -23"><span class='ocrx_word' id='word_1_1' title='bbox 680 367 797 421; x_wconf 80' lang='lat'><strong>360</strong></span> <span class='ocrx_word' id='word_1_2' title='bbox 1396 360 1776 423; x_wconf 65' lang='lat' dir='ltr'><strong>Lm&#39;rmzs</strong></span> <span class='ocrx_word' id='word_1_3' title='bbox 1829 360 1939 421; x_wconf 70' lang='lat' dir='ltr'><strong>or</strong></span> <span class='ocrx_word' id='word_1_4' title='bbox 1994 360 2394 424; x_wconf 72' lang='lat' dir='ltr'><strong>ERAsnws</strong></span> <span class='ocrx_word' id='word_1_5' title='bbox 2872 360 3068 444; x_wconf 73' lang='lat'><strong>[1591</strong></span> 
     </span>
    </p>
   </div>
   <div class='ocr_carea' id='block_1_2' title="bbox 585 516 3084 3056">
    <p class='ocr_par' dir='ltr' id='par_1_2' title="bbox 673 516 3082 791">
     <span class='ocr_line' id='line_1_2' title="bbox 759 516 3078 596; baseline 0.002 -19"><span class='ocrx_word' id='word_1_6' title='bbox 759 518 1018 579; x_wconf 89' lang='lat' dir='ltr'><strong>Praeter</strong></span> <span class='ocrx_word' id='word_1_7' title='bbox 1041 517 1194 578; x_wconf 84' lang='lat' dir='ltr'><strong>haec</strong></span> <span class='ocrx_word' id='word_1_8' title='bbox 1224 519 1437 578; x_wconf 89' lang='lat' dir='ltr'><strong>autem</strong></span> <span class='ocrx_word' id='word_1_9' title='bbox 1463 516 1613 596; x_wconf 89' lang='lat' dir='ltr'><strong>quid</strong></span> <span class='ocrx_word' id='word_1_10' title='bbox 1639 536 1897 595; x_wconf 90' lang='lat' dir='ltr'><strong>possum</strong></span> <span class='ocrx_word' id='word_1_11' title='bbox 1913 519 1947 578; x_wconf 71' lang='lat'><strong>⁶?</strong></span> <span class='ocrx_word' id='word_1_12' title='bbox 2029 516 2106 578; x_wconf 89' lang='lat' dir='ltr'><strong>Id</strong></span> <span class='ocrx_word' id='word_1_13' title='bbox 2141 517 2198 578; x_wconf 90' lang='lat' dir='ltr'><strong>si</strong></span> <span class='ocrx_word' id='word_1_14' title='bbox 2232 518 2516 579; x_wconf 89' lang='lat' dir='ltr'><strong>nondum</strong></span> <span class='ocrx_word' id='word_1_15' title='bbox 2544 517 2766 580; x_wconf 81' lang='lat' dir='ltr'><strong>adduci</strong></span> <span class='ocrx_word' id='word_1_16' title='bbox 2800 522 2981 596; x_wconf 88' lang='lat' dir='ltr'><strong>potes</strong></span> <span class='ocrx_word' id='word_1_17' title='bbox 3005 524 3078 582; x_wconf 83' lang='lat' dir='ltr'><strong>vt</strong></span> 
     </span>
     <span class='ocr_line' id='line_1_3' title="bbox 673 614 3082 693; baseline 0.001 -15"><span class='ocrx_word' id='word_1_18' title='bbox 673 618 903 693; x_wconf 79' lang='lat' dir='ltr'><strong>credas,</strong></span> <span class='ocrx_word' id='word_1_19' title='bbox 936 615 1095 676; x_wconf 86' lang='lat' dir='ltr'><strong>illud</strong></span> <span class='ocrx_word' id='word_1_20' title='bbox 1122 634 1350 693; x_wconf 87' lang='lat' dir='ltr'><strong>quaeso</strong></span> <span class='ocrx_word' id='word_1_21' title='bbox 1385 614 1546 675; x_wconf 88' lang='lat' dir='ltr'><strong>mihi</strong></span> <span class='ocrx_word' id='word_1_22' title='bbox 1581 615 1878 678; x_wconf 75' lang='lat' dir='ltr'><strong>concedas</strong></span> <span class='ocrx_word' id='word_1_23' title='bbox 1913 615 2402 693; x_wconf 83' lang='lat' dir='ltr'><strong>persuadeasque</strong></span> <span class='ocrx_word' id='word_1_24' title='bbox 2433 616 2566 690; x_wconf 87' lang='lat' dir='ltr'><strong>tibi,</strong></span> <span class='ocrx_word' id='word_1_25' title='bbox 2599 637 2703 677; x_wconf 92' lang='lat' dir='ltr'><strong>me</strong></span> <span class='ocrx_word' id='word_1_26' title='bbox 2739 617 2869 679; x_wconf 88' lang='lat' dir='ltr'><strong>iam</strong></span> <span class='ocrx_word' id='word_1_27' title='bbox 2907 638 3082 682; x_wconf 87' lang='lat' dir='ltr'><strong>nunc</strong></span> 
     </span>
     <span class='ocr_line' id='line_1_4' title="bbox 675 712 3079 791; baseline 0.002 -15"><span class='ocrx_word' id='word_1_28' title='bbox 675 717 791 777; x_wconf 91' lang='lat' dir='ltr'><strong>hoc</strong></span> <span class='ocrx_word' id='word_1_29' title='bbox 809 734 944 776; x_wconf 88' lang='lat' dir='ltr'><strong>esse</strong></span> <span class='ocrx_word' id='word_1_30' title='bbox 962 713 1175 776; x_wconf 73' lang='lat' dir='ltr'><strong>animo</strong></span> <span class='ocrx_word' id='word_1_31' title='bbox 1191 713 1598 791; x_wconf 85' lang='lat' dir='ltr'><strong>futurumque</strong></span> <span class='ocrx_word' id='word_1_32' title='bbox 1610 712 1765 775; x_wconf 88' lang='lat' dir='ltr'><strong>dum</strong></span> <span class='ocrx_word' id='word_1_33' title='bbox 1783 713 1935 773; x_wconf 87' lang='lat' dir='ltr'><strong>haec</strong></span> <span class='ocrx_word' id='word_1_34' title='bbox 1956 732 2057 772; x_wconf 92' lang='lat' dir='ltr'><strong>me</strong></span> <span class='ocrx_word' id='word_1_35' title='bbox 2076 712 2371 774; x_wconf 80' lang='lat' dir='ltr'><strong>destituet</strong></span> <span class='ocrx_word' id='word_1_36' title='bbox 2385 713 2682 780; x_wconf 84' lang='lat' dir='ltr'><strong>animula.</strong></span> <span class='ocrx_word' id='word_1_37' title='bbox 2731 715 3079 781; x_wconf 73' lang='lat' dir='ltr'><strong>Fortunam</strong></span> 
     </span>
    </p>

    <p class='ocr_par' dir='ltr' id='par_1_3' title="bbox 593 810 3081 1286">
     <span class='ocr_line' id='line_1_5' title="bbox 593 810 3078 891; baseline 0 -16"><span class='ocrx_word' id='word_1_38' title='bbox 593 832 648 881; x_wconf 78' lang='lat'><strong>25</strong></span> <span class='ocrx_word' id='word_1_39' title='bbox 675 818 986 891; x_wconf 85' lang='lat' dir='ltr'><strong>praestare</strong></span> <span class='ocrx_word' id='word_1_40' title='bbox 1007 832 1134 874; x_wconf 92' lang='lat' dir='ltr'><strong>non</strong></span> <span class='ocrx_word' id='word_1_41' title='bbox 1155 831 1525 889; x_wconf 87' lang='lat' dir='ltr'><strong>possumus;</strong></span> <span class='ocrx_word' id='word_1_42' title='bbox 1564 814 1632 874; x_wconf 84' lang='lat' dir='ltr'><strong>at</strong></span> <span class='ocrx_word' id='word_1_43' title='bbox 1650 811 1822 873; x_wconf 89' lang='lat' dir='ltr'><strong>hunc</strong></span> <span class='ocrx_word' id='word_1_44' title='bbox 1840 810 2128 872; x_wconf 89' lang='lat' dir='ltr'><strong>animum</strong></span> <span class='ocrx_word' id='word_1_45' title='bbox 2148 811 2455 874; x_wconf 87' lang='lat' dir='ltr'><strong>eiusmodi</strong></span> <span class='ocrx_word' id='word_1_46' title='bbox 2491 813 2562 873; x_wconf 89' lang='lat' dir='ltr'><strong>in</strong></span> <span class='ocrx_word' id='word_1_47' title='bbox 2588 817 2653 874; x_wconf 90' lang='lat' dir='ltr'><strong>te</strong></span> <span class='ocrx_word' id='word_1_48' title='bbox 2682 814 2986 891; x_wconf 87' lang='lat' dir='ltr'><strong>polliceor</strong></span> <span class='ocrx_word' id='word_1_49' title='bbox 3006 820 3078 875; x_wconf 87' lang='lat' dir='ltr'><strong>vt</strong></span> 
     </span>
     <span class='ocr_line' id='line_1_6' title="bbox 674 909 3081 986; baseline 0.001 -14"><span class='ocrx_word' id='word_1_50' title='bbox 674 910 839 972; x_wconf 90' lang='lat' dir='ltr'><strong>nulli</strong></span> <span class='ocrx_word' id='word_1_51' title='bbox 856 915 1113 973; x_wconf 90' lang='lat' dir='ltr'><strong>tuorum</strong></span> <span class='ocrx_word' id='word_1_52' title='bbox 1133 910 1218 970; x_wconf 87' lang='lat' dir='ltr'><strong>sit</strong></span> <span class='ocrx_word' id='word_1_53' title='bbox 1238 927 1657 974; x_wconf 73' lang='lat' dir='ltr'><strong>concessurus,</strong></span> <span class='ocrx_word' id='word_1_54' title='bbox 1721 909 2020 971; x_wconf 83' lang='lat' dir='ltr'><strong>Saeuiant</strong></span> <span class='ocrx_word' id='word_1_55' title='bbox 2044 909 2115 970; x_wconf 89' lang='lat' dir='ltr'><strong>in</strong></span> <span class='ocrx_word' id='word_1_56' title='bbox 2135 929 2239 974; x_wconf 89' lang='lat' dir='ltr'><strong>me</strong></span> <span class='ocrx_word' id='word_1_57' title='bbox 2259 930 2399 973; x_wconf 79' lang='lat' dir='ltr'><strong>mea</strong></span> <span class='ocrx_word' id='word_1_58' title='bbox 2421 911 2568 986; x_wconf 81' lang='lat' dir='ltr'><strong>fata,</strong></span> <span class='ocrx_word' id='word_1_59' title='bbox 2591 911 3081 974; x_wconf 73' lang='lat' dir='ltr'><strong>afflictissimum</strong></span> 
     </span>
     <span class='ocr_line' id='line_1_7' title="bbox 675 1007 3079 1088; baseline 0.001 -17"><span class='ocrx_word' id='word_1_60' title='bbox 675 1011 873 1071; x_wconf 82' lang='lat' dir='ltr'><strong>facere</strong></span> <span class='ocrx_word' id='word_1_61' title='bbox 896 1012 1180 1088; x_wconf 76' lang='lat' dir='ltr'><strong>possunt,</strong></span> <span class='ocrx_word' id='word_1_62' title='bbox 1214 1007 1531 1085; x_wconf 84' lang='lat' dir='ltr'><strong>ingratum</strong></span> <span class='ocrx_word' id='word_1_63' title='bbox 1559 1026 1763 1085; x_wconf 90' lang='lat' dir='ltr'><strong>neque</strong></span> <span class='ocrx_word' id='word_1_64' title='bbox 1790 1007 2021 1069; x_wconf 87' lang='lat' dir='ltr'><strong>facient</strong></span> <span class='ocrx_word' id='word_1_65' title='bbox 2062 1027 2264 1086; x_wconf 91' lang='lat' dir='ltr'><strong>neque</strong></span> <span class='ocrx_word' id='word_1_66' title='bbox 2290 1011 2607 1086; x_wconf 88' lang='lat' dir='ltr'><strong>poterunt.</strong></span> <span class='ocrx_word' id='word_1_67' title='bbox 2680 1010 2861 1086; x_wconf 81' lang='lat' dir='ltr'><strong>Quod</strong></span> <span class='ocrx_word' id='word_1_68' title='bbox 2882 1012 2941 1074; x_wconf 89' lang='lat' dir='ltr'><strong>si</strong></span> <span class='ocrx_word' id='word_1_69' title='bbox 2968 1015 3079 1073; x_wconf 82' lang='lat' dir='ltr'><strong>tua</strong></span> 
     </span>
     <span class='ocr_line' id='line_1_8' title="bbox 675 1104 3078 1187; baseline 0.002 -20"><span class='ocrx_word' id='word_1_70' title='bbox 675 1106 1031 1184; x_wconf 78' lang='lat' dir='ltr'><strong>benignitas</strong></span> <span class='ocrx_word' id='word_1_71' title='bbox 1069 1107 1234 1184; x_wconf 89' lang='lat' dir='ltr'><strong>quod</strong></span> <span class='ocrx_word' id='word_1_72' title='bbox 1272 1105 1533 1167; x_wconf 82' lang='lat' dir='ltr'><strong>antehac</strong></span> <span class='ocrx_word' id='word_1_73' title='bbox 1570 1104 1799 1183; x_wconf 79' lang='lat' dir='ltr'><strong>largita</strong></span> <span class='ocrx_word' id='word_1_74' title='bbox 1837 1108 1948 1181; x_wconf 90' lang='lat' dir='ltr'><strong>est,</strong></span> <span class='ocrx_word' id='word_1_75' title='bbox 1992 1105 2061 1170; x_wconf 89' lang='lat' dir='ltr'><strong>id</strong></span> <span class='ocrx_word' id='word_1_76' title='bbox 2100 1106 2256 1168; x_wconf 86' lang='lat' dir='ltr'><strong>satis</strong></span> <span class='ocrx_word' id='word_1_77' title='bbox 2295 1126 2463 1170; x_wconf 87' lang='lat' dir='ltr'><strong>nunc</strong></span> <span class='ocrx_word' id='word_1_78' title='bbox 2503 1111 2701 1185; x_wconf 85' lang='lat' dir='ltr'><strong>putat,</strong></span> <span class='ocrx_word' id='word_1_79' title='bbox 2746 1129 2864 1187; x_wconf 80' lang='lat' dir='ltr'><strong>ego</strong></span> <span class='ocrx_word' id='word_1_80' title='bbox 2903 1131 3078 1185; x_wconf 81' lang='lat' dir='ltr'><strong>vero,</strong></span> 
     </span>
     <span class='ocr_line' id='line_1_9' title="bbox 675 1202 3081 1286; baseline 0.002 -21"><span class='ocrx_word' id='word_1_81' title='bbox 675 1204 936 1266; x_wconf 83' lang='lat' dir='ltr'><strong>Praesul</strong></span> <span class='ocrx_word' id='word_1_82' title='bbox 952 1204 1206 1282; x_wconf 87' lang='lat' dir='ltr'><strong>optime,</strong></span> <span class='ocrx_word' id='word_1_83' title='bbox 1226 1202 1799 1265; x_wconf 84' lang='lat' dir='ltr'><strong>cumulatissimum</strong></span> <span class='ocrx_word' id='word_1_84' title='bbox 1825 1203 2019 1265; x_wconf 84' lang='lat' dir='ltr'><strong>etiam</strong></span> <span class='ocrx_word' id='word_1_85' title='bbox 2034 1204 2423 1280; x_wconf 75' lang='lat' dir='ltr'><strong>existimabo,</strong></span> <span class='ocrx_word' id='word_1_86' title='bbox 2443 1225 2640 1284; x_wconf 88' lang='lat' dir='ltr'><strong>quum</strong></span> <span class='ocrx_word' id='word_1_87' title='bbox 2665 1209 2738 1268; x_wconf 92' lang='lat' dir='ltr'><strong>tu</strong></span> <span class='ocrx_word' id='word_1_88' title='bbox 2763 1209 3081 1286; x_wconf 78' lang='lat' dir='ltr'><strong>permulta</strong></span> 
     </span>
    </p>

    <p class='ocr_par' dir='ltr' id='par_1_4' title="bbox 589 1301 3081 1779">
     <span class='ocr_line' id='line_1_10' title="bbox 589 1301 3080 1388; baseline 0.004 -27"><span class='ocrx_word' id='word_1_89' title='bbox 589 1326 652 1375; x_wconf 81' lang='lat'><strong>30</strong></span> <span class='ocrx_word' id='word_1_90' title='bbox 674 1306 741 1364; x_wconf 88' lang='lat' dir='ltr'><strong>et</strong></span> <span class='ocrx_word' id='word_1_91' title='bbox 778 1306 1002 1382; x_wconf 88' lang='lat' dir='ltr'><strong>sponte</strong></span> <span class='ocrx_word' id='word_1_92' title='bbox 1041 1307 1106 1365; x_wconf 96' lang='lat' dir='ltr'><strong>et</strong></span> <span class='ocrx_word' id='word_1_93' title='bbox 1144 1301 1598 1364; x_wconf 87' lang='lat' dir='ltr'><strong>humanissime</strong></span> <span class='ocrx_word' id='word_1_94' title='bbox 1637 1302 1904 1378; x_wconf 86' lang='lat' dir='ltr'><strong>donaris,</strong></span> <span class='ocrx_word' id='word_1_95' title='bbox 1943 1322 2055 1380; x_wconf 83' lang='lat' dir='ltr'><strong>ego</strong></span> <span class='ocrx_word' id='word_1_96' title='bbox 2096 1304 2545 1382; x_wconf 81' lang='lat' dir='ltr'><strong>promeruerim</strong></span> <span class='ocrx_word' id='word_1_97' title='bbox 2587 1305 2767 1370; x_wconf 88' lang='lat' dir='ltr'><strong>nihil.</strong></span> <span class='ocrx_word' id='word_1_98' title='bbox 2856 1307 3080 1388; x_wconf 80' lang='lat' dir='ltr'><strong>Neque</strong></span> 
     </span>
     <span class='ocr_line' id='line_1_11' title="bbox 676 1399 3079 1482; baseline 0.002 -19"><span class='ocrx_word' id='word_1_99' title='bbox 676 1422 823 1463; x_wconf 81' lang='lat' dir='ltr'><strong>vero</strong></span> <span class='ocrx_word' id='word_1_100' title='bbox 849 1420 991 1462; x_wconf 91' lang='lat' dir='ltr'><strong>sum</strong></span> <span class='ocrx_word' id='word_1_101' title='bbox 1018 1402 1172 1463; x_wconf 85' lang='lat' dir='ltr'><strong>adeo</strong></span> <span class='ocrx_word' id='word_1_102' title='bbox 1197 1401 1425 1463; x_wconf 78' lang='lat' dir='ltr'><strong>rustice</strong></span> <span class='ocrx_word' id='word_1_103' title='bbox 1466 1399 1754 1478; x_wconf 84' lang='lat' dir='ltr'><strong>ingratus</strong></span> <span class='ocrx_word' id='word_1_104' title='bbox 1778 1404 1851 1463; x_wconf 82' lang='lat' dir='ltr'><strong>vt</strong></span> <span class='ocrx_word' id='word_1_105' title='bbox 1887 1400 2039 1478; x_wconf 91' lang='lat' dir='ltr'><strong>quid</strong></span> <span class='ocrx_word' id='word_1_106' title='bbox 2068 1401 2341 1480; x_wconf 81' lang='lat' dir='ltr'><strong>accipere</strong></span> <span class='ocrx_word' id='word_1_107' title='bbox 2378 1418 2520 1466; x_wconf 85' lang='lat' dir='ltr'><strong>mea</strong></span> <span class='ocrx_word' id='word_1_108' title='bbox 2552 1404 2828 1482; x_wconf 73' lang='lat' dir='ltr'><strong>postulet</strong></span> <span class='ocrx_word' id='word_1_109' title='bbox 2866 1425 3079 1474; x_wconf 81' lang='lat' dir='ltr'><strong>neces-</strong></span> 
     </span>
     <span class='ocr_line' id='line_1_12' title="bbox 672 1498 3081 1579; baseline 0.002 -17"><span class='ocrx_word' id='word_1_110' title='bbox 672 1501 842 1576; x_wconf 75' lang='lat' dir='ltr'><strong>sitaS,</strong></span> <span class='ocrx_word' id='word_1_111' title='bbox 875 1500 1199 1578; x_wconf 75' lang='lat' dir='ltr'><strong>respiciam</strong></span> <span class='ocrx_word' id='word_1_112' title='bbox 1227 1502 1436 1577; x_wconf 89' lang='lat' dir='ltr'><strong>potius</strong></span> <span class='ocrx_word' id='word_1_113' title='bbox 1462 1519 1651 1579; x_wconf 89' lang='lat' dir='ltr'><strong>quam</strong></span> <span class='ocrx_word' id='word_1_114' title='bbox 1699 1498 1866 1576; x_wconf 90' lang='lat' dir='ltr'><strong>quod</strong></span> <span class='ocrx_word' id='word_1_115' title='bbox 1898 1501 2141 1576; x_wconf 82' lang='lat' dir='ltr'><strong>praeter</strong></span> <span class='ocrx_word' id='word_1_116' title='bbox 2159 1500 2474 1561; x_wconf 88' lang='lat' dir='ltr'><strong>-meritum</strong></span> <span class='ocrx_word' id='word_1_117' title='bbox 2508 1521 2694 1563; x_wconf 92' lang='lat' dir='ltr'><strong>omne</strong></span> <span class='ocrx_word' id='word_1_118' title='bbox 2723 1522 2939 1567; x_wconf 87' lang='lat' dir='ltr'><strong>meum</strong></span> <span class='ocrx_word' id='word_1_119' title='bbox 2967 1509 3081 1566; x_wconf 83' lang='lat' dir='ltr'><strong>tua</strong></span> 
     </span>
     <span class='ocr_line' id='line_1_13' title="bbox 672 1596 3077 1677; baseline 0.002 -19"><span class='ocrx_word' id='word_1_120' title='bbox 672 1598 1027 1677; x_wconf 79' lang='lat' dir='ltr'><strong>benignitas</strong></span> <span class='ocrx_word' id='word_1_121' title='bbox 1051 1598 1416 1676; x_wconf 85' lang='lat' dir='ltr'><strong>profuderit.</strong></span> <span class='ocrx_word' id='word_1_122' title='bbox 1501 1598 1827 1660; x_wconf 83' lang='lat' dir='ltr'><strong>Postremo</strong></span> <span class='ocrx_word' id='word_1_123' title='bbox 1860 1597 2096 1674; x_wconf 82' lang='lat' dir='ltr'><strong>cogites</strong></span> <span class='ocrx_word' id='word_1_124' title='bbox 2127 1596 2319 1657; x_wconf 81' lang='lat' dir='ltr'><strong>velim</strong></span> <span class='ocrx_word' id='word_1_125' title='bbox 2365 1597 2550 1659; x_wconf 90' lang='lat' dir='ltr'><strong>initio</strong></span> <span class='ocrx_word' id='word_1_126' title='bbox 2577 1599 2917 1663; x_wconf 83' lang='lat' dir='ltr'><strong>Erasmum</strong></span> <span class='ocrx_word' id='word_1_127' title='bbox 2945 1624 3077 1664; x_wconf 88' lang='lat' dir='ltr'><strong>non</strong></span> 
     </span>
     <span class='ocr_line' id='line_1_14' title="bbox 673 1695 3078 1779; baseline 0.002 -23"><span class='ocrx_word' id='word_1_128' title='bbox 673 1697 763 1757; x_wconf 82' lang='lat' dir='ltr'><strong>ita</strong></span> <span class='ocrx_word' id='word_1_129' title='bbox 801 1696 1173 1758; x_wconf 84' lang='lat' dir='ltr'><strong>clementiae</strong></span> <span class='ocrx_word' id='word_1_130' title='bbox 1212 1699 1356 1758; x_wconf 84' lang='lat' dir='ltr'><strong>tuae</strong></span> <span class='ocrx_word' id='word_1_131' title='bbox 1394 1697 1591 1759; x_wconf 83' lang='lat' dir='ltr'><strong>fuisse</strong></span> <span class='ocrx_word' id='word_1_132' title='bbox 1630 1696 1951 1770; x_wconf 75' lang='lat' dir='ltr'><strong>traditum,</strong></span> <span class='ocrx_word' id='word_1_133' title='bbox 1986 1698 2059 1755; x_wconf 82' lang='lat' dir='ltr'><strong>vt</strong></span> <span class='ocrx_word' id='word_1_134' title='bbox 2092 1698 2412 1772; x_wconf 86' lang='lat' dir='ltr'><strong>potentem</strong></span> <span class='ocrx_word' id='word_1_135' title='bbox 2446 1695 2787 1774; x_wconf 87' lang='lat' dir='ltr'><strong>hominem,</strong></span> <span class='ocrx_word' id='word_1_136' title='bbox 2823 1704 2897 1762; x_wconf 81' lang='lat' dir='ltr'><strong>vt</strong></span> <span class='ocrx_word' id='word_1_137' title='bbox 2928 1722 3078 1779; x_wconf 89' lang='lat' dir='ltr'><strong>opu-</strong></span> 
     </span>
    </p>

    <p class='ocr_par' dir='ltr' id='par_1_5' title="bbox 586 1792 3077 2267">
     <span class='ocr_line' id='line_1_15' title="bbox 586 1792 3074 1877; baseline 0.002 -21"><span class='ocrx_word' id='word_1_138' title='bbox 586 1817 646 1867; x_wconf 80' lang='lat'><strong>35</strong></span> <span class='ocrx_word' id='word_1_139' title='bbox 673 1795 937 1870; x_wconf 87' lang='lat' dir='ltr'><strong>lentum,</strong></span> <span class='ocrx_word' id='word_1_140' title='bbox 971 1797 1042 1855; x_wconf 89' lang='lat' dir='ltr'><strong>vt</strong></span> <span class='ocrx_word' id='word_1_141' title='bbox 1080 1813 1312 1872; x_wconf 87' lang='lat' dir='ltr'><strong>magno</strong></span> <span class='ocrx_word' id='word_1_142' title='bbox 1352 1794 1487 1857; x_wconf 92' lang='lat' dir='ltr'><strong>loco</strong></span> <span class='ocrx_word' id='word_1_143' title='bbox 1544 1796 1767 1855; x_wconf 89' lang='lat' dir='ltr'><strong>natum</strong></span> <span class='ocrx_word' id='word_1_144' title='bbox 1820 1793 1963 1870; x_wconf 87' lang='lat' dir='ltr'><strong>(hoc</strong></span> <span class='ocrx_word' id='word_1_145' title='bbox 2004 1792 2177 1853; x_wconf 89' lang='lat' dir='ltr'><strong>enim</strong></span> <span class='ocrx_word' id='word_1_146' title='bbox 2224 1813 2414 1853; x_wconf 91' lang='lat' dir='ltr'><strong>nemo</strong></span> <span class='ocrx_word' id='word_1_147' title='bbox 2458 1794 2579 1872; x_wconf 83' lang='lat' dir='ltr'><strong>ipsi</strong></span> <span class='ocrx_word' id='word_1_148' title='bbox 2620 1796 2929 1877; x_wconf 84' lang='lat' dir='ltr'><strong>largitur),</strong></span> <span class='ocrx_word' id='word_1_149' title='bbox 2962 1802 3074 1861; x_wconf 87' lang='lat' dir='ltr'><strong>sed</strong></span> 
     </span>
     <span class='ocr_line' id='line_1_16' title="bbox 672 1891 3077 1976; baseline 0.001 -21"><span class='ocrx_word' id='word_1_150' title='bbox 672 1899 742 1955; x_wconf 75' lang='lat' dir='ltr'><strong>vt</strong></span> <span class='ocrx_word' id='word_1_151' title='bbox 770 1893 1121 1954; x_wconf 88' lang='lat' dir='ltr'><strong>studiorum</strong></span> <span class='ocrx_word' id='word_1_152' title='bbox 1150 1892 1608 1954; x_wconf 77' lang='lat' dir='ltr'><strong>admiratorem.</strong></span> <span class='ocrx_word' id='word_1_153' title='bbox 1697 1891 1767 1953; x_wconf 86' lang='lat' dir='ltr'><strong>Is&#39;</strong></span> <span class='ocrx_word' id='word_1_154' title='bbox 1791 1910 1962 1954; x_wconf 90' lang='lat' dir='ltr'><strong>nunc</strong></span> <span class='ocrx_word' id='word_1_155' title='bbox 1988 1891 2180 1952; x_wconf 89' lang='lat' dir='ltr'><strong>etiam</strong></span> <span class='ocrx_word' id='word_1_156' title='bbox 2206 1897 2559 1969; x_wconf 87' lang='lat' dir='ltr'><strong>perseuerat</strong></span> <span class='ocrx_word' id='word_1_157' title='bbox 2586 1895 2856 1971; x_wconf 85' lang='lat' dir='ltr'><strong>animus,</strong></span> <span class='ocrx_word' id='word_1_158' title='bbox 2890 1897 3077 1976; x_wconf 84' lang='lat' dir='ltr'><strong>longe</strong></span> 
     </span>
     <span class='ocr_line' id='line_1_17' title="bbox 673 1990 3071 2074; baseline 0.002 -21"><span class='ocrx_word' id='word_1_159' title='bbox 673 2012 865 2070; x_wconf 80' lang='lat' dir='ltr'><strong>quam</strong></span> <span class='ocrx_word' id='word_1_160' title='bbox 892 1991 1018 2051; x_wconf 86' lang='lat' dir='ltr'><strong>fuit</strong></span> <span class='ocrx_word' id='word_1_161' title='bbox 1041 2011 1319 2069; x_wconf 84' lang='lat' dir='ltr'><strong>vnquam</strong></span> <span class='ocrx_word' id='word_1_162' title='bbox 1339 1991 1718 2070; x_wconf 81' lang='lat' dir='ltr'><strong>flagrantior.</strong></span> <span class='ocrx_word' id='word_1_163' title='bbox 1801 1990 1992 2052; x_wconf 89' lang='lat' dir='ltr'><strong>Hunc</strong></span> <span class='ocrx_word' id='word_1_164' title='bbox 2019 1993 2225 2052; x_wconf 81' lang='lat' dir='ltr'><strong>totum</strong></span> <span class='ocrx_word' id='word_1_165' title='bbox 2252 1991 2369 2051; x_wconf 88' lang='lat' dir='ltr'><strong>tibi</strong></span> <span class='ocrx_word' id='word_1_166' title='bbox 2396 1991 2611 2055; x_wconf 88' lang='lat' dir='ltr'><strong>dedico</strong></span> <span class='ocrx_word' id='word_1_167' title='bbox 2638 2014 3071 2074; x_wconf 85' lang='lat' dir='ltr'><strong>consecroque.</strong></span> 
     </span>
     <span class='ocr_line' id='line_1_18' title="bbox 673 2088 3075 2174; baseline 0.001 -23"><span class='ocrx_word' id='word_1_168' title='bbox 673 2093 766 2151; x_wconf 89' lang='lat' dir='ltr'><strong>At</strong></span> <span class='ocrx_word' id='word_1_169' title='bbox 804 2110 842 2150; x_wconf 92' lang='lat' dir='ltr'><strong>o</strong></span> <span class='ocrx_word' id='word_1_170' title='bbox 887 2108 989 2149; x_wconf 90' lang='lat' dir='ltr'><strong>me</strong></span> <span class='ocrx_word' id='word_1_171' title='bbox 1030 2092 1246 2167; x_wconf 86' lang='lat' dir='ltr'><strong>terque</strong></span> <span class='ocrx_word' id='word_1_172' title='bbox 1287 2094 1622 2169; x_wconf 75' lang='lat' dir='ltr'><strong>quaterque</strong></span> <span class='ocrx_word' id='word_1_173' title='bbox 1661 2088 1922 2165; x_wconf 84' lang='lat' dir='ltr'><strong>felicem,</strong></span> <span class='ocrx_word' id='word_1_174' title='bbox 1973 2089 2029 2149; x_wconf 94' lang='lat' dir='ltr'><strong>si</strong></span> <span class='ocrx_word' id='word_1_175' title='bbox 2076 2108 2198 2166; x_wconf 89' lang='lat' dir='ltr'><strong>qua</strong></span> <span class='ocrx_word' id='word_1_176' title='bbox 2242 2109 2519 2168; x_wconf 86' lang='lat' dir='ltr'><strong>vnquam</strong></span> <span class='ocrx_word' id='word_1_177' title='bbox 2560 2090 2813 2154; x_wconf 87' lang='lat' dir='ltr'><strong>dabitur</strong></span> <span class='ocrx_word' id='word_1_178' title='bbox 2861 2114 3075 2174; x_wconf 90' lang='lat' dir='ltr'><strong>oppor-</strong></span> 
     </span>
     <span class='ocr_line' id='line_1_19' title="bbox 673 2166 3077 2267; baseline 0.001 -16"><span class='ocrx_word' id='word_1_179' title='bbox 673 2166 913 2251; x_wconf 81' lang='lat' dir='ltr'><strong>tunitas</strong></span> <span class='ocrx_word' id='word_1_180' title='bbox 939 2206 1062 2265; x_wconf 87' lang='lat' dir='ltr'><strong>qua</strong></span> <span class='ocrx_word' id='word_1_181' title='bbox 1086 2186 1256 2248; x_wconf 89' lang='lat' dir='ltr'><strong>hunc</strong></span> <span class='ocrx_word' id='word_1_182' title='bbox 1282 2208 1409 2260; x_wconf 89' lang='lat' dir='ltr'><strong>non</strong></span> <span class='ocrx_word' id='word_1_183' title='bbox 1438 2187 1625 2249; x_wconf 91' lang='lat' dir='ltr'><strong>modo</strong></span> <span class='ocrx_word' id='word_1_184' title='bbox 1654 2207 1783 2248; x_wconf 91' lang='lat' dir='ltr'><strong>non</strong></span> <span class='ocrx_word' id='word_1_185' title='bbox 1810 2186 2129 2264; x_wconf 83' lang='lat' dir='ltr'><strong>ingratum</strong></span> <span class='ocrx_word' id='word_1_186' title='bbox 2155 2187 2482 2265; x_wconf 85' lang='lat' dir='ltr'><strong>declarem,</strong></span> <span class='ocrx_word' id='word_1_187' title='bbox 2510 2189 2616 2249; x_wconf 90' lang='lat' dir='ltr'><strong>sed</strong></span> <span class='ocrx_word' id='word_1_188' title='bbox 2645 2192 3077 2267; x_wconf 73' lang='lat' dir='ltr'><strong>gratism’mum</strong></span> 
     </span>
    </p>

    <p class='ocr_par' dir='ltr' id='par_1_6' title="bbox 585 2283 3084 3056">
     <span class='ocr_line' id='line_1_20' title="bbox 585 2283 3084 2367; baseline 0.004 -25"><span class='ocrx_word' id='word_1_189' title='bbox 585 2308 651 2359; x_wconf 79' lang='lat'><strong>⁴0</strong></span> <span class='ocrx_word' id='word_1_190' title='bbox 674 2285 863 2347; x_wconf 81' lang='lat' dir='ltr'><strong>fuisse</strong></span> <span class='ocrx_word' id='word_1_191' title='bbox 890 2286 1331 2346; x_wconf 89' lang='lat' dir='ltr'><strong>demonstrem.</strong></span> <span class='ocrx_word' id='word_1_192' title='bbox 1400 2284 1527 2347; x_wconf 88' lang='lat' dir='ltr'><strong>Hic</strong></span> <span class='ocrx_word' id='word_1_193' title='bbox 1559 2285 1616 2345; x_wconf 86' lang='lat' dir='ltr'><strong>si</strong></span> <span class='ocrx_word' id='word_1_194' title='bbox 1641 2305 1756 2363; x_wconf 80' lang='lat' dir='ltr'><strong>ego</strong></span> <span class='ocrx_word' id='word_1_195' title='bbox 1776 2284 2057 2345; x_wconf 88' lang='lat' dir='ltr'><strong>studium</strong></span> <span class='ocrx_word' id='word_1_196' title='bbox 2083 2283 2303 2358; x_wconf 66' lang='lat' dir='ltr'><strong>Vllum,</strong></span> <span class='ocrx_word' id='word_1_197' title='bbox 2336 2285 2392 2344; x_wconf 89' lang='lat' dir='ltr'><strong>si</strong></span> <span class='ocrx_word' id='word_1_198' title='bbox 2418 2285 2715 2364; x_wconf 87' lang='lat' dir='ltr'><strong>laborem,</strong></span> <span class='ocrx_word' id='word_1_199' title='bbox 2745 2290 2801 2350; x_wconf 89' lang='lat' dir='ltr'><strong>si</strong></span> <span class='ocrx_word' id='word_1_200' title='bbox 2828 2290 3084 2367; x_wconf 79' lang='lat' dir='ltr'><strong>vigilias</strong></span> 
     </span>
     <span class='ocr_line' id='line_1_21' title="bbox 673 2381 3073 2462; baseline 0.003 -19"><span class='ocrx_word' id='word_1_201' title='bbox 673 2385 832 2446; x_wconf 80' lang='lat' dir='ltr'><strong>vllas</strong></span> <span class='ocrx_word' id='word_1_202' title='bbox 885 2384 1195 2462; x_wconf 82' lang='lat' dir='ltr'><strong>defugero,</strong></span> <span class='ocrx_word' id='word_1_203' title='bbox 1250 2403 1378 2444; x_wconf 90' lang='lat' dir='ltr'><strong>non</strong></span> <span class='ocrx_word' id='word_1_204' title='bbox 1433 2382 1844 2445; x_wconf 89' lang='lat' dir='ltr'><strong>recusauerim</strong></span> <span class='ocrx_word' id='word_1_205' title='bbox 1897 2381 2219 2443; x_wconf 86' lang='lat' dir='ltr'><strong>teterrimo</strong></span> <span class='ocrx_word' id='word_1_206' title='bbox 2278 2382 2397 2443; x_wconf 89' lang='lat' dir='ltr'><strong>isto</strong></span> <span class='ocrx_word' id='word_1_207' title='bbox 2452 2384 2712 2446; x_wconf 89' lang='lat' dir='ltr'><strong>carbone</strong></span> <span class='ocrx_word' id='word_1_208' title='bbox 2766 2387 3073 2451; x_wconf 75' lang='lat' dir='ltr'><strong>denotari.</strong></span> 
     </span>
     <span class='ocr_line' id='line_1_22' title="bbox 671 2479 3073 2561; baseline 0.001 -19"><span class='ocrx_word' id='word_1_209' title='bbox 671 2482 940 2543; x_wconf 88' lang='lat' dir='ltr'><strong>Interim</strong></span> <span class='ocrx_word' id='word_1_210' title='bbox 968 2483 1227 2543; x_wconf 83' lang='lat' dir='ltr'><strong>Erasmo</strong></span> <span class='ocrx_word' id='word_1_211' title='bbox 1253 2486 1362 2543; x_wconf 90' lang='lat' dir='ltr'><strong>tuo</strong></span> <span class='ocrx_word' id='word_1_212' title='bbox 1389 2481 1502 2542; x_wconf 86' lang='lat' dir='ltr'><strong>fias</strong></span> <span class='ocrx_word' id='word_1_213' title='bbox 1535 2500 1643 2542; x_wconf 92' lang='lat' dir='ltr'><strong>oro</strong></span> <span class='ocrx_word' id='word_1_214' title='bbox 1676 2479 2005 2557; x_wconf 89' lang='lat' dir='ltr'><strong>propicius.</strong></span> <span class='ocrx_word' id='word_1_215' title='bbox 2092 2479 2269 2554; x_wconf 79' lang='lat' dir='ltr'><strong>Quod</strong></span> <span class='ocrx_word' id='word_1_216' title='bbox 2298 2481 2353 2540; x_wconf 88' lang='lat' dir='ltr'><strong>si</strong></span> <span class='ocrx_word' id='word_1_217' title='bbox 2387 2500 2513 2542; x_wconf 91' lang='lat' dir='ltr'><strong>non</strong></span> <span class='ocrx_word' id='word_1_218' title='bbox 2542 2481 2818 2561; x_wconf 84' lang='lat' dir='ltr'><strong>impetro,</strong></span> <span class='ocrx_word' id='word_1_219' title='bbox 2850 2487 3073 2546; x_wconf 82' lang='lat' dir='ltr'><strong>tamen</strong></span> 
     </span>
     <span class='ocr_line' id='line_1_23' title="bbox 672 2578 3073 2666; baseline 0.001 -23"><span class='ocrx_word' id='word_1_220' title='bbox 672 2602 785 2661; x_wconf 83' lang='lat' dir='ltr'><strong>ego</strong></span> <span class='ocrx_word' id='word_1_221' title='bbox 839 2585 1172 2661; x_wconf 81' lang='lat' dir='ltr'><strong>patronum</strong></span> <span class='ocrx_word' id='word_1_222' title='bbox 1218 2580 1318 2642; x_wconf 82' lang='lat' dir='ltr'><strong>vel</strong></span> <span class='ocrx_word' id='word_1_223' title='bbox 1373 2580 1695 2641; x_wconf 83' lang='lat' dir='ltr'><strong>infensum</strong></span> <span class='ocrx_word' id='word_1_224' title='bbox 1742 2597 1951 2639; x_wconf 86' lang='lat' dir='ltr'><strong>amare</strong></span> <span class='ocrx_word' id='word_1_225' title='bbox 2005 2578 2409 2655; x_wconf 82' lang='lat' dir='ltr'><strong>venerarique</strong></span> <span class='ocrx_word' id='word_1_226' title='bbox 2466 2600 2595 2666; x_wconf 85' lang='lat' dir='ltr'><strong>non</strong></span> <span class='ocrx_word' id='word_1_227' title='bbox 2646 2580 2941 2657; x_wconf 82' lang='lat' dir='ltr'><strong>desinam,</strong></span> <span class='ocrx_word' id='word_1_228' title='bbox 2995 2602 3073 2645; x_wconf 78' lang='lat' dir='ltr'><strong>ac</strong></span> 
     </span>
     <span class='ocr_line' id='line_1_24' title="bbox 671 2675 3071 2760; baseline 0 -18"><span class='ocrx_word' id='word_1_229' title='bbox 671 2680 1133 2760; x_wconf 84' lang='lat' dir='ltr'><strong>sycophanticis</strong></span> <span class='ocrx_word' id='word_1_230' title='bbox 1152 2680 1290 2741; x_wconf 86' lang='lat' dir='ltr'><strong>istis</strong></span> <span class='ocrx_word' id='word_1_231' title='bbox 1308 2679 1418 2758; x_wconf 92' lang='lat' dir='ltr'><strong>qui</strong></span> <span class='ocrx_word' id='word_1_232' title='bbox 1437 2676 1885 2751; x_wconf 85' lang='lat' dir='ltr'><strong>nosdirimunt,</strong></span> <span class='ocrx_word' id='word_1_233' title='bbox 1906 2675 2235 2755; x_wconf 87' lang='lat' dir='ltr'><strong>praecabor</strong></span> <span class='ocrx_word' id='word_1_234' title='bbox 2254 2699 2409 2756; x_wconf 87' lang='lat' dir='ltr'><strong>quae</strong></span> <span class='ocrx_word' id='word_1_235' title='bbox 2426 2677 2663 2742; x_wconf 80' lang='lat' dir='ltr'><strong>talibus</strong></span> <span class='ocrx_word' id='word_1_236' title='bbox 2682 2679 2869 2759; x_wconf 80' lang='lat' dir='ltr'><strong>digna</strong></span> <span class='ocrx_word' id='word_1_237' title='bbox 2893 2684 3071 2743; x_wconf 86' lang='lat' dir='ltr'><strong>sunt.</strong></span> 
     </span>
     <span class='ocr_line' id='line_1_25' title="bbox 586 2775 3082 2859; baseline 0.002 -20"><span class='ocrx_word' id='word_1_238' title='bbox 586 2804 648 2852; x_wconf 78' lang='lat'><strong>⁴5</strong></span> <span class='ocrx_word' id='word_1_239' title='bbox 755 2782 945 2857; x_wconf 87' lang='lat' dir='ltr'><strong>Apud</strong></span> <span class='ocrx_word' id='word_1_240' title='bbox 974 2800 1148 2840; x_wconf 88' lang='lat' dir='ltr'><strong>meos</strong></span> <span class='ocrx_word' id='word_1_241' title='bbox 1179 2780 1247 2841; x_wconf 89' lang='lat' dir='ltr'><strong>in</strong></span> <span class='ocrx_word' id='word_1_242' title='bbox 1282 2777 1623 2840; x_wconf 85' lang='lat' dir='ltr'><strong>Hollandia</strong></span> <span class='ocrx_word' id='word_1_243' title='bbox 1651 2775 1801 2859; x_wconf 88' lang='lat' dir='ltr'><strong>plus</strong></span> <span class='ocrx_word' id='word_1_244' title='bbox 1836 2794 2118 2836; x_wconf 88' lang='lat' dir='ltr'><strong>mensem</strong></span> <span class='ocrx_word' id='word_1_245' title='bbox 2155 2795 2297 2836; x_wconf 90' lang='lat' dir='ltr'><strong>sum</strong></span> <span class='ocrx_word' id='word_1_246' title='bbox 2324 2780 2627 2840; x_wconf 82' lang='lat' dir='ltr'><strong>versatus.</strong></span> <span class='ocrx_word' id='word_1_247' title='bbox 2714 2779 2808 2841; x_wconf 89' lang='lat' dir='ltr'><strong>Iis</strong></span> <span class='ocrx_word' id='word_1_248' title='bbox 2840 2780 3082 2858; x_wconf 81' lang='lat' dir='ltr'><strong>placuit</strong></span> 
     </span>
     <span class='ocr_line' id='line_1_26' title="bbox 675 2874 3080 2956; baseline 0.001 -16"><span class='ocrx_word' id='word_1_249' title='bbox 675 2883 745 2940; x_wconf 80' lang='lat' dir='ltr'><strong>vt</strong></span> <span class='ocrx_word' id='word_1_250' title='bbox 781 2899 1018 2940; x_wconf 80' lang='lat' dir='ltr'><strong>annum</strong></span> <span class='ocrx_word' id='word_1_251' title='bbox 1049 2878 1240 2939; x_wconf 87' lang='lat' dir='ltr'><strong>etiam</strong></span> <span class='ocrx_word' id='word_1_252' title='bbox 1276 2876 1500 2938; x_wconf 88' lang='lat' dir='ltr'><strong>studiis</strong></span> <span class='ocrx_word' id='word_1_253' title='bbox 1537 2874 1899 2953; x_wconf 87' lang='lat' dir='ltr'><strong>impartiam</strong></span> <span class='ocrx_word' id='word_1_254' title='bbox 1924 2896 1939 2947; x_wconf 90' lang='lat'>;</span> <span class='ocrx_word' id='word_1_255' title='bbox 1982 2893 2095 2934; x_wconf 90' lang='lat' dir='ltr'><strong>suo</strong></span> <span class='ocrx_word' id='word_1_256' title='bbox 2132 2895 2377 2952; x_wconf 91' lang='lat' dir='ltr'><strong>quoque</strong></span> <span class='ocrx_word' id='word_1_257' title='bbox 2414 2878 2676 2937; x_wconf 88' lang='lat' dir='ltr'><strong>nomine</strong></span> <span class='ocrx_word' id='word_1_258' title='bbox 2701 2879 3080 2956; x_wconf 87' lang='lat' dir='ltr'><strong>pudendum</strong></span> 
     </span>
     <span class='ocr_line' id='line_1_27' title="bbox 672 2972 3083 3056; baseline 0.001 -19"><span class='ocrx_word' id='word_1_259' title='bbox 672 2981 917 3056; x_wconf 85' lang='lat' dir='ltr'><strong>putant,</strong></span> <span class='ocrx_word' id='word_1_260' title='bbox 943 2977 1000 3038; x_wconf 92' lang='lat' dir='ltr'><strong>si</strong></span> <span class='ocrx_word' id='word_1_261' title='bbox 1019 2980 1118 3038; x_wconf 90' lang='lat' dir='ltr'><strong>tot</strong></span> <span class='ocrx_word' id='word_1_262' title='bbox 1137 2975 1322 3037; x_wconf 87' lang='lat' dir='ltr'><strong>annis</strong></span> <span class='ocrx_word' id='word_1_263' title='bbox 1348 2974 1512 3035; x_wconf 89' lang='lat' dir='ltr'><strong>nihil</strong></span> <span class='ocrx_word' id='word_1_264' title='bbox 1538 2973 1798 3034; x_wconf 90' lang='lat' dir='ltr'><strong>omnino</strong></span> <span class='ocrx_word' id='word_1_265' title='bbox 1823 2972 2173 3033; x_wconf 84' lang='lat' dir='ltr'><strong>autoritatis</strong></span> <span class='ocrx_word' id='word_1_266' title='bbox 2197 2977 2511 3035; x_wconf 86' lang='lat' dir='ltr'><strong>assecutus</strong></span> <span class='ocrx_word' id='word_1_267' title='bbox 2537 2980 2835 3039; x_wconf 83' lang='lat' dir='ltr'><strong>reuertar.</strong></span> <span class='ocrx_word' id='word_1_268' title='bbox 2907 2978 3083 3040; x_wconf 82' lang='lat' dir='ltr'><strong>Bene</strong></span> 
     </span>
    </p>
   </div>
   <div class='ocr_carea' id='block_1_3' title="bbox 675 3070 2694 3257">
    <p class='ocr_par' dir='ltr' id='par_1_7' title="bbox 675 3070 2694 3257">
     <span class='ocr_line' id='line_1_28' title="bbox 675 3070 2188 3151; baseline -0.003 -14"><span class='ocrx_word' id='word_1_269' title='bbox 675 3077 830 3151; x_wconf 80' lang='lat' dir='ltr'><strong>vale,</strong></span> <span class='ocrx_word' id='word_1_270' title='bbox 863 3074 1320 3136; x_wconf 88' lang='lat' dir='ltr'><strong>humanissime</strong></span> <span class='ocrx_word' id='word_1_271' title='bbox 1360 3072 1875 3149; x_wconf 88' lang='lat' dir='ltr'><strong>ornatissimeque</strong></span> <span class='ocrx_word' id='word_1_272' title='bbox 1913 3070 2188 3133; x_wconf 87' lang='lat' dir='ltr'><strong>Praesul.</strong></span> 
     </span>
     <span class='ocr_line' id='line_1_29' title="bbox 756 3166 2694 3257; baseline -0.001 -24"><span class='ocrx_word' id='word_1_273' title='bbox 756 3174 854 3233; x_wconf 85' lang='lat' dir='ltr'><strong>Ex</strong></span> <span class='ocrx_word' id='word_1_274' title='bbox 886 3173 1232 3234; x_wconf 86' lang='lat' dir='ltr'><strong>Tornehen.</strong></span> <span class='ocrx_word' id='word_1_275' title='bbox 1316 3172 1548 3248; x_wconf 79' lang='lat' dir='ltr'><strong>Quarto</strong></span> <span class='ocrx_word' id='word_1_276' title='bbox 1577 3170 1733 3231; x_wconf 91' lang='lat' dir='ltr'><strong>Idus</strong></span> <span class='ocrx_word' id='word_1_277' title='bbox 1762 3169 1976 3232; x_wconf 86' lang='lat' dir='ltr'><strong>Iulias.</strong></span> <span class='ocrx_word' id='word_1_278' title='bbox 2067 3166 2197 3250; x_wconf 72' lang='lat' dir='ltr'><strong>[AN.</strong></span> <span class='ocrx_word' id='word_1_279' title='bbox 2234 3190 2298 3231; x_wconf 75' lang='grc'><strong>11.</strong></span> <span class='ocrx_word' id='word_1_280' title='bbox 2315 3167 2694 3257; x_wconf 55' lang='lat' dir='ltr'><strong>coccineus]</strong></span> 
     </span>
    </p>
   </div>
   <div class='ocr_carea' id='block_1_4' title="bbox 745 3344 2954 3528">
    <p class='ocr_par' dir='ltr' id='par_1_8' title="bbox 745 3344 2954 3528">
     <span class='ocr_line' id='line_1_30' title="bbox 1299 3344 2422 3445; baseline 0 -11"><span class='ocrx_word' id='word_1_281' title='bbox 1299 3372 1468 3445; x_wconf 67' lang='grc'><strong>155.</strong></span> <span class='ocrx_word' id='word_1_282' title='bbox 1554 3370 1653 3433; x_wconf 88' lang='lat' dir='ltr'><strong>To</strong></span> <span class='ocrx_word' id='word_1_283' title='bbox 1698 3367 1889 3433; x_wconf 70' lang='lat' dir='ltr'><strong>Jonn</strong></span> <span class='ocrx_word' id='word_1_284' title='bbox 1923 3344 2019 3431; x_wconf 46' lang='lat' dir='ltr'><strong>‘or</strong></span> <span class='ocrx_word' id='word_1_285' title='bbox 2064 3358 2422 3434; x_wconf 70' lang='lat' dir='ltr'><strong>BansssL&#39;S.</strong></span> 
     </span>
     <span class='ocr_line' id='line_1_31' title="bbox 745 3455 2954 3528; baseline 0.001 -17"><span class='ocrx_word' id='word_1_286' title='bbox 745 3459 995 3528; x_wconf 78' lang='lat' dir='ltr'><strong>Farrago</strong></span> <span class='ocrx_word' id='word_1_287' title='bbox 1018 3473 1076 3527; x_wconf 88' lang='lat' dir='ltr'><strong>p.</strong></span> <span class='ocrx_word' id='word_1_288' title='bbox 1104 3471 1230 3525; x_wconf 79' lang='lat'><strong>274.</strong></span> <span class='ocrx_word' id='word_1_289' title='bbox 2570 3455 2954 3513; x_wconf 84' lang='lat' dir='ltr'><strong>Toumehem.</strong></span> 
     </span>
    </p>
   </div>
   <div class='ocr_carea' id='block_1_5' title="bbox 703 3541 3053 3851">
    <p class='ocr_par' dir='ltr' id='par_1_9' title="bbox 703 3541 3053 3851">
     <span class='ocr_line' id='line_1_32' title="bbox 745 3541 3004 3617; baseline 0.003 -21"><span class='ocrx_word' id='word_1_290' title='bbox 745 3544 802 3598; x_wconf 82' lang='lat' dir='ltr'><strong>F.</strong></span> <span class='ocrx_word' id='word_1_291' title='bbox 828 3562 881 3614; x_wconf 89' lang='lat' dir='ltr'><strong>p.</strong></span> <span class='ocrx_word' id='word_1_292' title='bbox 910 3558 1044 3615; x_wconf 77' lang='lat'>391³</span> <span class='ocrx_word' id='word_1_293' title='bbox 1083 3542 1221 3599; x_wconf 81' lang='lat' dir='ltr'><strong>HN:</strong></span> <span class='ocrx_word' id='word_1_294' title='bbox 1259 3543 1432 3599; x_wconf 84' lang='lat' dir='ltr'><strong>Lond.</strong></span> <span class='ocrx_word' id='word_1_295' title='bbox 1458 3543 1534 3598; x_wconf 84' lang='lat' dir='ltr'><strong>ix.</strong></span> <span class='ocrx_word' id='word_1_296' title='bbox 1563 3557 1665 3614; x_wconf 80' lang='lat'><strong>25:</strong></span> <span class='ocrx_word' id='word_1_297' title='bbox 1706 3541 1814 3597; x_wconf 86' lang='lat' dir='ltr'><strong>LB.</strong></span> <span class='ocrx_word' id='word_1_298' title='bbox 1845 3555 1927 3613; x_wconf 80' lang='lat'><strong>55.</strong></span> <span class='ocrx_word' id='word_1_299' title='bbox 2519 3558 2580 3599; x_wconf 85' lang='lat'><strong>12</strong></span> <span class='ocrx_word' id='word_1_300' title='bbox 2604 3543 2742 3614; x_wconf 80' lang='lat' dir='ltr'><strong>July</strong></span> <span class='ocrx_word' id='word_1_301' title='bbox 2767 3542 3004 3617; x_wconf 82' lang='lat'><strong>(1501).</strong></span> 
     </span>
     <span class='ocr_line' id='line_1_33' title="bbox 872 3662 2860 3731; baseline 0.001 -17"><span class='ocrx_word' id='word_1_302' title='bbox 872 3665 1118 3729; x_wconf 77' lang='lat' dir='ltr'><strong>[Plainly</strong></span> <span class='ocrx_word' id='word_1_303' title='bbox 1139 3668 1550 3728; x_wconf 78' lang='lat' dir='ltr'><strong>contemporary</strong></span> <span class='ocrx_word' id='word_1_304' title='bbox 1569 3665 1710 3714; x_wconf 79' lang='lat' dir='ltr'><strong>with</strong></span> <span class='ocrx_word' id='word_1_305' title='bbox 1732 3665 1831 3727; x_wconf 81' lang='lat' dir='ltr'><strong>Ep.</strong></span> <span class='ocrx_word' id='word_1_306' title='bbox 1860 3678 1967 3726; x_wconf 83' lang='lat'><strong>153.</strong></span> <span class='ocrx_word' id='word_1_307' title='bbox 2036 3663 2138 3713; x_wconf 82' lang='lat' dir='ltr'><strong>For</strong></span> <span class='ocrx_word' id='word_1_308' title='bbox 2159 3664 2343 3713; x_wconf 86' lang='lat' dir='ltr'><strong>Canon</strong></span> <span class='ocrx_word' id='word_1_309' title='bbox 2367 3662 2511 3712; x_wconf 81' lang='lat' dir='ltr'><strong>John</strong></span> <span class='ocrx_word' id='word_1_310' title='bbox 2536 3663 2603 3714; x_wconf 85' lang='lat' dir='ltr'><strong>cf.</strong></span> <span class='ocrx_word' id='word_1_311' title='bbox 2628 3666 2726 3726; x_wconf 85' lang='lat' dir='ltr'><strong>Ep.</strong></span> <span class='ocrx_word' id='word_1_312' title='bbox 2747 3666 2860 3731; x_wconf 69' lang='grc' dir='ltr'><strong>δα]</strong></span> 
     </span>
     <span class='ocr_line' id='line_1_34' title="bbox 703 3795 3053 3851; baseline -0.001 -5"><span class='ocrx_word' id='word_1_313' title='bbox 703 3797 1015 3846; x_wconf 76' lang='lat' dir='ltr'>ERASMVS</span> <span class='ocrx_word' id='word_1_314' title='bbox 1058 3797 1133 3844; x_wconf 78' lang='lat' dir='ltr'><strong>M.</strong></span> <span class='ocrx_word' id='word_1_315' title='bbox 1180 3796 1431 3845; x_wconf 74' lang='lat' dir='ltr'><strong>IoANNI</strong></span> <span class='ocrx_word' id='word_1_316' title='bbox 1479 3795 1942 3844; x_wconf 77' lang='lat' dir='ltr'>BRVXELLANO</span> <span class='ocrx_word' id='word_1_317' title='bbox 1990 3795 2207 3844; x_wconf 66' lang='lat' dir='ltr'><strong>amco</strong></span> <span class='ocrx_word' id='word_1_318' title='bbox 2253 3795 2665 3851; x_wconf 72' lang='lat' dir='ltr'><strong>NEVTIQVAM</strong></span> <span class='ocrx_word' id='word_1_319' title='bbox 2711 3798 3053 3850; x_wconf 69' lang='lat' dir='ltr'><strong>VVLGARI.</strong></span> 
     </span>
    </p>
   </div>
   <div class='ocr_carea' id='block_1_6' title="bbox 672 3916 3080 4192">
    <p class='ocr_par' dir='ltr' id='par_1_10' title="bbox 672 3916 3080 4192">
     <span class='ocr_line' id='line_1_35' title="bbox 756 3916 3080 3998; baseline 0.001 -19"><span class='ocrx_word' id='word_1_320' title='bbox 756 3920 894 3980; x_wconf 67' lang='lat' dir='ltr'><strong>Pan</strong></span> <span class='ocrx_word' id='word_1_321' title='bbox 946 3917 1230 3979; x_wconf 81' lang='lat' dir='ltr'><strong>fortunas</strong></span> <span class='ocrx_word' id='word_1_322' title='bbox 1284 3917 1533 3978; x_wconf 88' lang='lat' dir='ltr'><strong>obsecro</strong></span> <span class='ocrx_word' id='word_1_323' title='bbox 1588 3921 1668 3993; x_wconf 89' lang='lat' dir='ltr'><strong>te,</strong></span> <span class='ocrx_word' id='word_1_324' title='bbox 1724 3917 1816 3979; x_wconf 92' lang='lat' dir='ltr'><strong>mi</strong></span> <span class='ocrx_word' id='word_1_325' title='bbox 1869 3916 2308 3979; x_wconf 81' lang='lat' dir='ltr'><strong>candidissime</strong></span> <span class='ocrx_word' id='word_1_326' title='bbox 2364 3918 2650 3994; x_wconf 88' lang='lat' dir='ltr'><strong>Ioannes,</strong></span> <span class='ocrx_word' id='word_1_327' title='bbox 2708 3938 2910 3998; x_wconf 81' lang='lat' dir='ltr'><strong>purga</strong></span> <span class='ocrx_word' id='word_1_328' title='bbox 2970 3940 3080 3981; x_wconf 90' lang='lat' dir='ltr'><strong>me</strong></span> 
     </span>
     <span class='ocr_line' id='line_1_36' title="bbox 672 4014 3079 4096; baseline 0.001 -20"><span class='ocrx_word' id='word_1_329' title='bbox 672 4016 1133 4077; x_wconf 87' lang='lat' dir='ltr'><strong>humanissimo</strong></span> <span class='ocrx_word' id='word_1_330' title='bbox 1159 4014 1395 4093; x_wconf 79' lang='lat' dir='ltr'><strong>hospiti</strong></span> <span class='ocrx_word' id='word_1_331' title='bbox 1425 4019 1810 4094; x_wconf 83' lang='lat' dir='ltr'><strong>patronoque</strong></span> <span class='ocrx_word' id='word_1_332' title='bbox 1838 4035 1994 4091; x_wconf 85' lang='lat' dir='ltr'><strong>meo,</strong></span> <span class='ocrx_word' id='word_1_333' title='bbox 2026 4016 2101 4079; x_wconf 88' lang='lat' dir='ltr'><strong>D.</strong></span> <span class='ocrx_word' id='word_1_334' title='bbox 2124 4014 2387 4091; x_wconf 83' lang='lat' dir='ltr'><strong>Vicario,</strong></span> <span class='ocrx_word' id='word_1_335' title='bbox 2409 4016 2578 4094; x_wconf 91' lang='lat' dir='ltr'><strong>quod</strong></span> <span class='ocrx_word' id='word_1_336' title='bbox 2604 4015 2864 4078; x_wconf 87' lang='lat' dir='ltr'><strong>libellus</strong></span> <span class='ocrx_word' id='word_1_337' title='bbox 2894 4017 3079 4096; x_wconf 86' lang='lat' dir='ltr'><strong>pueri</strong></span> 
     </span>
     <span class='ocr_line' id='line_1_37' title="bbox 673 4112 3079 4192; baseline 0.002 -18"><span class='ocrx_word' id='word_1_338' title='bbox 673 4112 989 4175; x_wconf 89' lang='lat' dir='ltr'><strong>obliuione</strong></span> <span class='ocrx_word' id='word_1_339' title='bbox 1013 4113 1155 4175; x_wconf 90' lang='lat' dir='ltr'><strong>istic</strong></span> <span class='ocrx_word' id='word_1_340' title='bbox 1173 4113 1436 4181; x_wconf 64' lang='lat' dir='ltr'><strong>&gt;relictus</strong></span> <span class='ocrx_word' id='word_1_341' title='bbox 1460 4117 1573 4175; x_wconf 87' lang='lat' dir='ltr'><strong>est.</strong></span> <span class='ocrx_word' id='word_1_342' title='bbox 1670 4113 1774 4174; x_wconf 88' lang='lat' dir='ltr'><strong>Ita</strong></span> <span class='ocrx_word' id='word_1_343' title='bbox 1799 4134 1900 4174; x_wconf 92' lang='lat' dir='ltr'><strong>me</strong></span> <span class='ocrx_word' id='word_1_344' title='bbox 1926 4116 2141 4174; x_wconf 88' lang='lat' dir='ltr'><strong>ament</strong></span> <span class='ocrx_word' id='word_1_345' title='bbox 2165 4115 2375 4192; x_wconf 86' lang='lat' dir='ltr'><strong>superi</strong></span> <span class='ocrx_word' id='word_1_346' title='bbox 2405 4117 2477 4174; x_wconf 84' lang='lat' dir='ltr'><strong>vt</strong></span> <span class='ocrx_word' id='word_1_347' title='bbox 2503 4113 2665 4175; x_wconf 87' lang='lat' dir='ltr'><strong>nihil</strong></span> <span class='ocrx_word' id='word_1_348' title='bbox 2691 4115 2821 4175; x_wconf 86' lang='lat' dir='ltr'><strong>iam</strong></span> <span class='ocrx_word' id='word_1_349' title='bbox 2852 4115 3079 4179; x_wconf 80' lang='lat' dir='ltr'><strong>multis</strong></span> 
     </span>
    </p>
   </div>
   <div class='ocr_carea' id='block_1_7' title="bbox 675 4259 3071 4379">
    <p class='ocr_par' dir='ltr' id='par_1_11' title="bbox 675 4259 3071 4379">
     <span class='ocr_line' id='line_1_38' title="bbox 740 4259 3071 4324; baseline 0.001 -11"><span class='ocrx_word' id='word_1_350' title='bbox 740 4263 849 4313; x_wconf 90' lang='grc'><strong>154.</strong></span> <span class='ocrx_word' id='word_1_351' title='bbox 886 4276 965 4324; x_wconf 79' lang='lat'><strong>32.</strong></span> <span class='ocrx_word' id='word_1_352' title='bbox 1001 4260 1147 4324; x_wconf 84' lang='lat' dir='ltr'><strong>quod</strong></span> <span class='ocrx_word' id='word_1_353' title='bbox 1191 4265 1267 4310; x_wconf 80' lang='lat' dir='ltr'><strong>E:</strong></span> <span class='ocrx_word' id='word_1_354' title='bbox 1315 4259 1448 4322; x_wconf 86' lang='lat' dir='ltr'><strong>quid</strong></span> <span class='ocrx_word' id='word_1_355' title='bbox 1483 4264 1538 4310; x_wconf 74' lang='lat' dir='ltr'><strong>F.</strong></span> <span class='ocrx_word' id='word_1_356' title='bbox 1812 4276 1892 4321; x_wconf 81' lang='grc'><strong>49.</strong></span> <span class='ocrx_word' id='word_1_357' title='bbox 1941 4264 2014 4309; x_wconf 76' lang='lat' dir='ltr'><strong>F:</strong></span> <span class='ocrx_word' id='word_1_358' title='bbox 2045 4260 2331 4310; x_wconf 71' lang='lat' dir='ltr'><strong>&#39;Ponrnehe</strong></span> <span class='ocrx_word' id='word_1_359' title='bbox 2369 4266 2452 4310; x_wconf 85' lang='lat' dir='ltr'><strong>E:</strong></span> <span class='ocrx_word' id='word_1_360' title='bbox 2485 4277 2606 4312; x_wconf 84' lang='lat' dir='ltr'><strong>arce</strong></span> <span class='ocrx_word' id='word_1_361' title='bbox 2640 4260 2978 4314; x_wconf 64' lang='lat' dir='ltr'><strong>&#39;romanensi</strong></span> <span class='ocrx_word' id='word_1_362' title='bbox 3000 4269 3071 4318; x_wconf 78' lang='lat' dir='ltr'><strong>H.</strong></span> 
     </span>
     <span class='ocr_line' id='line_1_39' title="bbox 675 4328 2828 4379; baseline -0.001 -2"><span class='ocrx_word' id='word_1_363' title='bbox 675 4330 786 4379; x_wconf 82' lang='lat'><strong>155.</strong></span> <span class='ocrx_word' id='word_1_364' title='bbox 805 4328 916 4378; x_wconf 83' lang='lat' dir='ltr'><strong>Trr.</strong></span> <span class='ocrx_word' id='word_1_365' title='bbox 953 4341 1188 4377; x_wconf 61' lang='lat' dir='ltr'><strong>xmus</strong></span> <span class='ocrx_word' id='word_1_366' title='bbox 1210 4340 1319 4377; x_wconf 70' lang='lat' dir='ltr'><strong>nor.</strong></span> <span class='ocrx_word' id='word_1_367' title='bbox 1346 4339 1535 4375; x_wconf 65' lang='lat' dir='ltr'><strong>mum</strong></span> <span class='ocrx_word' id='word_1_368' title='bbox 1558 4339 1816 4376; x_wconf 66' lang='lat' dir='ltr'><strong>cmomoo</strong></span> <span class='ocrx_word' id='word_1_369' title='bbox 1838 4340 2180 4376; x_wconf 66' lang='lat' dir='ltr'><strong>anvnuauo</strong></span> <span class='ocrx_word' id='word_1_370' title='bbox 2200 4331 2405 4377; x_wconf 81' lang='lat' dir='ltr'><strong>s.1&gt;.1{.</strong></span> <span class='ocrx_word' id='word_1_371' title='bbox 2488 4342 2534 4377; x_wconf 67' lang='grc' dir='ltr'><strong>ο.</strong></span> <span class='ocrx_word' id='word_1_372' title='bbox 2564 4328 2627 4376; x_wconf 91' lang='lat' dir='ltr'><strong>D.</strong></span> <span class='ocrx_word' id='word_1_373' title='bbox 2649 4343 2739 4378; x_wconf 84' lang='lat' dir='ltr'><strong>om.</strong></span> <span class='ocrx_word' id='word_1_374' title='bbox 2762 4332 2828 4378; x_wconf 85' lang='grc' dir='ltr'><strong>Η.</strong></span> 
     </span>
    </p>
   </div>
   <div class='ocr_carea' id='block_1_8' title="bbox 670 4474 3079 4738">
    <p class='ocr_par' dir='ltr' id='par_1_12' title="bbox 670 4474 3079 4738">
     <span class='ocr_line' id='line_1_40' title="bbox 741 4474 3078 4543; baseline 0.001 -16"><span class='ocrx_word' id='word_1_375' title='bbox 741 4478 851 4527; x_wconf 89' lang='grc'><strong>154.</strong></span> <span class='ocrx_word' id='word_1_376' title='bbox 868 4490 948 4538; x_wconf 82' lang='grc'><strong>45.</strong></span> <span class='ocrx_word' id='word_1_377' title='bbox 977 4476 1100 4540; x_wconf 85' lang='lat' dir='ltr'><strong>plus</strong></span> <span class='ocrx_word' id='word_1_378' title='bbox 1117 4475 1382 4541; x_wconf 76' lang='lat' dir='ltr'><strong>mensem]</strong></span> <span class='ocrx_word' id='word_1_379' title='bbox 1405 4475 1676 4525; x_wconf 79' lang='lat' dir='ltr'><strong>Erasmus·</strong></span> <span class='ocrx_word' id='word_1_380' title='bbox 1690 4475 1815 4525; x_wconf 87' lang='lat' dir='ltr'><strong>esti·</strong></span> <span class='ocrx_word' id='word_1_381' title='bbox 1919 4474 2037 4538; x_wconf 81' lang='lat' dir='ltr'><strong>(Ep.</strong></span> <span class='ocrx_word' id='word_1_382' title='bbox 2091 4476 2221 4537; x_wconf 83' lang='lat'><strong>5.17)</strong></span> <span class='ocrx_word' id='word_1_383' title='bbox 2304 4475 2439 4526; x_wconf 76' lang='lat' dir='ltr'><strong>This</strong></span> <span class='ocrx_word' id='word_1_384' title='bbox 2484 4477 2531 4525; x_wconf 88' lang='lat' dir='ltr'><strong>is</strong></span> <span class='ocrx_word' id='word_1_385' title='bbox 2575 4476 2955 4530; x_wconf 79' lang='lat' dir='ltr'><strong>corroborated</strong></span> <span class='ocrx_word' id='word_1_386' title='bbox 2994 4480 3078 4543; x_wconf 78' lang='lat' dir='ltr'><strong>by</strong></span> 
     </span>
     <span class='ocr_line' id='line_1_41' title="bbox 672 4540 3079 4605; baseline 0.001 -12"><span class='ocrx_word' id='word_1_387' title='bbox 672 4545 846 4593; x_wconf 82' lang='lat' dir='ltr'><strong>matos</strong></span> <span class='ocrx_word' id='word_1_388' title='bbox 890 4542 951 4592; x_wconf 80' lang='lat' dir='ltr'><strong>of</strong></span> <span class='ocrx_word' id='word_1_389' title='bbox 989 4541 1085 4591; x_wconf 88' lang='lat' dir='ltr'><strong>the</strong></span> <span class='ocrx_word' id='word_1_390' title='bbox 1130 4540 1320 4605; x_wconf 80' lang='lat' dir='ltr'><strong>length</strong></span> <span class='ocrx_word' id='word_1_391' title='bbox 1364 4543 1425 4591; x_wconf 80' lang='lat' dir='ltr'><strong>of</strong></span> <span class='ocrx_word' id='word_1_392' title='bbox 1461 4541 1552 4592; x_wconf 85' lang='lat' dir='ltr'><strong>his</strong></span> <span class='ocrx_word' id='word_1_393' title='bbox 1594 4544 1715 4603; x_wconf 81' lang='lat' dir='ltr'><strong>stay</strong></span> <span class='ocrx_word' id='word_1_394' title='bbox 1754 4542 1815 4589; x_wconf 87' lang='lat' dir='ltr'><strong>in</strong></span> <span class='ocrx_word' id='word_1_395' title='bbox 1919 4541 2017 4602; x_wconf 82' lang='lat' dir='ltr'><strong>Ep.</strong></span> <span class='ocrx_word' id='word_1_396' title='bbox 2058 4543 2170 4604; x_wconf 85' lang='lat'><strong>156,</strong></span> <span class='ocrx_word' id='word_1_397' title='bbox 2207 4542 2391 4591; x_wconf 80' lang='lat' dir='ltr'><strong>which</strong></span> <span class='ocrx_word' id='word_1_398' title='bbox 2431 4542 2623 4605; x_wconf 76' lang='lat' dir='ltr'><strong>speaks</strong></span> <span class='ocrx_word' id='word_1_399' title='bbox 2666 4542 2727 4590; x_wconf 80' lang='lat' dir='ltr'><strong>of</strong></span> <span class='ocrx_word' id='word_1_400' title='bbox 2760 4544 2858 4593; x_wconf 85' lang='lat' dir='ltr'><strong>the</strong></span> <span class='ocrx_word' id='word_1_401' title='bbox 2891 4546 3079 4596; x_wconf 77' lang='lat' dir='ltr'><strong>whole</strong></span> 
     </span>
     <span class='ocr_line' id='line_1_42' title="bbox 673 4605 2622 4670; baseline -0.001 -12"><span class='ocrx_word' id='word_1_402' title='bbox 673 4607 914 4659; x_wconf 78' lang='lat' dir='ltr'><strong>Holland</strong></span> <span class='ocrx_word' id='word_1_403' title='bbox 943 4622 1076 4670; x_wconf 74' lang='lat' dir='ltr'><strong>vary</strong></span> <span class='ocrx_word' id='word_1_404' title='bbox 1097 4607 1236 4656; x_wconf 78' lang='lat' dir='ltr'><strong>from</strong></span> <span class='ocrx_word' id='word_1_405' title='bbox 1272 4607 1357 4655; x_wconf 87' lang='lat' dir='ltr'><strong>thi</strong></span> <span class='ocrx_word' id='word_1_406' title='bbox 1340 4622 1386 4656; x_wconf 72' lang='lat' dir='ltr'><strong>is</strong></span> <span class='ocrx_word' id='word_1_407' title='bbox 1415 4609 1474 4657; x_wconf 90' lang='lat' dir='ltr'><strong>to</strong></span> <span class='ocrx_word' id='word_1_408' title='bbox 1498 4611 1612 4667; x_wconf 73' lang='lat' dir='ltr'><strong>plus</strong></span> <span class='ocrx_word' id='word_1_409' title='bbox 1640 4611 1818 4665; x_wconf 74' lang='lat' dir='ltr'><strong>scsqui-</strong></span> <span class='ocrx_word' id='word_1_410' title='bbox 1912 4605 2144 4669; x_wconf 81' lang='lat' dir='ltr'><strong>journey</strong></span> <span class='ocrx_word' id='word_1_411' title='bbox 2165 4620 2224 4655; x_wconf 83' lang='lat' dir='ltr'><strong>as</strong></span> <span class='ocrx_word' id='word_1_412' title='bbox 2240 4622 2357 4666; x_wconf 74' lang='lat' dir='ltr'><strong>peno</strong></span> <span class='ocrx_word' id='word_1_413' title='bbox 2378 4612 2622 4658; x_wconf 66' lang='lat' dir='ltr'><strong>umectus.</strong></span> 
     </span>
     <span class='ocr_line' id='line_1_43' title="bbox 670 4671 2869 4738; baseline 0 -16"><span class='ocrx_word' id='word_1_414' title='bbox 670 4689 874 4723; x_wconf 68' lang='lat' dir='ltr'><strong>mensem</strong></span> <span class='ocrx_word' id='word_1_415' title='bbox 930 4674 1051 4738; x_wconf 83' lang='lat' dir='ltr'><strong>(Ep.</strong></span> <span class='ocrx_word' id='word_1_416' title='bbox 1105 4674 1220 4735; x_wconf 82' lang='grc'><strong>159)</strong></span> <span class='ocrx_word' id='word_1_417' title='bbox 1277 4673 1389 4723; x_wconf 85' lang='lat' dir='ltr'><strong>and</strong></span> <span class='ocrx_word' id='word_1_418' title='bbox 1431 4677 1537 4733; x_wconf 74' lang='lat' dir='ltr'><strong>sere</strong></span> <span class='ocrx_word' id='word_1_419' title='bbox 1585 4676 1819 4722; x_wconf 70' lang='lat' dir='ltr'><strong>bimestres</strong></span> <span class='ocrx_word' id='word_1_420' title='bbox 2050 4671 2378 4737; x_wconf 79' lang='lat' dir='ltr'><strong>Iisplacuit]</strong></span> <span class='ocrx_word' id='word_1_421' title='bbox 2405 4673 2609 4736; x_wconf 54' lang='lat'><strong>01:131»</strong></span> <span class='ocrx_word' id='word_1_422' title='bbox 2639 4686 2751 4736; x_wconf 90' lang='grc'><strong>159</strong></span> <span class='ocrx_word' id='word_1_423' title='bbox 2782 4675 2869 4736; x_wconf 79' lang='grc'><strong>63.</strong></span> 
     </span>
    </p>
   </div>
  </div>
 </body>
</html>
