3355 5380
674 390 750 445 98
1370 384 1749 444 LETTERS
1806 385 1912 445 OF
1969 384 2368 447 ERASMUS
2886 381 3088 467 [1489

582 557 642 606 35
671 540 747 599 de
781 542 846 600 te
887 537 1137 599 texebat
1178 538 1522 614 historiam,
1556 539 1828 619 quidque
1869 542 1939 600 tu
1976 544 2087 601 aut
2130 540 2326 619 egeris
2364 543 2474 601 aut
2507 539 2755 613 dixeris,
2795 540 3084 602 seriatim

671 636 1068 699 memorabat.

752 736 877 797 His
915 736 1122 814 itaque
1167 736 1420 797 delusus
1462 736 1727 816 argutiis
1765 737 2118 816 plurimum
2146 738 2347 799 vereri
2382 738 2555 815 coepi
2594 737 2765 813 (nam
2804 741 2869 798 et
2899 736 2966 798 id
3002 758 3084 799 ex

670 833 844 895 illius
884 834 1281 895 sermonibus
1321 834 1485 895 mihi
1525 835 1736 897 videre
1775 835 2056 913 videbar)
2096 857 2175 897 ne
2217 837 2513 898 carminis
2552 836 2678 898 mei
2727 836 3082 898 rusticitate

670 935 812 993 tuas
831 932 1283 993 eruditissimas
1308 934 1565 1011 (aures)
1592 934 2002 1010 offendissem,
2026 954 2184 996 neue
2211 938 2281 996 tu
2309 936 2612 996 aliorsum
2638 935 2979 1013 accepisses
3008 956 3083 996 ac

579 1051 644 1100 40
670 1050 784 1108 ego
807 1030 1088 1093 feceram.
1178 1031 1420 1093 Deinde
1450 1031 1556 1091 vbi
1584 1035 1833 1094 tantum
1862 1033 2281 1094 interfluxisse
2307 1034 2609 1112 temporis
2635 1034 3078 1111 conspicerem,

668 1148 790 1205 quo
836 1132 906 1190 tu
958 1149 1157 1208 neque
1200 1129 1555 1190 carminum
1605 1151 1801 1209 neque
1846 1131 2174 1192 literarum
2228 1133 2515 1193 redderes
2558 1132 2894 1211 quippiam,
2948 1132 3085 1194 iam

665 1226 829 1305 quod
878 1227 1041 1288 mihi
1085 1231 1229 1289 ante
1277 1229 1706 1305 coniectaram,
1759 1233 1923 1290 certe
1964 1231 2332 1307 persuadere
2381 1232 2568 1311 coepi,
2611 1235 2765 1310 puta
2808 1234 2872 1292 te
2918 1234 3089 1293 meis

666 1325 909 1387 laesum
957 1326 1214 1405 ineptiis
1258 1327 1665 1405 indignusque
1715 1348 1820 1388 eas
1863 1329 2115 1390 duxisse
2164 1329 2393 1407 quibus
2434 1329 2636 1390 vicem
2685 1332 3078 1407 rependeres.

667 1423 787 1483 Sed
817 1443 993 1485 secus
1020 1425 1203 1503 longe
1230 1446 1301 1486 ac
1327 1445 1441 1503 ego
1468 1432 1642 1486 ratus
1669 1446 1844 1487 eram
1885 1448 2019 1488 rem
2047 1432 2253 1488 actam
2279 1449 2414 1489 esse
2440 1428 2678 1507 gaudeo
2703 1428 3074 1507 plurimum.

575 1541 638 1588 45
668 1522 833 1582 Nam
869 1525 933 1583 te
970 1526 1034 1584 et
1071 1544 1321 1584 carmen
1358 1524 1664 1601 accepisse
1706 1527 1959 1603 gaudem
1991 1530 2055 1588 et
2089 1526 2153 1586 id
2196 1547 2323 1587 non
2362 1528 2549 1588 modo
2587 1548 2717 1588 non
2745 1527 3084 1589 offendisse

666 1620 1047 1699 (quanquam
1066 1623 1131 1682 id
1159 1622 1329 1683 haud
1358 1620 1586 1682 iniuria
1614 1625 1985 1702 metuerim),
2011 1644 2230 1685 verum
2258 1626 2452 1686 etiam
2479 1628 2656 1686 tuam
2677 1626 2746 1686 in
2771 1646 2874 1687 me
2897 1627 3085 1687 bene-

669 1719 1015 1779 uolentiam
1054 1720 1461 1782 vehementer
1505 1721 1771 1798 auxisse,
1820 1723 1957 1783 luce
1997 1724 2225 1784 clarius
2267 1725 2589 1803 intelligo;
2651 1728 2868 1803 vtpote
2907 1727 3082 1804 quod

665 1836 797 1876 non
834 1818 1042 1878 solum
1080 1818 1358 1895 probare,
1392 1821 1500 1881 sed
1537 1820 1731 1881 etiam
1767 1820 1846 1880 ad
1888 1821 2333 1882 declarandum
2374 1823 2597 1901 quanti
2632 1822 2789 1884 illud
2817 1823 3080 1907 faceres,

664 1914 794 1975 tuis
848 1915 1376 1993 splendidissimis
1428 1918 1720 1979 versibus
1774 1917 2127 1980 immiscere
2182 1920 2478 1998 dignatus
2545 1941 2629 1983 es,
2744 1920 2923 1981 Facis
2977 1924 3072 1996 tu,

577 2034 641 2082 50
665 2014 916 2075 Corneli
955 2014 1348 2092 amicissime,
1384 2036 1515 2078 non
1556 2016 1808 2095 quidem
1848 2037 1964 2095 pro
2005 2018 2166 2078 meis
2191 2019 2453 2093 meritis,
2486 2020 2593 2080 sed
2622 2039 2739 2097 pro
2765 2019 3081 2098 singulari

663 2116 775 2173 tua
802 2113 1194 2191 ingenueque
1233 2113 1642 2191 humanitate,
1679 2135 1798 2194 qua
1837 2116 2042 2176 aliena
2078 2117 2346 2195 ingenia,
2381 2118 2572 2178 etiam
2609 2118 3077 2196 quantumlibet

663 2232 886 2289 crassa,
918 2212 1219 2273 admirari
1255 2216 1486 2291 tuoque
1527 2215 1835 2275 anteferre
1871 2214 2070 2290 soles;
2113 2217 2224 2276 aut
2263 2220 2429 2276 certe
2469 2217 2745 2293 plurimo
2779 2221 2889 2278 tuo
2925 2238 3082 2297 erga

663 2329 764 2371 me
808 2330 1034 2384 amore,
1085 2331 1207 2389 quo
1259 2331 1333 2372 ea
1388 2331 1626 2391 quoque
1681 2315 1946 2373 venusta
2001 2333 2230 2390 censes,
2289 2315 2520 2392 quibus
2573 2315 2925 2376 venustatis
2977 2319 3079 2375 est

662 2409 869 2484 nihil;
911 2428 1127 2470 caecus
1154 2407 1324 2470 enim
1361 2429 1540 2470 amor
1574 2413 1818 2470 rectum
1847 2410 2043 2471 nescit
2081 2411 2396 2473 iudicium.
2487 2412 2699 2491 Neque
2735 2416 2869 2474 tam
2907 2414 3080 2474 mihi

573 2534 634 2584 55
663 2506 1000 2568 molestum
1056 2507 1177 2568 fuit
1231 2510 1478 2586 praeter
1535 2507 1836 2569 meritum
1903 2512 2228 2587 tantopere
2283 2511 2396 2571 abs
2448 2513 2512 2572 te
2565 2511 2823 2585 laudari,
2881 2532 3079 2590 quam

663 2609 914 2684 gratum
944 2605 1409 2684 iucundumque
1438 2628 1475 2668 a
1503 2610 1682 2668 tanto
1717 2610 1973 2686 tamque
2010 2609 2256 2669 erudito
2291 2609 2429 2670 viro
2467 2630 2595 2671 non
2631 2610 2838 2672 solum
2869 2611 3071 2688 diligi,

661 2725 886 2766 verum
912 2705 1107 2767 etiam
1135 2706 1350 2766 amari.

740 2806 875 2883 Ego
914 2807 1095 2879 certe,
1129 2804 1222 2864 mi
1256 2805 1507 2867 Corneli
1545 2806 1936 2879 suauissime,
1966 2806 2022 2866 si
2057 2806 2205 2885 quid
2241 2807 2402 2867 mihi
2429 2807 2648 2882 credis,
2682 2808 2890 2867 nescio
2917 2808 3074 2885 quid

661 2904 948 2965 omnium
985 2903 1419 2965 vehementius
1453 2908 1665 2983 optare
1701 2905 2015 2983 potuerim
2050 2926 2254 2984 quam,
2284 2908 2358 2965 vt
2385 2904 2697 2983 singulari
2733 2909 2797 2966 te
2823 2926 3075 2984 semper

569 3015 635 3065 60
661 3024 731 3064 ac
776 3002 1049 3081 plurimo
1090 3001 1187 3080 (vt
1230 3003 1494 3080 dignum
1535 3003 1685 3080 fuit)
1712 3022 1922 3064 amore
1960 3005 2322 3082 complexus
2361 3024 2520 3078 sum,
2568 3005 2659 3065 ita
2701 3005 2767 3064 et
2806 3008 2870 3065 te
2904 3005 3074 3065 mihi

659 3101 940 3161 vicissim
995 3102 1238 3162 mutuis
1293 3102 1665 3179 respondere
1719 3101 2063 3163 affectibus.
2149 3104 2374 3180 Itaque
2429 3103 2584 3164 libet
2640 3103 2770 3164 tuis
2830 3104 2909 3164 ad
2965 3123 3073 3165 me

660 3199 869 3259 verbis
894 3199 1008 3273 vti,
1041 3219 1234 3277 eaque
1263 3218 1403 3259 mea
1431 3198 1663 3259 facere:
1714 3199 1809 3259 ‘id
1837 3220 2036 3260 vnum
2065 3200 2296 3262 dixisse
2322 3200 2604 3276 sufficiat,
2638 3202 2932 3263 omnibus
2964 3223 3071 3264 me

659 3297 827 3357 votis
868 3316 1212 3374 exposcere,
1244 3316 1444 3357 vnum
1486 3301 1696 3357 tecum
1734 3297 2148 3359 fraternitatis
2184 3299 2413 3360 habere
2440 3300 2840 3376 consortium,
2870 3321 3070 3363 vnum

657 3397 913 3454 mutuae
954 3393 1416 3455 exercitationis
1472 3394 1755 3456 studium
1813 3415 1883 3456 ac
1937 3417 2137 3457 vnum
2190 3398 2458 3476 denique
2505 3397 2744 3459 solidae
2790 3400 3072 3462 caritatis

567 3507 629 3570 65
658 3492 1173 3554 firmamentum?
1219 3494 1430 3572 Atque
1459 3493 1618 3554 sicut
1644 3493 2095 3557 iucundissimo
2121 3499 2267 3557 tuae
2292 3517 2438 3575 erga
2465 3517 2565 3556 me
2592 3496 3068 3560 beneuolentiae

657 3593 1024 3667 argumento
1052 3610 1127 3651 ex
1158 3592 1316 3652 meis
1352 3592 1601 3670 tuisque
1626 3592 1912 3653 versibus
1937 3613 2136 3654 vnum
2166 3595 2530 3672 compegisti
2564 3594 3065 3674 Apologeticum‚

655 3689 746 3748 ita
784 3688 941 3749 duos
979 3689 1058 3765 (si
1094 3694 1307 3750 tamen
1346 3692 1411 3751 id
1448 3690 1586 3751 fieri
1621 3693 1830 3768 potest
1857 3694 1927 3753 vt
1954 3692 2295 3770 quidquam
2323 3693 2493 3754 inter
2526 3693 2760 3754 amicos
2788 3693 3065 3756 diuisum

656 3784 1059 3862 reperiamus)
1117 3788 1385 3850 duorum
1441 3790 1688 3850 animos
1741 3810 1943 3850 vnum
1999 3791 2231 3851 amoris
2283 3791 2491 3851 mutui
2541 3792 2868 3854 vinculum
2926 3814 3072 3854 con·

657 3886 899 3959 nectat;
939 3890 1028 3963 vt,
1062 3887 1227 3948 sicut
1267 3889 1365 3949 tui
1403 3910 1544 3949 meo
1587 3889 1853 3950 carmini
1892 3891 1960 3950 et
1999 3891 2129 3950 tuis
2169 3890 2298 3951 mei
2334 3890 2559 3951 intexti
2597 3891 2727 3952 sint
2754 3893 3060 3967 versibuS,

566 4010 629 4063 50
655 3984 744 4044 ita
771 3986 836 4044 et
854 3988 1003 4046 tuus
1028 3986 1098 4047 in
1128 4008 1230 4047 me
1259 3991 1321 4048 et
1350 4008 1529 4050 meus
1555 3989 1625 4048 in
1645 3990 1710 4048 te
1738 4008 1985 4065 semper
2011 3987 2254 4048 habitet
2280 3989 2569 4049 animus:
2612 3993 2674 4050 et
2696 3989 2753 4050 si
2780 3991 3068 4051 locorum

654 4082 992 4144 interuallo
1029 4085 1297 4145 seiuncti
1336 4086 1552 4162 simus,
1586 4085 1946 4163 corporibus
1987 4087 2187 4146 rarius
2225 4106 2413 4164 quam
2448 4088 2735 4148 volemus
2771 4108 2897 4149 vna
2929 4109 3067 4150 esse

656 4181 1014 4259 poterimus,
1065 4182 1423 4245 animorum
1466 4188 1676 4245 tamen
1732 4185 2182 4259 coniunctione,
2235 4185 2562 4246 literarum
2604 4186 3063 4262 vicissitudine,

655 4278 994 4340 officiorum
1022 4281 1229 4342 studio
1257 4282 1347 4342 ita
1375 4282 1672 4360 fruemur,
1705 4285 1777 4343 vt
1804 4303 2128 4362 nunquam
2160 4303 2291 4344 non
2317 4304 2442 4344 vna
2470 4304 2605 4345 esse
2631 4285 2980 4345 videamur.

734 4381 953 4456 Porro,
1012 4385 1084 4441 vt
1150 4380 1385 4454 scribis,
1446 4380 1747 4459 quidquid
1817 4381 2143 4456 inuidiam,
2208 4381 2506 4460 quidquid
2573 4383 3064 4445 aemulationem

715 4507 797 4556 39.
834 4508 991 4544 aures
1012 4497 1127 4545 add.
1155 4496 1251 4542 LB.
1435 4508 1516 4554 42.
1554 4493 1922 4543 coniecturam
1950 4492 2035 4544 0¹2
2067 4499 2268 4544 correxi.
2442 4497 2525 4546 60.
2565 4499 2622 4546 te
2644 4499 2739 4546 ΕΒ.
2764 4514 2779 4547 z
2811 4512 2899 4547 me
2925 4494 2996 4547 0¹.

715 4652 796 4698 42.
831 4637 1195 4685 coniectaram
1259 4635 1287 4684 1
1318 4650 1430 4684 owe
1456 4635 1570 4683 this
1604 4650 1801 4684 correc·
1968 4637 2047 4686 61.
2085 4637 2199 4686 tuis
2230 4673 2243 4686 .
2264 4673 2278 4686 .
2308 4673 2323 4687 .
2353 4635 2559 4699 verbis]
2581 4638 2681 4700 Ep.
2714 4652 2790 4698 19.
2821 4650 2968 4699 12-5.

652 4703 771 4751 tion
795 4705 851 4752 to
877 4702 977 4751 ΜΓ.
1003 4702 1088 4752 W.
1112 4702 1174 4751 F.
1246 4737 1259 4750 .
1289 4701 1536 4751 Shilleto.
1967 4716 2045 4763 74.
2085 4705 2145 4750 vt
2167 4703 2382 4767 scribis]
2406 4704 2502 4765 Ep.
2531 4718 2608 4767 ¹9·
2633 4717 2714 4766 35,
2739 4704 2789 4753 6.
