3355 5380
238 362 402 451 ιω]
605 364 937 428 snmus
997 364 1477 430 assumus
1528 367 1636 431 'ro
1691 368 2088 434 ominans
2142 372 2203 432 v
2517 374 2598 431 ss

231 521 462 601 Imperii
488 521 884 583 concordibus
909 522 1277 601 Principum
1302 524 1616 603 suffragiis
1641 530 1947 601 enectum,
1979 526 2157 588 aulae
2183 530 2328 588 tuae
2356 528 2599 591 dicatus

230 621 757 700 honestissimoque
813 620 1010 682 officio
1064 621 1452 685 obstrictus?
1559 622 1792 685 queni
1842 624 2046 685 adhuc
2113 624 2596 688 Institutionem

231 717 505 796 Principis
551 718 887 781 Christiani
932 719 1177 797 parauit
1222 720 1460 782 sanctis
1502 724 1814 784 caeterum
1866 721 2161 783 breuibus
2220 721 2598 833 aphorismis

230 816 725 894 comprehensam,
755 816 1059 907 libellum,
1091 818 1183 879 ita
1220 836 1325 878 me
1357 818 1531 880 Deus
1563 822 1754 894 amet,
1783 818 1855 880 in
1893 839 2016 897 quo
2041 819 2271 881 velut
2249 839 2321 880 ιιι
2347 819 2596 896 speculo

227 913 543 977 destinatus
601 903 990 976 summarum
1046 934 1259 977 rerum
1314 915 1844 979 administrationi
1896 917 2000 979 vel
2054 917 2188 996 ipse
2241 916 2599 980 functiones
2622 932 2719 987 315

227 1012 550 1075 Christiano
603 1013 826 1091 dignas
867 1012 1156 1084 addiscat.
1205 1013 1310 1075 vel
1352 1013 1502 1076 huic
1555 1016 1812 1078 additus
1862 1017 2222 1094 praeceptor
2273 1016 2598 1078 intueatur

224 1112 480 1192 qualibus
504 1112 823 1173 doctrinae
849 1111 1177 1173 elementis
1208 1112 1469 1190 puerilis
1504 1132 1725 1192 regum
1752 1113 2019 1190 animus,
2051 1114 2206 1176 dum
2241 1114 2598 1177 etiamnum

224 1213 371 1270 tener
419 1212 533 1284 est,
586 1209 788 1270 imbui
841 1208 1079 1272 debeat.
1187 1208 1507 1288 Siquidem
1560 1209 1681 1272 hoc
1735 1210 2035 1273 Erasmus
2088 1230 2334 1290 semper
2387 1212 2598 1274 studio

223 1307 428 1383 habuit,
461 1306 921 1368 nobilissimam
946 1306 1357 1370 Austrianam
1393 1307 1721 1384 familiam,
1754 1311 1849 1370 tot
1876 1309 2211 1372 Caesarum
2247 1311 2590 1387 parentem,

221 1407 370 1468 cuius
420 1407 758 1484 imperium
800 1404 911 1466 vix
956 1405 1233 1484 Alpibus
1274 1405 1459 1468 Iuliis
1506 1406 1913 1486 Rheticisque
1958 1410 2021 1470 et
2069 1426 2296 1470 oceano
2350 1411 2597 1486 septen·
2623 1423 2724 1475 3²0

220 1505 442 1567 trionali
514 1504 911 1580 terminatur,
983 1504 1158 1565 omni
1229 1503 1665 1583 obsequiorum
1735 1524 1977 1584 genere,
2048 1525 2206 1584 quae
2272 1506 2597 1570 literarum

219 1605 472 1664 sectatori
526 1603 954 1678 conuenirent,
1011 1602 1230 1663 colere.
1344 1604 1541 1665 Docet
1593 1602 1715 1666 hoc
1769 1603 2195 1683 Panegyricus
2260 1604 2426 1682 patri
2486 1608 2598 1666 tuo

219 1700 486 1779 Philippo
554 1720 634 1762 ex
705 1700 1037 1778 Hispaniis
1087 1701 1297 1763 reduci
1350 1701 1669 1764 exhibitus
1737 1706 1799 1763 et
1866 1702 1946 1764 ab
2015 1702 2233 1764 eodem
2300 1721 2598 1781 perquam

218 1801 471 1859 amanter
494 1801 868 1877 susceptus;
908 1798 1072 1877 quod
1104 1798 1215 1859 ille
1253 1798 1524 1861 officium
1564 1799 1867 1879 singulari
1893 1799 2322 1863 munificentia
2358 1799 2599 1861 censuit

218 1897 710 1975 prosequendum,
772 1901 1074 1976 tanquam
1129 1897 1340 1958 omine
1395 1898 1664 1977 quodam
1719 1898 1884 1959 felici
1950 1899 2195 1976 primus
2262 1898 2599 1961 ostendens
2626 1910 2720 1961 3²5

220 1998 486 2070 quantam
527 1995 689 2056 olim
729 1995 1229 2056 aestimationem
1269 1998 1478 2057 essent
1516 1995 1811 2059 habitura
1850 1996 2040 2058 huius
2079 1996 2200 2057 viri
2241 1995 2488 2076 scripta,
2528 2016 2598 2059 ac

219 2093 438 2152 tantum
462 2113 594 2154 non
622 2092 986 2171 exemplum
1011 2095 1297 2155 statuens
1323 2094 1486 2172 quod
1505 2095 1734 2157 caeteri
1759 2097 2085 2174 magnates
2110 2093 2592 2161 aemularentur.

221 2187 330 2249 Nec
351 2190 524 2252 aliter
547 2190 801 2252 accidit.

287 2285 521 2351 Etenim
542 2289 830 2351 similem
849 2288 1196 2351 multorum
1218 2308 1439 2367 regum
1459 2292 1522 2350 et
1543 2290 1929 2352 Pontificum
1957 2290 2124 2352 Max.
2142 2290 2598 2370 benignitatem

221 2389 477 2464 expertus
518 2392 622 2450 est
671 2387 986 2463 Erasmus,
1031 2390 1103 2449 vt
1150 2390 1326 2450 tuam
1378 2388 1450 2449 in
1488 2388 1729 2466 primis,
1777 2388 2132 2468 Imperator
2176 2391 2480 2468 Auguste,
2526 2392 2600 2451 vt
2625 2402 2724 2452 330

223 2480 562 2547 Perdinandi
598 2504 780 2547 nunc
807 2485 1086 2548 Caesaris
1118 2486 1398 2565 germani
1432 2486 1545 2563 tui,
1576 2489 1648 2549 vt
1685 2486 1995 2550 Henrichi
2031 2486 2397 2550 Britanniae
2436 2489 2602 2568 regis

222 2580 334 2642 eius
378 2584 659 2647 nominis
712 2583 932 2658 octaui,
984 2603 1022 2645 a
1075 2602 1197 2662 quo
1249 2583 1507 2647 viuente
1557 2585 1911 2647 etiamnum
1965 2587 2219 2662 parente
2272 2584 2600 2648 Henricho

221 2680 451 2759 septimo
489 2681 704 2745 literis
742 2682 942 2760 ipsius
981 2701 1177 2744 manu
1215 2682 1464 2761 scriptis
1504 2681 1814 2746 salutatus
1855 2686 1968 2760 est,
2004 2686 2078 2746 vt
2118 2682 2462 2746 Clementis
2501 2703 2600 2748 vn

221 2775 511 2843 Pontificis
551 2781 726 2844 Max.
815 2780 945 2843 Nec
983 2779 1109 2843 alia
1144 2784 1357 2843 mente
1397 2781 1765 2844 Hadrianus
1803 2782 2096 2845 Pontifex
2136 2782 2276 2858 fuit,
2315 2782 2371 2843 si
2410 2801 2602 2843 sacer·

222 2873 428 2940 dotium
453 2879 743 2942 oblatum
780 2878 881 2939 vel
915 2897 1150 2941 munus
1184 2878 1593 2941 honorarium
1627 2880 1933 2942 Erasmus
1966 2880 2242 2958 accipere
2277 2878 2595 2941 voluisset.
2627 2896 2722 2950 335

224 2973 359 3048 Quid
423 2998 611 3056 porro
695 2977 958 3039 Erasmo
1031 2996 1072 3038 a
1138 2976 1464 3039 Francisco
1523 2976 1774 3040 Valesio
1842 2976 2193 3040 Galliarum
2260 2996 2406 3056 rege
2471 2994 2602 3039 non

222 3076 646 3152 expectandum
689 3074 830 3150 fuit,
878 3076 935 3135 si
979 3073 1267 3137 animum
1313 3077 1666 3155 spectemus
1710 3080 1777 3139 et
1821 3075 1969 3155 quid
2019 3075 2087 3137 in
2131 3094 2279 3136 eum
2321 3073 2603 3138 conferre

223 3170 502 3236 voluerit?
562 3172 740 3236 Vnis
766 3175 931 3234 certe
969 3173 1189 3248 literis,
1217 3173 1404 3252 longe
1430 3174 1864 3252 gratissimum
1897 3173 2034 3237 eius
2072 3173 2419 3235 aduentum
2446 3173 2597 3248 fore,

223 3287 314 3331 sua
356 3270 550 3350 ipsius
602 3290 804 3333 manu
859 3270 1246 3332 subscribere
1299 3291 1430 3334 non
1483 3275 1579 3334 est
1627 3272 2018 3351 dedignatus.
2123 3271 2399 3335 Paulum
2454 3291 2602 3333 vero

225 3365 563 3432 Pontificem
611 3368 779 3430 Max.
829 3368 965 3430 eius
1005 3368 1288 3431 nominis
1330 3369 1609 3446 tertium,
1653 3390 1843 3449 quam
1890 3369 2116 3432 virtuti
2158 3372 2224 3431 et
2264 3368 2601 3431 eruditioni
2627 3390 2723 3441 340

227 3461 543 3529 Ensmicae
580 3466 823 3529 iudicio
863 3470 927 3528 et
967 3467 1196 3542 animo,
1225 3469 1360 3528 tam
1400 3468 1592 3529 etiam
1630 3469 1857 3530 effectu
1896 3469 1974 3530 ad
2001 3466 2346 3550 quamlibet
2380 3486 2601 3547 oppor-

225 3563 529 3628 tunitatem
577 3567 798 3627 fauere
850 3565 1044 3628 fuisse
1095 3566 1406 3644 paratum,
1459 3564 1609 3627 inde
1653 3570 1907 3645 apparet
1958 3567 2124 3646 quod
2171 3569 2602 3646 praeterquam

227 3656 291 3718 de
327 3661 578 3725 Erasmo
625 3663 697 3724 in
738 3663 1069 3742 collegium
1110 3662 1542 3726 cardinalium
1585 3665 1930 3743 cooptando
1971 3667 2183 3727 actum
2221 3664 2440 3740 fuerat,
2471 3664 2605 3744 ipse

226 3755 399 3822 eidem
458 3762 960 3842 praeposituram
1028 3762 1550 3825 Dauentriensem
1621 3763 2034 3825 Traiectensis
2098 3762 2374 3838 diocesis,
2448 3781 2604 3842 quae

228 3861 634 3922 sexcentorum
688 3879 1015 3920 aureorum
1070 3859 1344 3921 reditum
1389 3860 1665 3921 tribuere
1713 3861 1957 3936 dicitur,
2008 3861 2175 3923 vltro
2222 3859 2604 3923 obtulerit—
2626 3874 2724 3926 345

230 3950 489 4019 obtuderit
514 3959 778 4020 autem?
812 3957 942 4019 imo
969 3956 1332 4034 contulerit;
1374 3957 1586 4019 literas
1613 3977 1744 4021 non
1772 3959 1980 4020 solum
1997 3957 2394 4036 Apostolicaa
2417 3977 2605 4038 super

230 4067 303 4123 οι,
328 4072 404 4115 ne
435 4055 852 4136 expeditionis
885 4056 1091 4119 taedio
1115 4059 1299 4136 atque
1331 4055 1621 4136 impensa
1653 4055 2026 4119 beneficium
2060 4057 2600 4131 comminueretur,

286 4220 386 4334 ᾗ
414 4210 559 4328 ἓξὲξ
561 4212 616 4342 a}
642 4212 742 4326 ape
763 4211 915 4328 3103.
899 4277 948 4326 is
981 4277 1040 4325 in
1061 4275 1160 4326 the
1180 4275 1348 4327 Univ.
1451 4276 1613 4326 Peter
1582 4210 1948 4339 aggia?
1951 4210 2087 4340 ugg-
2099 4210 2238 4327 cg‘a
2253 4211 2603 4340 man-⁰3

237 4332 735 4415 Iailyrnryatnule.
820 4341 1194 4405 SeeVische-,r
1226 4345 1350 4391 Erc-
1449 4341 1725 4404 Erasmus,
1768 4342 1986 4405 nsoct.
2035 4355 2178 4405 1535.
2259 4342 2435 4394 There
2478 4344 2527 4393 is
2569 4358 2604 4392 a

238 4404 410 4468 mima,
440 4421 492 4470 p.
526 4423 613 4471 3¹·
1451 4421 1548 4471 cop
1625 4409 1688 4456 in
1725 4407 1823 4456 the
1862 4407 2291 4471 Univ.1.ibrary
2325 4411 2383 4458 at
2426 4408 2600 4458 Baale.

289 4480 387 4528 340.
413 4474 673 4525 virtuti..
757 4471 1026 4587 ὲὲιιοὲοᾱ,
1051 4487 1112 4522 aa
1140 4471 1258 4522 also
1284 4471 1345 4522 11.
1452 4473 1509 4522 It
1691 4473 1829 4522 been
1867 4473 2090 4536 printed
2127 4473 2267 4524 from
2313 4488 2348 4522 a
2392 4473 2504 4526 us.
2543 4475 2603 4523 at

240 4540 419 4599 3⁴9·52,
451 4539 596 4590 from
632 4539 730 4589 the
837 4538 924 4601 pal
956 4537 1134 4587 Briels
1161 4536 1348 4587 which
1452 4537 1668 4588 cracow
1705 4539 1779 4600 by
1815 4538 1908 4589 Dr.
1935 4553 1986 4590 v.
2024 4538 2370 4589 Mmkowski
2405 4540 2600 4603 (Jahrb.

242 4607 439 4650 mncw
459 4604 519 4655 in
540 4606 640 4656 the
661 4605 831 4657 Univ.
852 4602 1076 4667 Libra-y
1092 4605 1150 4652 at
1172 4603 1350 4653 Basle.
1438 4606 1491 4664 s.
1515 4606 1687 4663 phiton.
1717 4618 1767 4653 u.
1803 4606 1980 4664 wem
2007 4607 2248 4666 Thcolcau,
2275 4603 2600 4667 Paderborn,

242 4658 562 4736 8⁸“Vt-abor,
588 4674 901 4731 mim,
926 4682 1188 4733 121³·s4-s·
1457 4682 1604 4736 ¹90¹
1634 4669 1956 4734 15·1>·s⁴2)·

327 4762 468 4798 ιιι-ΙΙ
1390 4771 1431 4813 r
