<?xml version="1.0" encoding="UTF-8"?>
<!DOCTYPE html PUBLIC "-//W3C//DTD XHTML 1.0 Transitional//EN"
    "http://www.w3.org/TR/xhtml1/DTD/xhtml1-transitional.dtd">
<html xmlns="http://www.w3.org/1999/xhtml" xml:lang="en" lang="en">
 <head>
  <title>
</title>
<meta http-equiv="Content-Type" content="text/html;charset=utf-8" />
  <meta name='ocr-system' content='tesseract 3.04.00' />
  <meta name='ocr-capabilities' content='ocr_page ocr_carea ocr_par ocr_line ocrx_word'/>
</head>
<body>
  <div class='ocr_page' id='page_1' title='image "./opusepistolarum00flowgoog_0102.png"; bbox 0 0 3355 5380; ppageno 0'>
   <div class='ocr_carea' id='block_1_1' title="bbox 712 372 3103 458">
    <p class='ocr_par' dir='ltr' id='par_1_1' title="bbox 712 372 3103 458">
     <span class='ocr_line' id='line_1_1' title="bbox 712 372 3103 458; baseline -0.003 -15"><span class='ocrx_word' id='word_1_1' title='bbox 712 388 788 443; x_wconf 83' lang='lat'><strong>74</strong></span> <span class='ocrx_word' id='word_1_2' title='bbox 1411 380 1786 441; x_wconf 71' lang='lat' dir='ltr'><strong>LE&#39;FPERS</strong></span> <span class='ocrx_word' id='word_1_3' title='bbox 1841 379 1946 441; x_wconf 85' lang='lat' dir='ltr'><strong>OF</strong></span> <span class='ocrx_word' id='word_1_4' title='bbox 2001 378 2396 441; x_wconf 79' lang='lat' dir='ltr'>ERASMUS</span> <span class='ocrx_word' id='word_1_5' title='bbox 2901 372 3103 458; x_wconf 76' lang='lat'>[1487</span> 
     </span>
    </p>
   </div>
   <div class='ocr_carea' id='block_1_2' title="bbox 618 531 3108 1700">
    <p class='ocr_par' dir='ltr' id='par_1_2' title="bbox 618 531 3108 1700">
     <span class='ocr_line' id='line_1_2' title="bbox 709 531 3094 618; baseline -0.003 -17"><span class='ocrx_word' id='word_1_6' title='bbox 709 538 1165 618; x_wconf 86' lang='lat' dir='ltr'><strong>inuigilandum</strong></span> <span class='ocrx_word' id='word_1_7' title='bbox 1221 557 1457 611; x_wconf 68' lang='lat' dir='ltr'><strong>censeQ</strong></span> <span class='ocrx_word' id='word_1_8' title='bbox 1515 557 1595 597; x_wconf 90' lang='lat' dir='ltr'><strong>ne</strong></span> <span class='ocrx_word' id='word_1_9' title='bbox 1648 557 1750 597; x_wconf 87' lang='lat' dir='ltr'><strong>res</strong></span> <span class='ocrx_word' id='word_1_10' title='bbox 1803 539 2016 597; x_wconf 88' lang='lat' dir='ltr'><strong>nostra</strong></span> <span class='ocrx_word' id='word_1_11' title='bbox 2078 534 2311 613; x_wconf 89' lang='lat' dir='ltr'><strong>aliquid</strong></span> <span class='ocrx_word' id='word_1_12' title='bbox 2377 532 2742 595; x_wconf 74' lang='lat' dir='ltr'><strong>detrimenti</strong></span> <span class='ocrx_word' id='word_1_13' title='bbox 2799 531 3094 610; x_wconf 86' lang='lat' dir='ltr'><strong>patiatur.</strong></span> 
     </span>
     <span class='ocr_line' id='line_1_3' title="bbox 650 630 3106 715; baseline -0.004 -13"><span class='ocrx_word' id='word_1_14' title='bbox 650 654 679 702; x_wconf 85' lang='lat'><strong>5</strong></span> <span class='ocrx_word' id='word_1_15' title='bbox 707 636 967 715; x_wconf 85' lang='lat' dir='ltr'><strong>Inquies</strong></span> <span class='ocrx_word' id='word_1_16' title='bbox 993 637 1268 698; x_wconf 73' lang='lat' dir='ltr'>fortassis</span> <span class='ocrx_word' id='word_1_17' title='bbox 1293 657 1396 697; x_wconf 91' lang='lat' dir='ltr'><strong>me</strong></span> <span class='ocrx_word' id='word_1_18' title='bbox 1423 636 1677 697; x_wconf 88' lang='lat' dir='ltr'><strong>illorum</strong></span> <span class='ocrx_word' id='word_1_19' title='bbox 1708 655 1969 696; x_wconf 88' lang='lat' dir='ltr'><strong>numero</strong></span> <span class='ocrx_word' id='word_1_20' title='bbox 1996 653 2142 710; x_wconf 87' lang='lat' dir='ltr'><strong>esse,</strong></span> <span class='ocrx_word' id='word_1_21' title='bbox 2170 634 2277 712; x_wconf 89' lang='lat' dir='ltr'><strong>qui</strong></span> <span class='ocrx_word' id='word_1_22' title='bbox 2305 653 2384 694; x_wconf 89' lang='lat' dir='ltr'><strong>ne</strong></span> <span class='ocrx_word' id='word_1_23' title='bbox 2409 632 2649 694; x_wconf 84' lang='lat' dir='ltr'><strong>caelum</strong></span> <span class='ocrx_word' id='word_1_24' title='bbox 2676 633 2817 692; x_wconf 88' lang='lat' dir='ltr'><strong>ruat</strong></span> <span class='ocrx_word' id='word_1_25' title='bbox 2843 630 3106 692; x_wconf 76' lang='lat' dir='ltr'>solliciti</span> 
     </span>
     <span class='ocr_line' id='line_1_4' title="bbox 705 730 3102 813; baseline -0.002 -16"><span class='ocrx_word' id='word_1_26' title='bbox 705 739 872 797; x_wconf 88' lang='lat' dir='ltr'><strong>sunt.</strong></span> <span class='ocrx_word' id='word_1_27' title='bbox 982 736 1202 797; x_wconf 84' lang='lat' dir='ltr'><strong>Fateor</strong></span> <span class='ocrx_word' id='word_1_28' title='bbox 1250 735 1521 813; x_wconf 88' lang='lat' dir='ltr'><strong>quidem,</strong></span> <span class='ocrx_word' id='word_1_29' title='bbox 1568 734 1622 794; x_wconf 91' lang='lat' dir='ltr'><strong>si</strong></span> <span class='ocrx_word' id='word_1_30' title='bbox 1664 734 1791 795; x_wconf 88' lang='lat' dir='ltr'><strong>iam</strong></span> <span class='ocrx_word' id='word_1_31' title='bbox 1829 752 2077 795; x_wconf 87' lang='lat' dir='ltr'><strong>summa</strong></span> <span class='ocrx_word' id='word_1_32' title='bbox 2117 734 2496 810; x_wconf 75' lang='lat' dir='ltr'><strong>exspectaret</strong></span> <span class='ocrx_word' id='word_1_33' title='bbox 2536 732 2606 792; x_wconf 91' lang='lat' dir='ltr'><strong>in</strong></span> <span class='ocrx_word' id='word_1_34' title='bbox 2646 730 2882 793; x_wconf 85' lang='lat' dir='ltr'><strong>loculis.</strong></span> <span class='ocrx_word' id='word_1_35' title='bbox 2971 731 3102 793; x_wconf 84' lang='lat' dir='ltr'><strong>Sed</strong></span> 
     </span>
     <span class='ocr_line' id='line_1_5' title="bbox 707 829 3108 913; baseline -0.003 -16"><span class='ocrx_word' id='word_1_36' title='bbox 707 835 911 912; x_wconf 82' lang='lat' dir='ltr'><strong>exiget</strong></span> <span class='ocrx_word' id='word_1_37' title='bbox 964 833 1292 913; x_wconf 88' lang='lat' dir='ltr'><strong>prudentia</strong></span> <span class='ocrx_word' id='word_1_38' title='bbox 1344 836 1455 895; x_wconf 89' lang='lat' dir='ltr'><strong>tua</strong></span> <span class='ocrx_word' id='word_1_39' title='bbox 1507 852 1718 893; x_wconf 88' lang='lat' dir='ltr'><strong>rerum</strong></span> <span class='ocrx_word' id='word_1_40' title='bbox 1765 834 2120 892; x_wconf 86' lang='lat' dir='ltr'><strong>nostrarum</strong></span> <span class='ocrx_word' id='word_1_41' title='bbox 2166 832 2474 892; x_wconf 88' lang='lat' dir='ltr'><strong>rationem</strong></span> <span class='ocrx_word' id='word_1_42' title='bbox 2523 829 2777 891; x_wconf 85' lang='lat' dir='ltr'><strong>cautius.</strong></span> <span class='ocrx_word' id='word_1_43' title='bbox 2866 829 3108 891; x_wconf 81' lang='lat' dir='ltr'><strong>Adhuc</strong></span> 
     </span>
     <span class='ocr_line' id='line_1_6' title="bbox 703 927 3103 1010; baseline -0.002 -17"><span class='ocrx_word' id='word_1_44' title='bbox 703 933 851 994; x_wconf 85' lang='lat' dir='ltr'>libri</span> <span class='ocrx_word' id='word_1_45' title='bbox 896 952 1167 995; x_wconf 79' lang='lat' dir='ltr'><strong>vaenum</strong></span> <span class='ocrx_word' id='word_1_46' title='bbox 1222 931 1574 1010; x_wconf 86' lang='lat' dir='ltr'><strong>exponendi</strong></span> <span class='ocrx_word' id='word_1_47' title='bbox 1618 932 1784 1005; x_wconf 89' lang='lat' dir='ltr'><strong>sunt,</strong></span> <span class='ocrx_word' id='word_1_48' title='bbox 1839 928 2043 991; x_wconf 85' lang='lat' dir='ltr'><strong>adhuc</strong></span> <span class='ocrx_word' id='word_1_49' title='bbox 2088 931 2432 1006; x_wconf 87' lang='lat' dir='ltr'><strong>emptorem</strong></span> <span class='ocrx_word' id='word_1_50' title='bbox 2480 927 2834 1007; x_wconf 82' lang='lat' dir='ltr'><strong>quaesituri,</strong></span> <span class='ocrx_word' id='word_1_51' title='bbox 2887 928 3103 989; x_wconf 88' lang='lat' dir='ltr'><strong>adhuc</strong></span> 
     </span>
     <span class='ocr_line' id='line_1_7' title="bbox 704 1026 3105 1106; baseline -0.003 -13"><span class='ocrx_word' id='word_1_52' title='bbox 704 1031 1049 1093; x_wconf 77' lang='lat' dir='ltr'><strong>licitantem</strong></span> <span class='ocrx_word' id='word_1_53' title='bbox 1088 1030 1302 1091; x_wconf 85' lang='lat' dir='ltr'><strong>visuri.</strong></span> <span class='ocrx_word' id='word_1_54' title='bbox 1386 1029 1547 1090; x_wconf 87' lang='lat' dir='ltr'><strong>Vide</strong></span> <span class='ocrx_word' id='word_1_55' title='bbox 1587 1047 1774 1106; x_wconf 89' lang='lat' dir='ltr'><strong>quam</strong></span> <span class='ocrx_word' id='word_1_56' title='bbox 1813 1026 2026 1106; x_wconf 89' lang='lat' dir='ltr'><strong>procul</strong></span> <span class='ocrx_word' id='word_1_57' title='bbox 2065 1027 2152 1087; x_wconf 87' lang='lat' dir='ltr'><strong>sit</strong></span> <span class='ocrx_word' id='word_1_58' title='bbox 2189 1027 2333 1088; x_wconf 90' lang='lat' dir='ltr'><strong>illos</strong></span> <span class='ocrx_word' id='word_1_59' title='bbox 2373 1030 2618 1104; x_wconf 83' lang='lat' dir='ltr'><strong>emptos</strong></span> <span class='ocrx_word' id='word_1_60' title='bbox 2657 1046 2791 1087; x_wconf 86' lang='lat' dir='ltr'><strong>esse</strong></span> <span class='ocrx_word' id='word_1_61' title='bbox 2818 1049 2834 1102; x_wconf 84' lang='lat'>;</span> <span class='ocrx_word' id='word_1_62' title='bbox 2887 1026 3105 1087; x_wconf 85' lang='lat' dir='ltr'><strong>adhuc</strong></span> 
     </span>
     <span class='ocr_line' id='line_1_8' title="bbox 620 1125 3094 1204; baseline -0.002 -13"><span class='ocrx_word' id='word_1_63' title='bbox 620 1156 681 1193; x_wconf 90' lang='lat'><strong>10</strong></span> <span class='ocrx_word' id='word_1_64' title='bbox 705 1134 906 1193; x_wconf 87' lang='lat' dir='ltr'><strong>terrae</strong></span> <span class='ocrx_word' id='word_1_65' title='bbox 932 1130 1285 1192; x_wconf 84' lang='lat' dir='ltr'><strong>mandanda</strong></span> <span class='ocrx_word' id='word_1_66' title='bbox 1312 1127 1565 1202; x_wconf 87' lang='lat' dir='ltr'><strong>semina,</strong></span> <span class='ocrx_word' id='word_1_67' title='bbox 1599 1126 1829 1204; x_wconf 89' lang='lat' dir='ltr'><strong>quibus</strong></span> <span class='ocrx_word' id='word_1_68' title='bbox 1853 1125 2215 1186; x_wconf 86' lang='lat' dir='ltr'><strong>conficiatur</strong></span> <span class='ocrx_word' id='word_1_69' title='bbox 2240 1127 2422 1203; x_wconf 88' lang='lat' dir='ltr'><strong>panis</strong></span> <span class='ocrx_word' id='word_1_70' title='bbox 2440 1150 2459 1189; x_wconf 74' lang='grc' dir='ltr'><strong>ε</strong></span> <span class='ocrx_word' id='word_1_71' title='bbox 2499 1125 2735 1186; x_wconf 89' lang='lat' dir='ltr'><strong>interea</strong></span> <span class='ocrx_word' id='word_1_72' title='bbox 2759 1126 2883 1187; x_wconf 88' lang='lat' dir='ltr'><strong>cito</strong></span> <span class='ocrx_word' id='word_1_73' title='bbox 2913 1127 3094 1204; x_wconf 84' lang='lat' dir='ltr'><strong>pede,</strong></span> 
     </span>
     <span class='ocr_line' id='line_1_9' title="bbox 705 1224 3103 1309; baseline -0.003 -17"><span class='ocrx_word' id='word_1_74' title='bbox 705 1232 777 1292; x_wconf 84' lang='lat' dir='ltr'><strong>vt</strong></span> <span class='ocrx_word' id='word_1_75' title='bbox 805 1232 901 1291; x_wconf 86' lang='lat' dir='ltr'><strong>est</strong></span> <span class='ocrx_word' id='word_1_76' title='bbox 940 1229 1104 1309; x_wconf 86' lang='lat' dir='ltr'><strong>apud</strong></span> <span class='ocrx_word' id='word_1_77' title='bbox 1146 1227 1474 1303; x_wconf 75' lang='lat' dir='ltr'><strong>Nasonem,</strong></span> <span class='ocrx_word' id='word_1_78' title='bbox 1509 1225 1740 1288; x_wconf 75' lang='lat' dir='ltr'><strong>labitur</strong></span> <span class='ocrx_word' id='word_1_79' title='bbox 1775 1226 1959 1287; x_wconf 84' lang='lat' dir='ltr'><strong>aetas.</strong></span> <span class='ocrx_word' id='word_1_80' title='bbox 2048 1224 2192 1286; x_wconf 83' lang='lat' dir='ltr'><strong>Non</strong></span> <span class='ocrx_word' id='word_1_81' title='bbox 2232 1225 2413 1288; x_wconf 84' lang='lat' dir='ltr'><strong>video</strong></span> <span class='ocrx_word' id='word_1_82' title='bbox 2453 1245 2705 1304; x_wconf 89' lang='lat' dir='ltr'><strong>prorsus</strong></span> <span class='ocrx_word' id='word_1_83' title='bbox 2745 1225 2892 1305; x_wconf 88' lang='lat' dir='ltr'><strong>quid</strong></span> <span class='ocrx_word' id='word_1_84' title='bbox 2933 1224 3103 1286; x_wconf 88' lang='lat' dir='ltr'><strong>lucri</strong></span> 
     </span>
     <span class='ocr_line' id='line_1_10' title="bbox 704 1322 3107 1404; baseline -0.002 -15"><span class='ocrx_word' id='word_1_85' title='bbox 704 1327 931 1404; x_wconf 84' lang='lat' dir='ltr'><strong>poterit</strong></span> <span class='ocrx_word' id='word_1_86' title='bbox 957 1327 1026 1387; x_wconf 92' lang='lat' dir='ltr'><strong>in</strong></span> <span class='ocrx_word' id='word_1_87' title='bbox 1047 1327 1163 1388; x_wconf 86' lang='lat' dir='ltr'><strong>hac</strong></span> <span class='ocrx_word' id='word_1_88' title='bbox 1189 1347 1258 1387; x_wconf 92' lang='lat' dir='ltr'><strong>re</strong></span> <span class='ocrx_word' id='word_1_89' title='bbox 1286 1346 1463 1387; x_wconf 87' lang='lat' dir='ltr'><strong>mora</strong></span> <span class='ocrx_word' id='word_1_90' title='bbox 1483 1324 1759 1386; x_wconf 87' lang='lat' dir='ltr'><strong>conferre</strong></span> <span class='ocrx_word' id='word_1_91' title='bbox 1786 1345 1802 1400; x_wconf 89' lang='lat'>;</span> <span class='ocrx_word' id='word_1_92' title='bbox 1844 1324 1995 1402; x_wconf 88' lang='lat' dir='ltr'><strong>quid</strong></span> <span class='ocrx_word' id='word_1_93' title='bbox 2015 1328 2226 1384; x_wconf 86' lang='lat' dir='ltr'><strong>autem</strong></span> <span class='ocrx_word' id='word_1_94' title='bbox 2253 1323 2539 1400; x_wconf 74' lang='lat' dir='ltr'><strong>iacturae,</strong></span> <span class='ocrx_word' id='word_1_95' title='bbox 2565 1322 2796 1402; x_wconf 81' lang='lat' dir='ltr'><strong>vtique.</strong></span> <span class='ocrx_word' id='word_1_96' title='bbox 2881 1323 3107 1385; x_wconf 77' lang='lat' dir='ltr'><strong>Audio</strong></span> 
     </span>
     <span class='ocr_line' id='line_1_11' title="bbox 704 1421 3106 1506; baseline -0.002 -18"><span class='ocrx_word' id='word_1_97' title='bbox 704 1430 1018 1506; x_wconf 83' lang='lat' dir='ltr'><strong>praeterea</strong></span> <span class='ocrx_word' id='word_1_98' title='bbox 1074 1426 1505 1487; x_wconf 85' lang='lat' dir='ltr'><strong>Christianum</strong></span> <span class='ocrx_word' id='word_1_99' title='bbox 1558 1423 1805 1485; x_wconf 85' lang='lat' dir='ltr'><strong>libellos</strong></span> <span class='ocrx_word' id='word_1_100' title='bbox 1865 1423 2166 1498; x_wconf 88' lang='lat' dir='ltr'><strong>nondum,</strong></span> <span class='ocrx_word' id='word_1_101' title='bbox 2236 1440 2391 1502; x_wconf 86' lang='lat' dir='ltr'><strong>quos</strong></span> <span class='ocrx_word' id='word_1_102' title='bbox 2443 1421 2649 1497; x_wconf 87' lang='lat' dir='ltr'><strong>habet,</strong></span> <span class='ocrx_word' id='word_1_103' title='bbox 2712 1422 3059 1483; x_wconf 78' lang='lat' dir='ltr'><strong>restituisse</strong></span> <span class='ocrx_word' id='word_1_104' title='bbox 3084 1446 3106 1483; x_wconf 89' lang='lat'>:</span> 
     </span>
     <span class='ocr_line' id='line_1_12' title="bbox 704 1518 3104 1599; baseline -0.003 -14"><span class='ocrx_word' id='word_1_105' title='bbox 704 1524 990 1586; x_wconf 78' lang='lat' dir='ltr'><strong>vincatur</strong></span> <span class='ocrx_word' id='word_1_106' title='bbox 1032 1544 1140 1584; x_wconf 93' lang='lat' dir='ltr'><strong>oro</strong></span> <span class='ocrx_word' id='word_1_107' title='bbox 1180 1524 1357 1585; x_wconf 88' lang='lat' dir='ltr'><strong>illius</strong></span> <span class='ocrx_word' id='word_1_108' title='bbox 1399 1523 1662 1585; x_wconf 86' lang='lat' dir='ltr'><strong>tarditas</strong></span> <span class='ocrx_word' id='word_1_109' title='bbox 1703 1524 1813 1583; x_wconf 84' lang='lat' dir='ltr'><strong>tua</strong></span> <span class='ocrx_word' id='word_1_110' title='bbox 1853 1519 2295 1598; x_wconf 84' lang='lat' dir='ltr'><strong>improbitate;</strong></span> <span class='ocrx_word' id='word_1_111' title='bbox 2343 1519 2398 1580; x_wconf 90' lang='lat' dir='ltr'><strong>si</strong></span> <span class='ocrx_word' id='word_1_112' title='bbox 2437 1523 2691 1599; x_wconf 82' lang='lat' dir='ltr'><strong>rogatus</strong></span> <span class='ocrx_word' id='word_1_113' title='bbox 2731 1519 2957 1593; x_wconf 83' lang='lat' dir='ltr'><strong>differt,</strong></span> <span class='ocrx_word' id='word_1_114' title='bbox 2991 1518 3104 1579; x_wconf 77' lang='lat' dir='ltr'><strong>vel</strong></span> 
     </span>
     <span class='ocr_line' id='line_1_13' title="bbox 618 1621 1432 1700; baseline -0.001 -17"><span class='ocrx_word' id='word_1_115' title='bbox 618 1649 678 1700; x_wconf 72' lang='lat'><strong>15</strong></span> <span class='ocrx_word' id='word_1_116' title='bbox 704 1621 912 1685; x_wconf 72' lang='lat' dir='ltr'><strong>iussus</strong></span> <span class='ocrx_word' id='word_1_117' title='bbox 938 1621 1168 1685; x_wconf 62' lang='lat' dir='ltr'><strong>mittat.</strong></span> <span class='ocrx_word' id='word_1_118' title='bbox 1256 1622 1432 1685; x_wconf 76' lang='lat' dir='ltr'><strong>Vale.</strong></span> 
     </span>
    </p>
   </div>
   <div class='ocr_carea' id='block_1_3' title="bbox 1412 1903 2394 1980">
    <p class='ocr_par' dir='ltr' id='par_1_3' title="bbox 1412 1903 2394 1980">
     <span class='ocr_line' id='line_1_14' title="bbox 1412 1903 2394 1980; baseline -0.001 -10"><span class='ocrx_word' id='word_1_119' title='bbox 1412 1908 1474 1971; x_wconf 84' lang='lat'><strong>2.</strong></span> <span class='ocrx_word' id='word_1_120' title='bbox 1563 1903 1658 1971; x_wconf 87' lang='lat' dir='ltr'><strong>To</strong></span> <span class='ocrx_word' id='word_1_121' title='bbox 1706 1904 2124 1980; x_wconf 61' lang='lat' dir='ltr'><strong>Emzinmn,</strong></span> <span class='ocrx_word' id='word_1_122' title='bbox 2168 1923 2214 1971; x_wconf 70' lang='grc' dir='ltr'><strong>Α</strong></span> <span class='ocrx_word' id='word_1_123' title='bbox 2251 1921 2394 1970; x_wconf 63' lang='lat' dir='ltr'><strong>nm&lt;</strong></span> 
     </span>
    </p>
   </div>
   <div class='ocr_carea' id='block_1_4' title="bbox 775 2039 3026 2203">
    <p class='ocr_par' dir='ltr' id='par_1_4' title="bbox 775 2039 3026 2203">
     <span class='ocr_line' id='line_1_15' title="bbox 775 2039 3026 2115; baseline 0 -17"><span class='ocrx_word' id='word_1_124' title='bbox 775 2041 910 2099; x_wconf 87' lang='lat' dir='ltr'><strong>Vita</strong></span> <span class='ocrx_word' id='word_1_125' title='bbox 935 2041 1156 2100; x_wconf 72' lang='lat' dir='ltr'><strong>Erasini</strong></span> <span class='ocrx_word' id='word_1_126' title='bbox 1182 2061 1235 2115; x_wconf 90' lang='lat' dir='ltr'><strong>p.</strong></span> <span class='ocrx_word' id='word_1_127' title='bbox 1267 2044 1383 2099; x_wconf 89' lang='lat'>188.</span> <span class='ocrx_word' id='word_1_128' title='bbox 2690 2039 2926 2113; x_wconf 80' lang='lat' dir='ltr'><strong>(Gouda</strong></span> <span class='ocrx_word' id='word_1_129' title='bbox 2952 2042 3026 2114; x_wconf 72' lang='lat'><strong>⁴2²)</strong></span> 
     </span>
     <span class='ocr_line' id='line_1_16' title="bbox 775 2127 2993 2203; baseline 0 -16"><span class='ocrx_word' id='word_1_130' title='bbox 775 2130 951 2187; x_wconf 86' lang='lat' dir='ltr'><strong>Lond.</strong></span> <span class='ocrx_word' id='word_1_131' title='bbox 975 2130 1125 2186; x_wconf 85' lang='lat' dir='ltr'><strong>xxxi.</strong></span> <span class='ocrx_word' id='word_1_132' title='bbox 1154 2146 1252 2187; x_wconf 85' lang='lat'><strong>21:</strong></span> <span class='ocrx_word' id='word_1_133' title='bbox 1290 2130 1401 2184; x_wconf 93' lang='lat' dir='ltr'><strong>LB.</strong></span> <span class='ocrx_word' id='word_1_134' title='bbox 1427 2128 1575 2201; x_wconf 86' lang='lat' dir='ltr'><strong>App.</strong></span> <span class='ocrx_word' id='word_1_135' title='bbox 1601 2142 1726 2200; x_wconf 82' lang='lat'><strong>425.</strong></span> <span class='ocrx_word' id='word_1_136' title='bbox 2722 2127 2756 2201; x_wconf 92' lang='grc'>&lt;</span> <span class='ocrx_word' id='word_1_137' title='bbox 2765 2132 2898 2199; x_wconf 85' lang='lat'>1487</span> <span class='ocrx_word' id='word_1_138' title='bbox 2924 2130 2993 2203; x_wconf 63' lang='lat'><strong>2)</strong></span> 
     </span>
    </p>
   </div>
   <div class='ocr_carea' id='block_1_5' title="bbox 704 2255 3104 2723">
    <p class='ocr_par' dir='ltr' id='par_1_5' title="bbox 704 2255 3104 2723">
     <span class='ocr_line' id='line_1_17' title="bbox 768 2255 3101 2326; baseline 0 -15"><span class='ocrx_word' id='word_1_139' title='bbox 768 2259 926 2326; x_wconf 71' lang='lat' dir='ltr'><strong>[This</strong></span> <span class='ocrx_word' id='word_1_140' title='bbox 968 2261 1133 2311; x_wconf 82' lang='lat' dir='ltr'><strong>letter</strong></span> <span class='ocrx_word' id='word_1_141' title='bbox 1173 2275 1303 2323; x_wconf 77' lang='lat' dir='ltr'><strong>may</strong></span> <span class='ocrx_word' id='word_1_142' title='bbox 1347 2260 1412 2310; x_wconf 84' lang='lat' dir='ltr'><strong>be</strong></span> <span class='ocrx_word' id='word_1_143' title='bbox 1464 2258 1699 2308; x_wconf 74' lang='lat' dir='ltr'><strong>referred</strong></span> <span class='ocrx_word' id='word_1_144' title='bbox 1745 2255 2138 2320; x_wconf 76' lang='lat' dir='ltr'><strong>conjecturally</strong></span> <span class='ocrx_word' id='word_1_145' title='bbox 2181 2259 2238 2306; x_wconf 84' lang='lat' dir='ltr'><strong>to</strong></span> <span class='ocrx_word' id='word_1_146' title='bbox 2290 2256 2388 2309; x_wconf 83' lang='lat' dir='ltr'><strong>the</strong></span> <span class='ocrx_word' id='word_1_147' title='bbox 2437 2258 2622 2321; x_wconf 83' lang='lat' dir='ltr'><strong>period</strong></span> <span class='ocrx_word' id='word_1_148' title='bbox 2676 2259 2736 2308; x_wconf 81' lang='lat' dir='ltr'><strong>of</strong></span> <span class='ocrx_word' id='word_1_149' title='bbox 2780 2260 3101 2325; x_wconf 73' lang='lat' dir='ltr'><strong>depr-esaion</strong></span> 
     </span>
     <span class='ocr_line' id='line_1_18' title="bbox 704 2320 3103 2390; baseline 0.001 -15"><span class='ocrx_word' id='word_1_150' title='bbox 704 2324 993 2390; x_wconf 82' lang='lat' dir='ltr'><strong>preceding</strong></span> <span class='ocrx_word' id='word_1_151' title='bbox 1026 2326 1122 2376; x_wconf 89' lang='lat' dir='ltr'><strong>the</strong></span> <span class='ocrx_word' id='word_1_152' title='bbox 1152 2328 1315 2388; x_wconf 84' lang='lat' dir='ltr'><strong>entry</strong></span> <span class='ocrx_word' id='word_1_153' title='bbox 1347 2325 1467 2374; x_wconf 85' lang='lat' dir='ltr'><strong>into</strong></span> <span class='ocrx_word' id='word_1_154' title='bbox 1501 2324 1687 2386; x_wconf 79' lang='lat' dir='ltr'><strong>Steyn.</strong></span> <span class='ocrx_word' id='word_1_155' title='bbox 1761 2322 1874 2371; x_wconf 81' lang='lat' dir='ltr'><strong>The</strong></span> <span class='ocrx_word' id='word_1_156' title='bbox 1916 2322 2154 2384; x_wconf 80' lang='lat' dir='ltr'><strong>identity</strong></span> <span class='ocrx_word' id='word_1_157' title='bbox 2187 2320 2248 2370; x_wconf 77' lang='lat' dir='ltr'><strong>of</strong></span> <span class='ocrx_word' id='word_1_158' title='bbox 2273 2323 2551 2373; x_wconf 68' lang='lat' dir='ltr'><strong>Elisabeth</strong></span> <span class='ocrx_word' id='word_1_159' title='bbox 2588 2329 2787 2375; x_wconf 82' lang='lat' dir='ltr'><strong>cannot</strong></span> <span class='ocrx_word' id='word_1_160' title='bbox 2821 2327 2887 2375; x_wconf 90' lang='lat' dir='ltr'><strong>be</strong></span> <span class='ocrx_word' id='word_1_161' title='bbox 2920 2325 3103 2377; x_wconf 84' lang='lat' dir='ltr'><strong>deter-</strong></span> 
     </span>
     <span class='ocr_line' id='line_1_19' title="bbox 704 2388 3100 2456; baseline 0.001 -16"><span class='ocrx_word' id='word_1_162' title='bbox 704 2390 911 2442; x_wconf 88' lang='lat' dir='ltr'><strong>mined.</strong></span> <span class='ocrx_word' id='word_1_163' title='bbox 953 2390 1127 2440; x_wconf 80' lang='lat' dir='ltr'><strong>There</strong></span> <span class='ocrx_word' id='word_1_164' title='bbox 1147 2404 1289 2440; x_wconf 82' lang='lat' dir='ltr'><strong>were</strong></span> <span class='ocrx_word' id='word_1_165' title='bbox 1312 2389 1434 2439; x_wconf 76' lang='lat' dir='ltr'><strong>four</strong></span> <span class='ocrx_word' id='word_1_166' title='bbox 1454 2393 1716 2439; x_wconf 75' lang='lat' dir='ltr'><strong>convente</strong></span> <span class='ocrx_word' id='word_1_167' title='bbox 1737 2388 1798 2437; x_wconf 78' lang='lat' dir='ltr'><strong>of</strong></span> <span class='ocrx_word' id='word_1_168' title='bbox 1812 2388 2183 2451; x_wconf 80' lang='lat' dir='ltr'><strong>Augustinian</strong></span> <span class='ocrx_word' id='word_1_169' title='bbox 2205 2403 2353 2437; x_wconf 88' lang='lat' dir='ltr'><strong>nuns</strong></span> <span class='ocrx_word' id='word_1_170' title='bbox 2375 2390 2436 2437; x_wconf 86' lang='lat' dir='ltr'><strong>in</strong></span> <span class='ocrx_word' id='word_1_171' title='bbox 2460 2390 2649 2439; x_wconf 77' lang='lat' dir='ltr'><strong>Gouda</strong></span> <span class='ocrx_word' id='word_1_172' title='bbox 2671 2391 2802 2454; x_wconf 80' lang='lat' dir='ltr'><strong>(van</strong></span> <span class='ocrx_word' id='word_1_173' title='bbox 2824 2392 3100 2456; x_wconf 81' lang='lat' dir='ltr'><strong>Heussen,</strong></span> 
     </span>
     <span class='ocr_line' id='line_1_20' title="bbox 706 2452 3099 2521; baseline 0.001 -15"><span class='ocrx_word' id='word_1_174' title='bbox 706 2457 745 2506; x_wconf 92' lang='lat' dir='ltr'><strong>i.</strong></span> <span class='ocrx_word' id='word_1_175' title='bbox 783 2456 927 2521; x_wconf 81' lang='lat'><strong>304),</strong></span> <span class='ocrx_word' id='word_1_176' title='bbox 962 2460 1021 2506; x_wconf 86' lang='lat' dir='ltr'><strong>to</strong></span> <span class='ocrx_word' id='word_1_177' title='bbox 1064 2471 1165 2506; x_wconf 90' lang='lat' dir='ltr'><strong>one</strong></span> <span class='ocrx_word' id='word_1_178' title='bbox 1210 2455 1271 2505; x_wconf 85' lang='lat' dir='ltr'><strong>of</strong></span> <span class='ocrx_word' id='word_1_179' title='bbox 1307 2456 1491 2505; x_wconf 84' lang='lat' dir='ltr'><strong>which</strong></span> <span class='ocrx_word' id='word_1_180' title='bbox 1535 2455 1629 2504; x_wconf 87' lang='lat' dir='ltr'><strong>the</strong></span> <span class='ocrx_word' id='word_1_181' title='bbox 1672 2454 1965 2517; x_wconf 80' lang='lat' dir='ltr'><strong>daughters</strong></span> <span class='ocrx_word' id='word_1_182' title='bbox 2001 2452 2064 2502; x_wconf 76' lang='lat' dir='ltr'><strong>of</strong></span> <span class='ocrx_word' id='word_1_183' title='bbox 2099 2453 2369 2503; x_wconf 71' lang='lat' dir='ltr'><strong>Erasmus*</strong></span> <span class='ocrx_word' id='word_1_184' title='bbox 2414 2455 2595 2504; x_wconf 77' lang='lat' dir='ltr'><strong>friend</strong></span> <span class='ocrx_word' id='word_1_185' title='bbox 2637 2457 2748 2505; x_wconf 86' lang='lat' dir='ltr'><strong>and</strong></span> <span class='ocrx_word' id='word_1_186' title='bbox 2792 2463 3099 2521; x_wconf 81' lang='lat' dir='ltr'><strong>supportet,</strong></span> 
     </span>
     <span class='ocr_line' id='line_1_21' title="bbox 706 2518 3104 2585; baseline 0 -11"><span class='ocrx_word' id='word_1_187' title='bbox 706 2522 872 2574; x_wconf 84' lang='lat' dir='ltr'><strong>Berta</strong></span> <span class='ocrx_word' id='word_1_188' title='bbox 903 2520 973 2573; x_wconf 88' lang='lat' dir='ltr'><strong>de</strong></span> <span class='ocrx_word' id='word_1_189' title='bbox 1006 2522 1219 2585; x_wconf 82' lang='lat' dir='ltr'><strong>Heyen,</strong></span> <span class='ocrx_word' id='word_1_190' title='bbox 1255 2520 1530 2585; x_wconf 79' lang='lat' dir='ltr'><strong>belonged,</strong></span> <span class='ocrx_word' id='word_1_191' title='bbox 1565 2520 1669 2571; x_wconf 83' lang='lat' dir='ltr'><strong>LB.</strong></span> <span class='ocrx_word' id='word_1_192' title='bbox 1702 2520 1820 2570; x_wconf 80' lang='lat' dir='ltr'><strong>viii.</strong></span> <span class='ocrx_word' id='word_1_193' title='bbox 1849 2532 1940 2581; x_wconf 85' lang='lat'><strong>551</strong></span> <span class='ocrx_word' id='word_1_194' title='bbox 1966 2535 1981 2580; x_wconf 72' lang='grc' dir='ltr'><strong><em>ς</em></strong></span> <span class='ocrx_word' id='word_1_195' title='bbox 2027 2518 2138 2569; x_wconf 78' lang='lat' dir='ltr'><strong>and</strong></span> <span class='ocrx_word' id='word_1_196' title='bbox 2171 2519 2451 2569; x_wconf 83' lang='lat' dir='ltr'><strong>Elizabeth</strong></span> <span class='ocrx_word' id='word_1_197' title='bbox 2487 2536 2616 2584; x_wconf 77' lang='lat' dir='ltr'><strong>may</strong></span> <span class='ocrx_word' id='word_1_198' title='bbox 2647 2522 2783 2571; x_wconf 82' lang='lat' dir='ltr'><strong>have</strong></span> <span class='ocrx_word' id='word_1_199' title='bbox 2817 2525 2953 2574; x_wconf 86' lang='lat' dir='ltr'><strong>been</strong></span> <span class='ocrx_word' id='word_1_200' title='bbox 2992 2539 3104 2574; x_wconf 84' lang='lat' dir='ltr'><strong>one</strong></span> 
     </span>
     <span class='ocr_line' id='line_1_22' title="bbox 705 2584 3102 2650; baseline 0.002 -15"><span class='ocrx_word' id='word_1_201' title='bbox 705 2588 765 2638; x_wconf 73' lang='lat' dir='ltr'><strong>of</strong></span> <span class='ocrx_word' id='word_1_202' title='bbox 791 2587 962 2639; x_wconf 82' lang='lat' dir='ltr'><strong>them.</strong></span> <span class='ocrx_word' id='word_1_203' title='bbox 1030 2587 1291 2638; x_wconf 71' lang='lat' dir='ltr'><strong>Erasmus</strong></span> <span class='ocrx_word' id='word_1_204' title='bbox 1324 2587 1513 2649; x_wconf 79' lang='lat' dir='ltr'><strong>speaks</strong></span> <span class='ocrx_word' id='word_1_205' title='bbox 1549 2585 1611 2634; x_wconf 76' lang='lat' dir='ltr'><strong>of</strong></span> <span class='ocrx_word' id='word_1_206' title='bbox 1640 2589 1793 2650; x_wconf 82' lang='lat' dir='ltr'><strong>great</strong></span> <span class='ocrx_word' id='word_1_207' title='bbox 1831 2584 2096 2636; x_wconf 83' lang='lat' dir='ltr'><strong>kindness</strong></span> <span class='ocrx_word' id='word_1_208' title='bbox 2136 2584 2327 2634; x_wconf 80' lang='lat' dir='ltr'><strong>shown</strong></span> <span class='ocrx_word' id='word_1_209' title='bbox 2368 2589 2423 2635; x_wconf 86' lang='lat' dir='ltr'><strong>to</strong></span> <span class='ocrx_word' id='word_1_210' title='bbox 2461 2586 2581 2636; x_wconf 88' lang='lat' dir='ltr'><strong>him</strong></span> <span class='ocrx_word' id='word_1_211' title='bbox 2622 2588 2694 2650; x_wconf 81' lang='lat' dir='ltr'><strong>by</strong></span> <span class='ocrx_word' id='word_1_212' title='bbox 2734 2589 2897 2639; x_wconf 87' lang='lat' dir='ltr'><strong>Berta</strong></span> <span class='ocrx_word' id='word_1_213' title='bbox 2931 2590 3102 2641; x_wconf 75' lang='lat' dir='ltr'><strong>when</strong></span> 
     </span>
     <span class='ocr_line' id='line_1_23' title="bbox 707 2649 3088 2723; baseline 0.001 -20"><span class='ocrx_word' id='word_1_214' title='bbox 707 2653 777 2704; x_wconf 89' lang='lat' dir='ltr'><strong>he</strong></span> <span class='ocrx_word' id='word_1_215' title='bbox 800 2666 912 2704; x_wconf 77' lang='lat' dir='ltr'><strong>was</strong></span> <span class='ocrx_word' id='word_1_216' title='bbox 931 2667 1004 2703; x_wconf 86' lang='lat' dir='ltr'><strong>an</strong></span> <span class='ocrx_word' id='word_1_217' title='bbox 1027 2654 1235 2717; x_wconf 84' lang='lat' dir='ltr'><strong>orphan</strong></span> <span class='ocrx_word' id='word_1_218' title='bbox 1260 2652 1415 2718; x_wconf 84' lang='lat' dir='ltr'><strong>(ibid.</strong></span> <span class='ocrx_word' id='word_1_219' title='bbox 1438 2666 1539 2717; x_wconf 77' lang='lat'><strong>552</strong></span> <span class='ocrx_word' id='word_1_220' title='bbox 1552 2652 1640 2717; x_wconf 82' lang='grc' dir='ltr'><strong>Ε),</strong></span> <span class='ocrx_word' id='word_1_221' title='bbox 1661 2653 1726 2704; x_wconf 84' lang='lat' dir='ltr'><strong>in</strong></span> <span class='ocrx_word' id='word_1_222' title='bbox 1747 2650 1930 2702; x_wconf 79' lang='lat' dir='ltr'><strong>which</strong></span> <span class='ocrx_word' id='word_1_223' title='bbox 1949 2650 2050 2702; x_wconf 79' lang='lat' dir='ltr'><strong>her</strong></span> <span class='ocrx_word' id='word_1_224' title='bbox 2069 2649 2362 2714; x_wconf 70' lang='lat' dir='ltr'><strong>daughters</strong></span> <span class='ocrx_word' id='word_1_225' title='bbox 2385 2666 2514 2715; x_wconf 83' lang='lat' dir='ltr'><strong>may</strong></span> <span class='ocrx_word' id='word_1_226' title='bbox 2534 2652 2660 2703; x_wconf 77' lang='lat' dir='ltr'><strong>well</strong></span> <span class='ocrx_word' id='word_1_227' title='bbox 2683 2653 2820 2705; x_wconf 81' lang='lat' dir='ltr'><strong>have</strong></span> <span class='ocrx_word' id='word_1_228' title='bbox 2840 2655 3088 2723; x_wconf 59' lang='grc' dir='ltr'><strong>σιω-σὼ]</strong></span> 
     </span>
    </p>
   </div>
   <div class='ocr_carea' id='block_1_6' title="bbox 850 2763 2939 2974">
    <p class='ocr_par' dir='ltr' id='par_1_6' title="bbox 850 2763 2939 2974">
     <span class='ocr_line' id='line_1_24' title="bbox 850 2763 2939 2873; baseline 0.001 -15"><span class='ocrx_word' id='word_1_229' title='bbox 850 2810 1164 2861; x_wconf 65' lang='grc' dir='ltr'><strong>ΕΒΑεΜ-νε</strong></span> <span class='ocrx_word' id='word_1_230' title='bbox 1208 2810 1715 2860; x_wconf 73' lang='lat' dir='ltr'><strong>norsnommvs</strong></span> <span class='ocrx_word' id='word_1_231' title='bbox 1759 2808 2241 2857; x_wconf 64' lang='lat' dir='ltr'><strong>ammarum</strong></span> <span class='ocrx_word' id='word_1_232' title='bbox 2286 2808 2592 2858; x_wconf 66' lang='lat' dir='ltr'><strong>nomam</strong></span> <span class='ocrx_word' id='word_1_233' title='bbox 2638 2763 2939 2873; x_wconf 62' lang='lat' dir='ltr'><strong>masna,</strong></span> 
     </span>
     <span class='ocr_line' id='line_1_25' title="bbox 1599 2912 2197 2974; baseline -0.002 -12"><span class='ocrx_word' id='word_1_234' title='bbox 1599 2913 1737 2962; x_wconf 66' lang='lat' dir='ltr'><strong>mco</strong></span> <span class='ocrx_word' id='word_1_235' title='bbox 1783 2912 2102 2974; x_wconf 55' lang='lat' dir='ltr'><strong>molus,</strong></span> <span class='ocrx_word' id='word_1_236' title='bbox 2148 2913 2197 2961; x_wconf 91' lang='lat' dir='ltr'><strong>s.</strong></span> 
     </span>
    </p>
   </div>
   <div class='ocr_carea' id='block_1_7' title="bbox 786 3027 3228 3113">
    <p class='ocr_par' dir='ltr' id='par_1_7' title="bbox 786 3027 3228 3113">
     <span class='ocr_line' id='line_1_26' title="bbox 786 3027 3228 3113; baseline -0.001 -13"><span class='ocrx_word' id='word_1_237' title='bbox 786 3035 1128 3100; x_wconf 64' lang='lat' dir='ltr'><strong>Rnnmaeu</strong></span> <span class='ocrx_word' id='word_1_238' title='bbox 1180 3037 1330 3098; x_wconf 78' lang='lat' dir='ltr'><strong>sunt</strong></span> <span class='ocrx_word' id='word_1_239' title='bbox 1381 3034 1561 3108; x_wconf 88' lang='lat' dir='ltr'><strong>mihi,</strong></span> <span class='ocrx_word' id='word_1_240' title='bbox 1617 3053 1789 3095; x_wconf 89' lang='lat' dir='ltr'><strong>soror</strong></span> <span class='ocrx_word' id='word_1_241' title='bbox 1831 3053 1958 3093; x_wconf 81' lang='lat' dir='ltr'><strong>vna</strong></span> <span class='ocrx_word' id='word_1_242' title='bbox 2003 3033 2289 3095; x_wconf 89' lang='lat' dir='ltr'><strong>omnium</strong></span> <span class='ocrx_word' id='word_1_243' title='bbox 2343 3033 2413 3095; x_wconf 87' lang='lat' dir='ltr'><strong>in</strong></span> <span class='ocrx_word' id='word_1_244' title='bbox 2459 3033 2708 3098; x_wconf 82' lang='lat' dir='ltr'><strong>Christo</strong></span> <span class='ocrx_word' id='word_1_245' title='bbox 2759 3034 3096 3113; x_wconf 80' lang='lat' dir='ltr'><strong>carissima,</strong></span> <span class='ocrx_word' id='word_1_246' title='bbox 3219 3027 3228 3034; x_wconf 73' lang='grc'><strong>’</strong></span> 
     </span>
    </p>
   </div>
   <div class='ocr_carea' id='block_1_8' title="bbox 709 3130 3096 3210">
    <p class='ocr_par' dir='ltr' id='par_1_8' title="bbox 709 3130 3096 3210">
     <span class='ocr_line' id='line_1_27' title="bbox 709 3130 3096 3210; baseline 0.001 -17"><span class='ocrx_word' id='word_1_247' title='bbox 709 3132 949 3193; x_wconf 84' lang='lat' dir='ltr'><strong>litterae</strong></span> <span class='ocrx_word' id='word_1_248' title='bbox 970 3135 1112 3194; x_wconf 85' lang='lat' dir='ltr'><strong>tuae</strong></span> <span class='ocrx_word' id='word_1_249' title='bbox 1139 3153 1155 3206; x_wconf 86' lang='lat'>;</span> <span class='ocrx_word' id='word_1_250' title='bbox 1183 3151 1337 3209; x_wconf 85' lang='lat' dir='ltr'><strong>quae</strong></span> <span class='ocrx_word' id='word_1_251' title='bbox 1359 3133 1587 3210; x_wconf 84' lang='lat' dir='ltr'><strong>quanta</strong></span> <span class='ocrx_word' id='word_1_252' title='bbox 1607 3150 1711 3191; x_wconf 91' lang='lat' dir='ltr'><strong>me</strong></span> <span class='ocrx_word' id='word_1_253' title='bbox 1730 3130 2048 3209; x_wconf 82' lang='lat' dir='ltr'><strong>voluptate</strong></span> <span class='ocrx_word' id='word_1_254' title='bbox 2068 3131 2399 3208; x_wconf 81' lang='lat' dir='ltr'><strong>affecerint,</strong></span> <span class='ocrx_word' id='word_1_255' title='bbox 2426 3132 2590 3194; x_wconf 87' lang='lat' dir='ltr'><strong>haud</strong></span> <span class='ocrx_word' id='word_1_256' title='bbox 2614 3132 2790 3194; x_wconf 88' lang='lat' dir='ltr'><strong>facile</strong></span> <span class='ocrx_word' id='word_1_257' title='bbox 2808 3133 3096 3196; x_wconf 86' lang='lat' dir='ltr'><strong>dixerim.</strong></span> 
     </span>
    </p>
   </div>
   <div class='ocr_carea' id='block_1_9' title="bbox 711 3228 3204 3313">
    <p class='ocr_par' dir='ltr' id='par_1_9' title="bbox 711 3228 3204 3313">
     <span class='ocr_line' id='line_1_28' title="bbox 711 3228 3204 3313; baseline 0.001 -21"><span class='ocrx_word' id='word_1_258' title='bbox 711 3230 870 3292; x_wconf 85' lang='lat' dir='ltr'><strong>Prae</strong></span> <span class='ocrx_word' id='word_1_259' title='bbox 910 3250 977 3292; x_wconf 90' lang='lat' dir='ltr'><strong>se</strong></span> <span class='ocrx_word' id='word_1_260' title='bbox 1017 3230 1225 3290; x_wconf 85' lang='lat' dir='ltr'><strong>ferunt</strong></span> <span class='ocrx_word' id='word_1_261' title='bbox 1266 3229 1438 3290; x_wconf 85' lang='lat' dir='ltr'><strong>enim</strong></span> <span class='ocrx_word' id='word_1_262' title='bbox 1480 3228 1814 3307; x_wconf 83' lang='lat' dir='ltr'><strong>singularis</strong></span> <span class='ocrx_word' id='word_1_263' title='bbox 1852 3232 1994 3290; x_wconf 87' lang='lat' dir='ltr'><strong>tuae</strong></span> <span class='ocrx_word' id='word_1_264' title='bbox 2034 3249 2178 3308; x_wconf 86' lang='lat' dir='ltr'><strong>erga</strong></span> <span class='ocrx_word' id='word_1_265' title='bbox 2221 3250 2327 3294; x_wconf 88' lang='lat' dir='ltr'><strong>me</strong></span> <span class='ocrx_word' id='word_1_266' title='bbox 2366 3230 2856 3307; x_wconf 85' lang='lat' dir='ltr'><strong>beneuolentiae,</strong></span> <span class='ocrx_word' id='word_1_267' title='bbox 2903 3253 3098 3313; x_wconf 86' lang='lat' dir='ltr'><strong>quam</strong></span> <span class='ocrx_word' id='word_1_268' title='bbox 3177 3231 3204 3248; x_wconf 61' lang='grc'><strong>““</strong></span> 
     </span>
    </p>
   </div>
   <div class='ocr_carea' id='block_1_10' title="bbox 632 3325 3110 4196">
    <p class='ocr_par' dir='ltr' id='par_1_10' title="bbox 632 3325 3110 4196">
     <span class='ocr_line' id='line_1_29' title="bbox 711 3325 3104 3408; baseline 0.003 -21"><span class='ocrx_word' id='word_1_269' title='bbox 711 3343 957 3405; x_wconf 83' lang='lat' dir='ltr'><strong>semper</strong></span> <span class='ocrx_word' id='word_1_270' title='bbox 982 3325 1143 3387; x_wconf 87' lang='lat' dir='ltr'><strong>mihi</strong></span> <span class='ocrx_word' id='word_1_271' title='bbox 1171 3325 1497 3388; x_wconf 85' lang='lat' dir='ltr'><strong>conciliare</strong></span> <span class='ocrx_word' id='word_1_272' title='bbox 1526 3326 1760 3403; x_wconf 86' lang='lat' dir='ltr'><strong>studui,</strong></span> <span class='ocrx_word' id='word_1_273' title='bbox 1794 3328 2210 3391; x_wconf 86' lang='lat' dir='ltr'><strong>certissimum</strong></span> <span class='ocrx_word' id='word_1_274' title='bbox 2247 3331 2706 3408; x_wconf 82' lang='lat' dir='ltr'><strong>argumentum.</strong></span> <span class='ocrx_word' id='word_1_275' title='bbox 2797 3331 3104 3393; x_wconf 78' lang='lat' dir='ltr'><strong>Maiorem</strong></span> 
     </span>
     <span class='ocr_line' id='line_1_30' title="bbox 657 3423 3103 3505; baseline 0.003 -20"><span class='ocrx_word' id='word_1_276' title='bbox 657 3447 686 3498; x_wconf 82' lang='lat'>5</span> <span class='ocrx_word' id='word_1_277' title='bbox 708 3423 919 3503; x_wconf 78' lang='lat' dir='ltr'><strong>itaque</strong></span> <span class='ocrx_word' id='word_1_278' title='bbox 944 3423 1013 3486; x_wconf 90' lang='lat' dir='ltr'><strong>in</strong></span> <span class='ocrx_word' id='word_1_279' title='bbox 1039 3424 1300 3485; x_wconf 90' lang='lat' dir='ltr'><strong>modum</strong></span> <span class='ocrx_word' id='word_1_280' title='bbox 1326 3425 1564 3502; x_wconf 87' lang='lat' dir='ltr'><strong>gaudeo</strong></span> <span class='ocrx_word' id='word_1_281' title='bbox 1601 3443 1918 3503; x_wconf 82' lang='lat' dir='ltr'><strong>superesse</strong></span> <span class='ocrx_word' id='word_1_282' title='bbox 1949 3426 2150 3488; x_wconf 82' lang='lat' dir='ltr'><strong>adhuc</strong></span> <span class='ocrx_word' id='word_1_283' title='bbox 2175 3427 2399 3505; x_wconf 87' lang='lat' dir='ltr'><strong>quibus</strong></span> <span class='ocrx_word' id='word_1_284' title='bbox 2423 3448 2606 3490; x_wconf 87' lang='lat' dir='ltr'><strong>curae</strong></span> <span class='ocrx_word' id='word_1_285' title='bbox 2641 3428 2766 3491; x_wconf 80' lang='lat' dir='ltr'><strong>sim</strong></span> <span class='ocrx_word' id='word_1_286' title='bbox 2800 3431 2994 3494; x_wconf 80' lang='lat' dir='ltr'><strong>etiam</strong></span> <span class='ocrx_word' id='word_1_287' title='bbox 3030 3430 3103 3492; x_wconf 88' lang='lat' dir='ltr'><strong>in</strong></span> 
     </span>
     <span class='ocr_line' id='line_1_31' title="bbox 714 3520 3110 3603; baseline 0.003 -20"><span class='ocrx_word' id='word_1_288' title='bbox 714 3523 893 3583; x_wconf 83' lang='lat' dir='ltr'><strong>tanta</strong></span> <span class='ocrx_word' id='word_1_289' title='bbox 929 3520 1217 3582; x_wconf 81' lang='lat' dir='ltr'><strong>fortunae</strong></span> <span class='ocrx_word' id='word_1_290' title='bbox 1254 3522 1604 3599; x_wconf 83' lang='lat' dir='ltr'><strong>acerbitate,</strong></span> <span class='ocrx_word' id='word_1_291' title='bbox 1638 3522 1864 3603; x_wconf 86' lang='lat' dir='ltr'><strong>quique</strong></span> <span class='ocrx_word' id='word_1_292' title='bbox 1890 3543 2099 3586; x_wconf 87' lang='lat' dir='ltr'><strong>meam</strong></span> <span class='ocrx_word' id='word_1_293' title='bbox 2126 3525 2328 3586; x_wconf 83' lang='lat' dir='ltr'><strong>vicem</strong></span> <span class='ocrx_word' id='word_1_294' title='bbox 2356 3527 2624 3589; x_wconf 87' lang='lat' dir='ltr'><strong>doleant.</strong></span> <span class='ocrx_word' id='word_1_295' title='bbox 2734 3527 2819 3588; x_wconf 87' lang='lat' dir='ltr'><strong>Et</strong></span> <span class='ocrx_word' id='word_1_296' title='bbox 2850 3528 2915 3591; x_wconf 90' lang='lat' dir='ltr'><strong>id</strong></span> <span class='ocrx_word' id='word_1_297' title='bbox 2950 3548 3110 3590; x_wconf 89' lang='lat' dir='ltr'><strong>sane</strong></span> 
     </span>
     <span class='ocr_line' id='line_1_32' title="bbox 715 3620 3092 3707; baseline 0.004 -23"><span class='ocrx_word' id='word_1_298' title='bbox 715 3640 788 3684; x_wconf 90' lang='lat' dir='ltr'><strong>eo</strong></span> <span class='ocrx_word' id='word_1_299' title='bbox 833 3620 995 3684; x_wconf 84' lang='lat' dir='ltr'><strong>mihi</strong></span> <span class='ocrx_word' id='word_1_300' title='bbox 1039 3621 1276 3699; x_wconf 78' lang='lat' dir='ltr'><strong>gratius</strong></span> <span class='ocrx_word' id='word_1_301' title='bbox 1323 3621 1497 3698; x_wconf 87' lang='lat' dir='ltr'><strong>duco,</strong></span> <span class='ocrx_word' id='word_1_302' title='bbox 1551 3643 1672 3702; x_wconf 90' lang='lat' dir='ltr'><strong>quo</strong></span> <span class='ocrx_word' id='word_1_303' title='bbox 1720 3622 1917 3685; x_wconf 81' lang='lat' dir='ltr'><strong>rarius</strong></span> <span class='ocrx_word' id='word_1_304' title='bbox 1964 3623 2209 3686; x_wconf 81' lang='lat' dir='ltr'><strong>miseris</strong></span> <span class='ocrx_word' id='word_1_305' title='bbox 2247 3626 2497 3690; x_wconf 83' lang='lat' dir='ltr'><strong>euenire</strong></span> <span class='ocrx_word' id='word_1_306' title='bbox 2540 3625 2741 3690; x_wconf 82' lang='lat' dir='ltr'><strong>solere</strong></span> <span class='ocrx_word' id='word_1_307' title='bbox 2787 3626 3092 3707; x_wconf 80' lang='lat' dir='ltr'><strong>intellige.</strong></span> 
     </span>
     <span class='ocr_line' id='line_1_33' title="bbox 715 3717 3107 3802; baseline 0.004 -23"><span class='ocrx_word' id='word_1_308' title='bbox 715 3717 1033 3802; x_wconf 77' lang='lat' dir='ltr'><strong>Siquidem</strong></span> <span class='ocrx_word' id='word_1_309' title='bbox 1075 3718 1227 3781; x_wconf 87' lang='lat' dir='ltr'><strong>dum</strong></span> <span class='ocrx_word' id='word_1_310' title='bbox 1262 3719 1386 3780; x_wconf 75' lang='lat' dir='ltr'><strong>tibi</strong></span> <span class='ocrx_word' id='word_1_311' title='bbox 1433 3720 1692 3801; x_wconf 80' lang='lat' dir='ltr'><strong>integra,</strong></span> <span class='ocrx_word' id='word_1_312' title='bbox 1738 3721 1892 3782; x_wconf 87' lang='lat' dir='ltr'><strong>dum</strong></span> <span class='ocrx_word' id='word_1_313' title='bbox 1942 3721 2208 3784; x_wconf 82' lang='lat' dir='ltr'><strong>secunda</strong></span> <span class='ocrx_word' id='word_1_314' title='bbox 2256 3726 2512 3785; x_wconf 88' lang='lat' dir='ltr'><strong>manent</strong></span> <span class='ocrx_word' id='word_1_315' title='bbox 2554 3724 2781 3799; x_wconf 88' lang='lat' dir='ltr'><strong>omnia,</strong></span> <span class='ocrx_word' id='word_1_316' title='bbox 2835 3726 3107 3788; x_wconf 88' lang='lat' dir='ltr'><strong>aderunt</strong></span> 
     </span>
     <span class='ocr_line' id='line_1_34' title="bbox 714 3817 3105 3900; baseline 0.003 -20"><span class='ocrx_word' id='word_1_317' title='bbox 714 3818 1031 3881; x_wconf 81' lang='lat' dir='ltr'><strong>innumeri</strong></span> <span class='ocrx_word' id='word_1_318' title='bbox 1084 3817 1191 3897; x_wconf 86' lang='lat' dir='ltr'><strong>qui</strong></span> <span class='ocrx_word' id='word_1_319' title='bbox 1248 3821 1311 3881; x_wconf 86' lang='lat' dir='ltr'><strong>te</strong></span> <span class='ocrx_word' id='word_1_320' title='bbox 1364 3820 1564 3882; x_wconf 81' lang='lat' dir='ltr'><strong>amico</strong></span> <span class='ocrx_word' id='word_1_321' title='bbox 1614 3819 1745 3882; x_wconf 71' lang='lat' dir='ltr'><strong>frui</strong></span> <span class='ocrx_word' id='word_1_322' title='bbox 1797 3820 2123 3898; x_wconf 82' lang='lat' dir='ltr'><strong>gaudeant,</strong></span> <span class='ocrx_word' id='word_1_323' title='bbox 2184 3821 2292 3900; x_wconf 87' lang='lat' dir='ltr'><strong>qui</strong></span> <span class='ocrx_word' id='word_1_324' title='bbox 2347 3825 2523 3886; x_wconf 81' lang='lat' dir='ltr'><strong>tuam</strong></span> <span class='ocrx_word' id='word_1_325' title='bbox 2577 3824 3105 3888; x_wconf 60' lang='lat' dir='ltr'><strong>neeesutudinem</strong></span> 
     </span>
     <span class='ocr_line' id='line_1_35' title="bbox 632 3917 3110 4001; baseline 0.004 -27"><span class='ocrx_word' id='word_1_326' title='bbox 632 3937 692 3974; x_wconf 80' lang='grc' dir='ltr'><strong>ιο</strong></span> <span class='ocrx_word' id='word_1_327' title='bbox 719 3919 1054 3997; x_wconf 77' lang='lat' dir='ltr'><strong>quaerant3</strong></span> <span class='ocrx_word' id='word_1_328' title='bbox 1093 3921 1158 3977; x_wconf 82' lang='lat' dir='ltr'><strong>at</strong></span> <span class='ocrx_word' id='word_1_329' title='bbox 1191 3917 1299 3978; x_wconf 81' lang='lat' dir='ltr'><strong>vbi</strong></span> <span class='ocrx_word' id='word_1_330' title='bbox 1332 3918 1616 3996; x_wconf 86' lang='lat' dir='ltr'><strong>primum</strong></span> <span class='ocrx_word' id='word_1_331' title='bbox 1656 3918 1909 3979; x_wconf 88' lang='lat' dir='ltr'><strong>fortuna</strong></span> <span class='ocrx_word' id='word_1_332' title='bbox 1949 3937 2166 3981; x_wconf 85' lang='lat' dir='ltr'><strong>auerso</strong></span> <span class='ocrx_word' id='word_1_333' title='bbox 2207 3939 2425 3981; x_wconf 88' lang='lat' dir='ltr'><strong>sereno</strong></span> <span class='ocrx_word' id='word_1_334' title='bbox 2468 3919 2730 3998; x_wconf 83' lang='lat' dir='ltr'><strong>(bifrons</strong></span> <span class='ocrx_word' id='word_1_335' title='bbox 2769 3921 2942 3983; x_wconf 86' lang='lat' dir='ltr'><strong>enim</strong></span> <span class='ocrx_word' id='word_1_336' title='bbox 2984 3927 3110 4001; x_wconf 84' lang='lat' dir='ltr'><strong>est)</strong></span> 
     </span>
     <span class='ocr_line' id='line_1_36' title="bbox 717 4011 3110 4098; baseline 0.003 -22"><span class='ocrx_word' id='word_1_337' title='bbox 717 4013 879 4076; x_wconf 87' lang='lat' dir='ltr'><strong>truci</strong></span> <span class='ocrx_word' id='word_1_338' title='bbox 904 4016 969 4075; x_wconf 89' lang='lat' dir='ltr'><strong>te</strong></span> <span class='ocrx_word' id='word_1_339' title='bbox 994 4014 1175 4075; x_wconf 86' lang='lat' dir='ltr'><strong>vultu</strong></span> <span class='ocrx_word' id='word_1_340' title='bbox 1196 4016 1525 4092; x_wconf 73' lang='lat' dir='ltr'><strong>aspexerit,</strong></span> <span class='ocrx_word' id='word_1_341' title='bbox 1560 4011 1848 4094; x_wconf 81' lang='lat' dir='ltr'><strong>protinus</strong></span> <span class='ocrx_word' id='word_1_342' title='bbox 1879 4016 2220 4080; x_wconf 79' lang='lat' dir='ltr'><strong>amicorum</strong></span> <span class='ocrx_word' id='word_1_343' title='bbox 2252 4020 2524 4095; x_wconf 86' lang='lat' dir='ltr'><strong>tuorum,</strong></span> <span class='ocrx_word' id='word_1_344' title='bbox 2559 4039 2714 4098; x_wconf 89' lang='lat' dir='ltr'><strong>quos</strong></span> <span class='ocrx_word' id='word_1_345' title='bbox 2743 4039 2956 4084; x_wconf 80' lang='lat' dir='ltr'><strong>rerum</strong></span> <span class='ocrx_word' id='word_1_346' title='bbox 2984 4022 3110 4084; x_wconf 87' lang='lat' dir='ltr'><strong>tibi</strong></span> 
     </span>
     <span class='ocr_line' id='line_1_37' title="bbox 717 4112 3109 4196; baseline 0.004 -22"><span class='ocrx_word' id='word_1_347' title='bbox 717 4112 1071 4174; x_wconf 83' lang='lat' dir='ltr'><strong>conciliauit</strong></span> <span class='ocrx_word' id='word_1_348' title='bbox 1125 4112 1440 4189; x_wconf 82' lang='lat' dir='ltr'><strong>faelicitas,</strong></span> <span class='ocrx_word' id='word_1_349' title='bbox 1496 4114 1741 4176; x_wconf 81' lang='lat' dir='ltr'><strong>videbis</strong></span> <span class='ocrx_word' id='word_1_350' title='bbox 1793 4134 2107 4193; x_wconf 89' lang='lat' dir='ltr'><strong>superesse</strong></span> <span class='ocrx_word' id='word_1_351' title='bbox 2155 4117 2495 4180; x_wconf 89' lang='lat' dir='ltr'><strong>neminem.</strong></span> <span class='ocrx_word' id='word_1_352' title='bbox 2605 4118 2881 4196; x_wconf 79' lang='lat' dir='ltr'><strong>Fugiunt</strong></span> <span class='ocrx_word' id='word_1_353' title='bbox 2930 4121 3109 4184; x_wconf 86' lang='lat' dir='ltr'><strong>enim</strong></span> 
     </span>
    </p>
   </div>
   <div class='ocr_carea' id='block_1_11' title="bbox 714 4343 3112 4741">
    <p class='ocr_par' dir='ltr' id='par_1_11' title="bbox 714 4343 3112 4741">
     <span class='ocr_line' id='line_1_38' title="bbox 786 4343 3106 4415; baseline 0.003 -19"><span class='ocrx_word' id='word_1_354' title='bbox 786 4345 832 4396; x_wconf 89' lang='lat'><strong>1.</strong></span> <span class='ocrx_word' id='word_1_355' title='bbox 852 4359 928 4395; x_wconf 87' lang='lat'><strong>11.</strong></span> <span class='ocrx_word' id='word_1_356' title='bbox 953 4343 1248 4409; x_wconf 72' lang='lat' dir='ltr'><strong>Nasonem]</strong></span> <span class='ocrx_word' id='word_1_357' title='bbox 1261 4347 1455 4407; x_wconf 71' lang='lat' dir='ltr'><strong>A.A.3.</strong></span> <span class='ocrx_word' id='word_1_358' title='bbox 1470 4345 1553 4408; x_wconf 77' lang='grc'><strong>65.</strong></span> <span class='ocrx_word' id='word_1_359' title='bbox 1593 4347 1862 4397; x_wconf 71' lang='lat' dir='ltr'><strong>For-Eras—</strong></span> <span class='ocrx_word' id='word_1_360' title='bbox 1957 4347 2190 4412; x_wconf 80' lang='lat' dir='ltr'><strong>perhaps</strong></span> <span class='ocrx_word' id='word_1_361' title='bbox 2215 4348 2230 4376; x_wconf 86' lang='lat'>‘</span> <span class='ocrx_word' id='word_1_362' title='bbox 2246 4348 2500 4400; x_wconf 82' lang='lat' dir='ltr'><strong>dominus</strong></span> <span class='ocrx_word' id='word_1_363' title='bbox 2525 4348 2791 4400; x_wconf 84' lang='lat' dir='ltr'><strong>Ioannes’</strong></span> <span class='ocrx_word' id='word_1_364' title='bbox 2816 4349 2879 4400; x_wconf 80' lang='lat' dir='ltr'><strong>of</strong></span> <span class='ocrx_word' id='word_1_365' title='bbox 2896 4350 2992 4415; x_wconf 80' lang='lat' dir='ltr'><strong>Ep.</strong></span> <span class='ocrx_word' id='word_1_366' title='bbox 3019 4367 3106 4412; x_wconf 74' lang='lat'><strong>20.</strong></span> 
     </span>
     <span class='ocr_line' id='line_1_39' title="bbox 718 4410 3109 4480; baseline 0.003 -20"><span class='ocrx_word' id='word_1_367' title='bbox 718 4412 857 4461; x_wconf 84' lang='lat' dir='ltr'><strong>mus’</strong></span> <span class='ocrx_word' id='word_1_368' title='bbox 880 4410 1031 4473; x_wconf 82' lang='lat' dir='ltr'><strong>early</strong></span> <span class='ocrx_word' id='word_1_369' title='bbox 1046 4412 1340 4461; x_wconf 77' lang='lat' dir='ltr'><strong>atti-action</strong></span> <span class='ocrx_word' id='word_1_370' title='bbox 1358 4415 1414 4459; x_wconf 87' lang='lat' dir='ltr'><strong>to</strong></span> <span class='ocrx_word' id='word_1_371' title='bbox 1429 4411 1569 4462; x_wconf 83' lang='lat' dir='ltr'><strong>Ovid</strong></span> <span class='ocrx_word' id='word_1_372' title='bbox 1588 4427 1673 4463; x_wconf 77' lang='lat' dir='ltr'><strong>see</strong></span> <span class='ocrx_word' id='word_1_373' title='bbox 1691 4413 1862 4465; x_wconf 66' lang='lat' dir='ltr'><strong>hond.</strong></span> <span class='ocrx_word' id='word_1_374' title='bbox 1958 4428 2006 4463; x_wconf 74' lang='lat' dir='ltr'><strong>a.</strong></span> <span class='ocrx_word' id='word_1_375' title='bbox 2065 4414 2181 4463; x_wconf 80' lang='lat' dir='ltr'><strong>The</strong></span> <span class='ocrx_word' id='word_1_376' title='bbox 2201 4417 2510 4477; x_wconf 72' lang='lat' dir='ltr'><strong>monastery</strong></span> <span class='ocrx_word' id='word_1_377' title='bbox 2530 4414 2813 4480; x_wconf 69' lang='lat' dir='ltr'><strong>evidently</strong></span> <span class='ocrx_word' id='word_1_378' title='bbox 2828 4417 3109 4479; x_wconf 71' lang='lat' dir='ltr'><strong>possessed</strong></span> 
     </span>
     <span class='ocr_line' id='line_1_40' title="bbox 716 4476 3110 4597; baseline 0.002 -69"><span class='ocrx_word' id='word_1_379' title='bbox 716 4488 839 4528; x_wconf 74' lang='lat' dir='ltr'><strong>xxv.</strong></span> <span class='ocrx_word' id='word_1_380' title='bbox 866 4490 942 4538; x_wconf 79' lang='grc' dir='ltr'><strong>ιι,</strong></span> <span class='ocrx_word' id='word_1_381' title='bbox 969 4476 1248 4554; x_wconf 42' lang='lat' dir='ltr'><strong>Ian-1085.</strong></span> <span class='ocrx_word' id='word_1_382' title='bbox 1476 4543 1488 4555; x_wconf 45' lang='lat'><strong>·</strong></span> <span class='ocrx_word' id='word_1_383' title='bbox 1957 4479 2158 4556; x_wconf 41' lang='lat' dir='ltr'><strong>plenty·</strong></span> <span class='ocrx_word' id='word_1_384' title='bbox 2182 4478 2243 4528; x_wconf 82' lang='lat' dir='ltr'><strong>of</strong></span> <span class='ocrx_word' id='word_1_385' title='bbox 2271 4479 2435 4574; x_wconf 42' lang='lat' dir='ltr'><strong>booles</strong></span> <span class='ocrx_word' id='word_1_386' title='bbox 2453 4480 2624 4595; x_wconf 45' lang='lat' dir='ltr'><strong>,botulg</strong></span> <span class='ocrx_word' id='word_1_387' title='bbox 2658 4481 2753 4530; x_wconf 83' lang='lat' dir='ltr'><strong>the</strong></span> <span class='ocrx_word' id='word_1_388' title='bbox 2785 4481 3110 4597; x_wconf 51' lang='lat' dir='ltr'><strong>tkgowledge</strong></span> 
     </span>
     <span class='ocr_line' id='line_1_41' title="bbox 716 4541 3112 4678; baseline 0.003 -20"><span class='ocrx_word' id='word_1_389' title='bbox 716 4541 1862 4673; x_wconf 47' lang='lat' dir='ltr'><strong>creffhffiffisszssss‘ffiffizae</strong></span> <span class='ocrx_word' id='word_1_390' title='bbox 1957 4544 2517 4661; x_wconf 50' lang='lat' dir='ltr'><strong>mizzt‘ssz‘mm</strong></span> <span class='ocrx_word' id='word_1_391' title='bbox 2521 4625 2586 4660; x_wconf 82' lang='lat'><strong>..</strong></span> <span class='ocrx_word' id='word_1_392' title='bbox 2618 4561 2959 4676; x_wconf 50' lang='lat' dir='ltr'><strong>33⁹..AE</strong></span> <span class='ocrx_word' id='word_1_393' title='bbox 2977 4563 3112 4678; x_wconf 57' lang='lat'><strong>¹353</strong></span> 
     </span>
     <span class='ocr_line' id='line_1_42' title="bbox 714 4674 2629 4741; baseline 0.003 -19"><span class='ocrx_word' id='word_1_394' title='bbox 714 4674 812 4735; x_wconf 66' lang='grc'><strong>1-8,</strong></span> <span class='ocrx_word' id='word_1_395' title='bbox 830 4675 969 4740; x_wconf 76' lang='lat' dir='ltr'><strong>Aug.</strong></span> <span class='ocrx_word' id='word_1_396' title='bbox 1010 4675 1135 4739; x_wconf 83' lang='lat'>1496</span> <span class='ocrx_word' id='word_1_397' title='bbox 1169 4677 1296 4737; x_wconf 78' lang='lat' dir='ltr'><strong>(van</strong></span> <span class='ocrx_word' id='word_1_398' title='bbox 1332 4678 1596 4740; x_wconf 83' lang='lat' dir='ltr'><strong>Heussen,</strong></span> <span class='ocrx_word' id='word_1_399' title='bbox 1633 4677 1669 4727; x_wconf 89' lang='lat' dir='ltr'><strong>i.</strong></span> <span class='ocrx_word' id='word_1_400' title='bbox 1712 4679 1857 4739; x_wconf 51' lang='lat'><strong>194„</strong></span> <span class='ocrx_word' id='word_1_401' title='bbox 1955 4675 2167 4726; x_wconf 71' lang='lat' dir='ltr'><strong>sereneo</strong></span> <span class='ocrx_word' id='word_1_402' title='bbox 2188 4678 2244 4725; x_wconf 88' lang='lat' dir='ltr'><strong>to</strong></span> <span class='ocrx_word' id='word_1_403' title='bbox 2266 4677 2398 4727; x_wconf 88' lang='lat' dir='ltr'><strong>Sion</strong></span> <span class='ocrx_word' id='word_1_404' title='bbox 2421 4676 2503 4741; x_wconf 79' lang='lat' dir='ltr'><strong>(ii.</strong></span> <span class='ocrx_word' id='word_1_405' title='bbox 2524 4678 2629 4740; x_wconf 81' lang='lat'><strong>67).</strong></span> 
     </span>
    </p>
   </div>
  </div>
 </body>
</html>
