3355 5380
257 354 441 439 1500]
528 358 760 418 FROM
814 358 1089 419 JAMES
1141 357 1366 420 BA'r'r
1420 359 1528 419 ΤΟ
1576 358 1975 420 WILLIAM
2025 357 2371 420 BLOUNT
2526 363 2645 418 283

241 519 402 578 esset
446 515 683 576 amicos
736 517 972 590 nactus,
1021 534 1178 592 quos
1221 514 1324 576 vel
1373 515 1651 577 Groeseis
1697 515 1919 592 opibus
1971 518 2388 591 anteponeret.
2477 515 2650 577 Duas

242 618 458 677 noctes
497 634 625 675 vna
666 614 1188 691 pernoctauimus.
1278 613 1453 674 Bone
1490 614 1676 687 Deus,
1720 616 1959 690 quanto
2002 614 2106 674 ille
2146 613 2370 674 affectu
2409 612 2649 675 Prioris

243 713 541 775 Richardi
566 712 1046 786 humanitatem,
1069 712 1267 775 Coleti
1294 713 1726 787 eruditionem,
1756 713 1918 772 Mori
1944 711 2339 786 suauitatem,
2372 711 2648 773 oratione

246 811 689 872 facundissima
728 811 1256 888 repraesentauit3
1310 813 1381 870 vt
1420 810 1475 870 si
1516 809 1677 870 mihi
1719 810 1989 870 liberum
2032 813 2213 884 esset,
2257 828 2546 886 cuperem
2586 812 2651 871 et

243 910 376 988 ipoe
404 912 535 970 tam
557 909 754 984 docta,
773 913 905 969 tam
934 909 1197 970 candida
1223 912 1472 986 pectora
1498 908 1714 971 visere.
1806 907 1894 968 Te
1920 911 2133 969 autem
2163 910 2388 983 totum,
2412 907 2650 986 optime
2675 932 2740 981 30

246 1007 568 1084 Montioie,
604 1007 696 1067 ita
736 1028 774 1069 a
813 1007 1030 1085 capite,
1061 1010 1133 1068 vt
1171 1008 1368 1082 aiunt,
1399 1007 1476 1068 ad
1518 1006 1749 1068 calcem
1791 1027 1991 1085 vsque
2033 1006 2332 1084 depinxit,
2363 1008 2435 1066 vt
2462 1025 2650 1083 quan·

245 1125 438 1181 quam
469 1109 655 1166 antea
680 1106 777 1165 tui
803 1125 1015 1165 amore
1041 1106 1443 1166 vehementer
1466 1106 1799 1182 flagrarim,
1830 1124 1998 1164 nunc
2034 1105 2103 1164 in
2139 1108 2204 1165 te
2236 1105 2510 1165 amando
2536 1124 2650 1164 nec

247 1204 513 1263 Erasmo
540 1204 791 1281 quidem
822 1203 943 1281 ipsi
972 1204 1204 1279 cedam,
1232 1202 1342 1281 qui
1369 1206 1431 1263 te
1458 1206 1672 1265 tamen
1700 1203 1843 1281 plus
1875 1206 2008 1264 suis
2035 1203 2229 1263 oculis
2253 1206 2441 1264 amat.
2507 1201 2650 1263 'ribi

247 1301 407 1362 adeo
453 1301 613 1361 nihil
661 1302 936 1379 imputat
974 1306 1046 1363 vt
1086 1306 1262 1363 tuam
1303 1322 1546 1380 quoque
1588 1303 1792 1363 vicem
1848 1302 2012 1380 apud
2062 1323 2163 1362 me
2211 1302 2646 1380 deplorauerit,

247 1401 358 1477 qui
404 1401 480 1461 ad
521 1402 731 1461 tantos
771 1404 912 1460 tum
959 1404 1249 1479 sumptus
1290 1405 1431 1463 tum
1468 1401 1708 1462 labores
1751 1420 1865 1461 sua
1910 1420 2095 1462 causa
2138 1400 2333 1461 fueris
2373 1401 2646 1462 adactuS.
2678 1419 2739 1469 ³5

247 1500 590 1572 Postremo,
638 1519 783 1559 cum
820 1520 857 1560 a
896 1499 1080 1560 nobis
1128 1499 1573 1578 digrederetur,
1619 1500 1739 1560 hoc
1786 1500 1949 1560 mihi
1989 1501 2178 1560 etiam
2224 1502 2409 1577 atque
2459 1500 2649 1561 etiam

248 1597 591 1671 mandauit,
622 1600 696 1658 vt
733 1598 849 1659 tibi
889 1618 1080 1676 quam
1122 1598 1487 1677 saepissime
1527 1598 1898 1672 scriberem3
1944 1598 2110 1675 quod
2140 1617 2496 1676 quanquam
2537 1618 2650 1676 pro

245 1699 358 1757 tua
405 1696 708 1774 singulari
749 1696 1033 1758 doctrina
1078 1717 1339 1774 meaque
1390 1696 1702 1775 imperitia
1748 1695 1946 1757 facere
1993 1716 2253 1771 vererer,
2302 1699 2515 1757 tamen
2570 1717 2651 1757 ne

246 1794 451 1855 officio
495 1794 764 1857 defuisse
792 1796 1050 1869 viderer,
1081 1797 1197 1856 has
1225 1795 1689 1873 qualescunque
1726 1794 1936 1856 literas
1978 1795 2055 1856 ad
2099 1798 2161 1855 te
2200 1795 2381 1869 dedi;
2423 1794 2651 1873 quibus

247 1893 302 1954 si
333 1896 395 1953 te
424 1913 555 1953 non
582 1894 816 1954 offendi
841 1894 1358 1969 animaduertero,
1391 1913 1573 1971 agam
1611 1895 1821 1953 tecum
1858 1893 2118 1972 saepius.
2204 1893 2288 1953 Et
2313 1893 2559 1953 vtinam
2586 1893 2651 1953 id
2677 1912 2743 1961 40

248 1992 458 2052 faxint
482 1993 710 2070 superi,
742 1993 920 2054 cuius
945 2013 1123 2070 spem
1161 1991 1533 2053 nonnullam
1562 1992 1864 2052 Erasmus
1892 1991 2177 2066 ostendit,
2210 1994 2279 2051 vt
2306 1995 2369 2053 te
2394 1991 2653 2070 propius

248 2090 434 2168 paulo
461 2090 826 2152 frueremur.
912 2092 1038 2152 Pro
1064 2111 1316 2152 summa
1343 2094 1452 2151 tua
1479 2090 1547 2150 in
1575 2090 1910 2151 Erasmum
1949 2110 2164 2151 meum
2200 2093 2339 2151 tum
2366 2090 2652 2151 humani·

247 2191 382 2248 tate
430 2192 571 2249 tum
617 2189 1006 2268 benignitate
1062 2189 1404 2250 immensas
1456 2189 1690 2266 gratias
1744 2192 1808 2248 et
1866 2188 2063 2248 habeo
2118 2190 2183 2247 et
2238 2188 2389 2249 dum
2437 2189 2650 2250 vinam

245 2286 510 2347 habebo.
596 2287 753 2348 Plus
794 2289 964 2348 enim
1005 2308 1110 2349 me
1151 2288 1250 2349 illi
1292 2287 1514 2349 debere
1553 2290 1723 2366 puto,
1767 2287 1822 2346 si
1859 2287 1999 2364 quis
2033 2287 2180 2363 quid
2224 2287 2301 2347 de
2341 2287 2452 2348 illo
2492 2287 2653 2349 bene

247 2388 583 2460 mereatur,
614 2407 803 2464 quam
832 2387 888 2446 si
914 2388 983 2447 in
1012 2388 1325 2465 meipsum
1355 2387 1648 2447 conferat.
2680 2399 2741 2447 45

334 2484 894 2545 Generosissimam
921 2485 1244 2546 dominam
1281 2486 1613 2562 coniugem
1640 2488 1835 2559 tuam,
1868 2503 2150 2544 socerum
2177 2483 2487 2560 optimum
2516 2484 2653 2546 reli-

250 2602 566 2662 quamque
592 2583 896 2643 familiam
925 2584 1081 2644 bene
1110 2583 1316 2644 valere
1344 2604 1579 2662 precor.

333 2682 432 2742 Ex
459 2702 601 2742 arce
620 2680 1021 2742 Tomehensi.
1110 2683 1320 2743 Anno.
1355 2702 1418 2742 ιι.
1435 2701 1596 2744 cccc.
1613 2702 1781 2744 xcrx.

953 2874 1095 2937 121.
1186 2870 1284 2934 'l'o
1331 2871 1614 2936 Rosssm·
1663 2871 1966 2936 GAomN.

326 2974 578 3046 Farrago
603 2993 659 3045 p.
686 2976 771 3029 81.
2267 2970 2440 3026 Paris.

322 3061 387 3117 F.
411 3080 467 3132 p.
494 3077 630 3131 243:
669 3061 810 3117 HN:
851 3061 1028 3117 Lond.
1053 3060 1125 3115 iv.
1153 3064 1251 3118 26:
1291 3061 1403 3117 LB.
1431 3065 1518 3130 84.
2127 3058 2395 3132 (March)
2422 3060 2583 3133 iffi&

320 3181 575 3247 [Richter
592 3182 933 3245 ingeniously
950 3184 1189 3245 suggests
1207 3183 1329 3233 that
1351 3182 1466 3232 this
1488 3183 1599 3232 and
1621 3183 1720 3245 Ep.
1752 3196 1845 3229 122
1868 3183 2061 3244 belong
2084 3185 2140 3230 to
2161 3182 2256 3229 the
2279 3180 2466 3243 period
2490 3180 2652 3229 when

251 3247 509 3297 hamus
531 3262 642 3296 was
663 3248 973 3310 composing
995 3249 1090 3297 the
1112 3252 1309 3308 Addaia
1330 3265 1345 3308 3
1374 3249 1484 3298 and
1508 3250 1688 3311 points
1708 3252 1803 3296 out
1825 3249 1947 3297 that
1969 3248 2267 3297 references
2296 3250 2354 3295 to
2374 3246 2470 3295 the
2501 3246 2655 3294 three

252 3313 478 3363 authors
499 3313 818 3363 mentioned
841 3329 998 3363 occur
1018 3314 1080 3363 in
1102 3314 1198 3363 the
1220 3315 1521 3377 beginning
1544 3314 1603 3362 of
1618 3315 1743 3363 that
1764 3313 2020 3377 volume]

848 3446 1167 3495 EBASMVS
1214 3447 1527 3494 ROBERTO
1573 3446 1882 3494 GAGVINO
1929 3446 2050 3493 ΒΑ).

335 3568 726 3628 Smevmms
779 3573 890 3628 tua
940 3568 1318 3642 humanitaS,
1371 3588 1493 3646 qua
1549 3587 1681 3629 non
1736 3570 1977 3628 minore
2032 3587 2176 3627 cum
2231 3566 2415 3627 laude
2457 3566 2659 3626 vincis

254 3685 476 3727 omnes
515 3686 708 3743 quam
752 3665 1119 3741 eruditione,
1167 3666 1326 3726 mihi
1369 3666 1529 3727 hanc
1573 3666 1892 3726 ministrat
1934 3665 2246 3739 fiduciam,
2295 3668 2367 3725 vt
2406 3663 2660 3725 tametsi

254 3765 420 3826 nihil
445 3764 841 3843 promeritus,
870 3765 1134 3824 audeam
1173 3768 1387 3825 tamen
1425 3767 1609 3825 tuum
1637 3765 1912 3824 officium
1944 3767 2074 3824 tam
2103 3763 2297 3823 libere
2327 3764 2654 3840 requirere.

256 3864 377 3925 Est
417 3862 580 3923 mihi
621 3881 767 3922 cum
809 3862 1145 3935 Macrobio,
1188 3863 1445 3923 homine
1487 3863 1580 3937 (vt
1619 3862 1764 3939 scis)
1805 3882 2099 3940 perquam
2138 3862 2382 3932 festino,
2422 3862 2663 3939 aliquot

654 4011 764 4059 120.
789 4024 868 4070 43.
903 4010 1231 4059 immensam
1255 4010 1486 4073 gratiam
1511 4013 1574 4060 H.
1794 4010 1874 4070 48.
1908 4009 2172 4058 Tornensi
2194 4013 2261 4058 H.

329 4142 864 4207 120.41.tepropius]
882 4141 1220 4194 Mr.Nichols
1233 4142 1413 4191 shows
1513 4142 1718 4191 Record
1761 4142 1975 4206 Office);
2024 4143 2122 4191 but
2169 4143 2214 4189 it
2250 4156 2361 4190 was
2398 4141 2550 4191 filled
2587 4142 2661 4205 by

257 4208 386 4256 that
437 4207 555 4255 this
598 4207 809 4256 alludes
852 4212 909 4256 to
955 4223 1027 4257 an
1072 4209 1410 4271 expectation
1513 4210 1607 4258 the
1640 4209 2018 4270 appointment
2057 4208 2116 4258 of
2142 4208 2290 4256 John
2321 4207 2660 4257 Turberville

259 4274 385 4323 that
407 4271 694 4335 Hountjoy
713 4273 896 4322 would
926 4274 995 4322 be
1029 4273 1323 4337 appointed
1356 4277 1412 4323 to
1512 4289 1583 4323 on
1621 4290 1683 4323 12
1716 4277 1845 4336 Apr.
1886 4288 2027 4335 1500,
2062 4272 2192 4321 ibid.
2232 4288 2303 4322 m.
2330 4289 2378 4322 2.
2445 4273 2529 4322 On
2564 4272 2661 4321 the

256 4338 357 4387 the
371 4339 659 4388 command
674 4339 735 4387 of
745 4339 1009 4389 Hammes
1022 4340 1220 4400 Oastle,
1231 4340 1411 4388 which
1511 4339 1679 4388 death
1694 4340 1754 4388 of
1762 4338 2094 4389 Turberville
2114 4338 2326 4401 Mountj
2332 4354 2400 4402 oy
2415 4337 2660 4387 received

257 4403 353 4452 his
374 4404 554 4453 father
576 4404 685 4452 had
706 4404 839 4453 held
866 4406 1010 4453 until
1041 4406 1130 4454 his
1157 4404 1320 4454 death
1351 4407 1411 4453 in
1512 4406 1607 4454 the
1640 4404 2035 4467 appointment‚
2070 4406 2136 4451 26
2165 4405 2306 4453 June
2344 4418 2485 4465 1503,
2522 4403 2663 4451 with

263 4470 409 4530 1485.
500 4469 615 4517 The
673 4469 1078 4533 ‘lieutenancy'
1124 4486 1235 4519 was
1290 4485 1412 4519 now
1511 4469 2501 4532 effect‚aain'1'urberville’seasealso,
2522 4464 2660 4517 from

257 4537 478 4596 vacant,
515 4535 754 4597 through
794 4536 891 4584 the
933 4535 1093 4586 relies
1124 4537 1185 4585 of
1211 4536 1413 4585 Robert
1511 4538 1546 4585 6
1577 4535 1738 4599 April
1771 4536 2095 4598 preceding3
2129 4535 2263 4585 ibid.
2299 4536 2360 4584 18
2393 4534 2532 4585 Hen.
2560 4547 2659 4595 vn,

253 4601 467 4650 Gur-on
519 4615 591 4649 on
644 4616 711 4662 29
756 4601 890 4663 Aug.
944 4616 1084 4664 1499,
1128 4602 1248 4652 Rot.
1297 4601 1413 4651 Pat.
1510 4617 1585 4651 m.
1612 4617 1655 4664 7.

256 4665 451 4719 franc.
508 4679 568 4728 15
614 4666 755 4716 Hen.
800 4681 898 4728 vn,
945 4682 1018 4717 m.
1074 4682 1133 4716 12
1177 4668 1263 4729 (in
1318 4668 1413 4716 the
1581 4670 1767 4729 121.4.
1806 4666 2097 4731 Macrobio]
2135 4666 2212 4717 Cf.
2241 4667 2336 4729 Ep.
2367 4667 2477 4716 126.
2500 4680 2614 4717 220.

1404 4768 1517 4813 112
