3355 5380
293 410 312 449 1
327 386 474 472 513]
951 395 1060 456 ΤΟ
1113 394 1505 459 ANDREW
1557 395 2019 460 AMMONIUS
2573 405 2692 461 54⁷

285 546 585 609 Lusimus
627 552 692 610 et
728 568 846 611 nos
883 551 1129 628 pridem
1170 552 1241 613 in
1279 553 1496 631 fugam
1536 552 1882 630 Gallorum,
1916 554 2023 616 sed
2062 554 2264 617 Musis
2303 559 2368 618 et
2400 555 2695 635 Apolline

281 647 496 722 nullo;
537 668 790 711 carmen
817 649 895 711 ad
923 653 989 711 te
1014 650 1350 714 misimus:
1391 672 1521 713 non
1548 654 1758 731 potest
1784 651 1907 713 nisi
1933 653 2128 714 semel
2167 674 2301 716 esse
2339 655 2693 732 molestum,

283 766 428 808 cum
471 746 557 809 sit
599 746 1063 811 breuissimum.
1153 750 1275 826 Qui
1317 754 1382 812 te
1424 750 1583 812 meis
1626 750 1913 812 ouerauit
1954 751 2171 827 literis,
2215 753 2385 815 haud
2427 755 2578 816 fecit
2620 775 2698 817 ex
2723 773 2817 825 140

284 844 487 906 animi
525 845 651 906 mei
683 845 1028 908 sententia:
1070 846 1202 926 ipse
1239 847 1455 909 literas
1483 849 1561 909 ad
1592 848 1838 910 omneis
1869 848 2260 927 efflagitaret,
2292 850 2533 913 iactans
2561 871 2697 913 sese
2722 866 2737 885 ·

285 962 598 1021 nusquam
626 964 754 1004 non
775 944 1014 1005 iturum
1035 965 1107 1006 ac
1122 948 1377 1007 tantum
1400 966 1529 1007 non
1548 946 1911 1007 Vniuersam
1933 946 2350 1010 lustraturum
2373 949 2693 1027 Angliam.

279 1042 356 1103 Si
400 1042 652 1104 dabitur
700 1042 1126 1118 commoditas,
1172 1044 1394 1107 redde:
1450 1044 1552 1105 sin
1593 1044 1825 1119 minus,
1873 1046 2164 1109 coniicito
2213 1046 2315 1107 vel
2363 1047 2434 1109 in
2479 1047 2697 1125 ignem

283 1140 495 1217 potius
542 1160 732 1217 quam
777 1144 848 1201 vt
893 1161 967 1202 eo
1015 1142 1295 1219 graueris
1337 1142 1562 1205 officio·
1665 1143 1761 1204 De
1803 1143 2003 1205 literis
2048 1164 2202 1223 quas
2243 1166 2347 1206 me
2391 1145 2697 1224 negabam

284 1237 614 1316 accepisse,
641 1238 805 1299 nihil
844 1239 1335 1315 addubitabam;
1375 1244 1589 1302 tamen
1626 1241 1800 1303 lucro
1836 1242 2030 1304 fuisse
2068 1246 2240 1304 tuam
2276 1243 2697 1321 suspicionem
2722 1262 2814 1313 145

282 1337 538 1414 gaudeo.
629 1336 845 1414 Neque
871 1338 1045 1399 enim
1073 1338 1384 1402 mediocre
1420 1339 1718 1402 solatium
1753 1340 2045 1402 adferunt
2079 1345 2226 1404 tuae
2261 1342 2495 1417 literae,
2527 1361 2698 1421 prae-

281 1435 503 1496 sertim
551 1434 620 1494 in
665 1437 845 1496 tanto
896 1455 1109 1497 rerum
1152 1438 1376 1499 taedio.
1464 1438 1865 1511 Includimur
1911 1441 2289 1517 pestilentia,
2338 1441 2700 1502 obsidemur

280 1532 645 1606 latrociniis,
676 1554 790 1611 pro
815 1534 967 1595 vino
995 1534 1275 1597 bibimus
1302 1555 1572 1648 vappam
1598 1539 1664 1598 et
1692 1536 1747 1598 si
1775 1537 1925 1616 quid
1960 1557 2164 1617 vappa
2201 1539 2490 1614 deterius,
2520 1542 2696 1600 trun-

280 1634 462 1692 catur
505 1650 745 1693 census.
851 1632 925 1693 Io
969 1633 1330 1712 triumphe;
1387 1634 1477 1696 sic
1521 1653 1785 1696 ouamus
1828 1635 1998 1697 orbis
2038 1637 2325 1699 victores.
2428 1638 2695 1700 Carmen

280 1731 466 1790 tuum
492 1733 559 1790 et
586 1730 690 1790 hic
714 1730 948 1808 poesim
977 1733 1233 1810 rapitur,
1266 1733 1726 1809 transcribitur,
1754 1754 1825 1795 ac
1860 1735 2154 1796 laudatur
2188 1736 2268 1796 ab
2304 1736 2601 1798 omnibus
2626 1738 2698 1799 vt
2724 1757 2818 1810 ¹50

280 1827 598 1888 eruditum
624 1831 688 1890 et
714 1828 1131 1907 ingeniosum.

366 1925 450 1986 In
478 1926 734 2005 negocio
755 1927 1241 1989 Prouerbiorum
1269 1928 1539 2007 pessime
1564 1947 1710 1990 sum
1730 1933 2020 2008 acceptus
2046 1930 2126 1992 ab
2152 1930 2293 1992 istis
2318 1930 2691 2009 bibliopolis.

285 2022 557 2099 Quidam
598 2046 668 2087 ea
708 2024 1002 2087 formulis
1042 2026 1293 2089 excudit
1333 2025 1634 2100 Basileae,
1682 2027 1791 2088 sed
1833 2028 1924 2089 ita
1977 2028 2267 2090 imitatus
2319 2029 2695 2091 seditionem

281 2122 589 2184 Aldinam
656 2126 728 2184 vt
791 2144 1017 2201 parum
1072 2124 1335 2186 attentis
1387 2124 1602 2186 eadem
1656 2124 1859 2185 videri
1911 2126 2125 2205 possit.
2240 2128 2695 2190 commiseram

281 2221 602 2300 exemplar
648 2222 1053 2284 emendatum
1098 2243 1169 2284 ac
1212 2221 1663 2302 locupletatum
1712 2222 2059 2299 Francisco,
2099 2224 2211 2303 qui
2256 2224 2454 2286 libros
2498 2226 2697 2288 ferme
2726 2245 2818 2296 155

283 2337 507 2379 omnes
547 2319 778 2380 solitus
803 2324 901 2381 est
927 2320 1051 2381 huc
1077 2321 1433 2399 importare,
1467 2325 1539 2382 vt
1565 2319 1666 2382 vel
1696 2321 1898 2382 Badio
1927 2322 2029 2383 vel
2057 2343 2134 2383 ex
2171 2322 2347 2385 illius
2384 2324 2698 2385 sententia

284 2418 706 2480 committeret
731 2419 859 2481 alii.
922 2419 992 2480 Is
1017 2420 1222 2482 bonus
1240 2420 1342 2481 vir
1367 2425 1535 2482 recta
1555 2419 1873 2482 Basileam
1900 2418 2265 2499 deportauit‚
2286 2422 2347 2483 ei
2373 2423 2442 2484 in
2469 2443 2697 2486 manus

286 2512 460 2573 dedit
488 2512 597 2591 qui
624 2515 754 2574 iam
781 2515 1128 2589 excudent,
1163 2517 1236 2576 vt
1262 2515 1414 2576 haec
1451 2518 1592 2576 tum
1631 2514 1888 2576 demum
1925 2517 2109 2577 aedat
2150 2537 2297 2577 cum
2333 2536 2449 2578 sua
2485 2517 2696 2578 diuen-

287 2610 529 2685 diderit,
551 2611 669 2671 hoc
696 2614 793 2672 est
820 2616 963 2690 post
984 2612 1375 2675 decennium.
1436 2612 1806 2693 Complures
1822 2613 1980 2676 item
1995 2614 2247 2677 libellos
2262 2634 2339 2675 ex
2356 2616 2697 2678 Plutarcho

288 2728 359 2769 ac
407 2708 686 2771 Luciano
734 2730 949 2773 versos
996 2711 1434 2773 commiseram
1482 2711 1682 2773 Badio
1729 2712 2082 2789 tradendos,
2139 2717 2211 2775 vt
2267 2715 2698 2794 superioribus
2723 2723 2819 2776 160

287 2828 444 2886 quos
469 2808 659 2871 habet
686 2811 1092 2890 adiungeret;
1134 2815 1200 2873 et
1225 2813 1341 2875 hos
1366 2811 1482 2888 illi,
1511 2812 1608 2873 vti
1635 2813 1932 2892 suspicor,
1965 2813 2244 2890 tradidit,
2268 2820 2463 2893 vtque
2489 2813 2698 2893 plures

288 2908 544 2968 mittam
588 2912 780 2986 rogat.
883 2910 986 2971 En
1031 2910 1475 2972 Sicambricam
1520 2911 1752 2986 fidem;
1808 2911 1917 2972 sed
1961 2914 2058 2972 est
2101 2933 2223 2992 quo
2269 2932 2373 2974 me
2415 2914 2692 2975 vlciscar.
2748 2905 2754 2912 ⁴

288 3005 621 3068 Seruatum
649 3011 744 3068 est
770 3008 1159 3087 Adagiorum
1188 3008 1520 3086 exemplar,
1553 3012 1617 3069 et
1644 3009 1898 3088 quidem
1928 3009 2253 3089 aliquanto
2288 3009 2598 3088 copiosius
2622 3030 2695 3071 eo

287 3105 455 3182 quod
481 3104 593 3165 ille
617 3105 894 3167 abstulit.
979 3106 1467 3170 Cretissabimus
1492 3126 1636 3168 cum
1665 3108 1963 3169 Cretensi.

449 3248 558 3296 149.
595 3249 789 3284 census
810 3238 887 3285 E:
920 3249 1109 3286 sensus
1129 3241 1279 3288 Lond.
1485 3252 1594 3300 153.
1631 3237 1878 3288 Basileae
1899 3242 1972 3289 E:
2007 3238 2282 3300 Tubingae
2305 3243 2351 3287 F
2371 3207 2553 3300 cmv-w.

357 3383 466 3445 138.
506 3382 787 3448 Luslmus]
828 3383 942 3433 The
978 3384 1226 3434 fourteen
1263 3396 1444 3433 verses
1614 3397 1722 3445 155.
1757 3383 2060 3449 exemplar]
2084 3385 2163 3435 ct.
2191 3384 2288 3449 Ep.
2316 3400 2428 3449 919.
2451 3398 2555 3446 311.

286 3449 415 3499 here
438 3448 659 3500 alluded
682 3452 739 3499 to
760 3464 850 3499 are
872 3449 1093 3512 printed
1116 3450 1177 3499 in
1200 3450 1246 3499 E
1267 3451 1326 3499 at
1347 3450 1443 3499 the
1666 3448 1971 3514 Francisco]
1989 3450 2313 3499 Berckman·
2300 3452 2419 3514 ,.Ep
2435 3451 2547 3511 958.
2562 3465 2687 3512 1411.

289 3513 397 3563 end
439 3515 499 3564 of
536 3516 653 3565 this
692 3514 895 3577 letter;
939 3514 1039 3564 but
1075 3517 1172 3565 not
1208 3515 1269 3564 in
1306 3514 1445 3565 later
1613 3528 1721 3576 157.
1761 3515 2382 3580 Basileam]Unalte1-ed
2405 3518 2465 3565 in
2483 3516 2621 3579 spite
2639 3516 2699 3565 os

289 3578 543 3641 editions,
564 3595 623 3630 aa
643 3580 778 3644 they
801 3581 909 3630 had
932 3582 1069 3630 been
1101 3579 1356 3630 included
1381 3581 1442 3629 in
1540 3579 1637 3629 the
1674 3583 1971 3631 correction
2008 3582 2206 3642 above;
2258 3582 2357 3631 but
2391 3581 2692 3631 Berckman

289 3644 559 3695 Ernmna’
574 3650 940 3707 mammosa
953 3648 1094 3696 from
1108 3645 1295 3697 March
1316 3661 1376 3709 15
1382 3647 1443 3697 18
1540 3645 1723 3695 would
1767 3647 2028 3710 probably
2071 3646 2212 3695 have
2257 3648 2694 3699 communicated

292 3709 490 3772 (Basle‚
510 3710 743 3773 Froben)
765 3712 1017 3762 onwards
1037 3711 1176 3761 with
1199 3711 1295 3762 the
1317 3661 1440 3761 tistle
1541 3711 1679 3761 with
1703 3712 1972 3761 Anshelrn
1995 3712 2161 3760 throu
2197 3712 2236 3761 h
2261 3712 2564 3763 Fraukfort.

294 3774 401 3824 ‘In
455 3777 638 3838 fugam
688 3777 966 3826 Gallorum
1021 3777 1440 3841 insequentibus
1610 3778 1721 3839 158.
1755 3781 1876 3827 tum
1939 3776 2162 3826 demum
2252 3776 2503 3828 Froben’s
2563 3782 2694 3829 next

289 3839 485 3904 Anglis
505 3841 649 3904 apud
675 3842 965 3906 Morinum,
991 3856 1077 3893 Αιι.
1100 3842 1363 3894 mann?
1541 3842 1752 3893 edition
1797 3844 1857 3893 of
1901 3843 1999 3893 the
2045 3847 2278 3894 maiades
2326 3844 2589 3907 appeared
2632 3845 2693 3893 in

420 3905 614 3972 Musis]
641 3908 800 3958 Mart.
826 3925 871 3958 9.
900 3909 1697 3971 8931515,
1717 3908 1897 3958 under
1920 3908 2192 3960 Erasmus'
2214 3910 2550 3972 supervision
2576 3926 2590 3968 3
2622 3911 2691 3960 cf.

360 3986 469 4035 153.
507 3971 773 4036 Basileae]
794 3973 908 4023 The
925 3923 1135 4024 Frgben
1158 3973 1367 4023 edition
1384 3973 1445 4023 of
1540 3973 1634 4036 ΕΡ.
1663 3975 1777 4037 969.

288 4037 385 4087 the
425 4042 659 4089 maiades
687 4044 985 4100 Adammm
1020 4039 1254 4104 (August
1289 4044 1437 4102 1513)
1608 4053 1719 4102 159.
1758 4039 2072 4104 Plutarcho]
2098 4041 2178 4093 cf.
2204 4040 2341 4104 Epp.
2365 4042 2479 4101 964.
2503 4054 2566 4100 95
2582 4039 2695 4088 and

289 4103 338 4153 is
371 4104 502 4154 here
534 4104 772 4156 referred
806 4107 879 4156 to.
962 4105 1040 4155 cf.
1079 4106 1151 4156 iv.
1188 4120 1284 4167 947
1308 4119 1434 4168 seq„
1539 4118 1653 4166 979.

286 4169 470 4219 where
505 4184 578 4219 no
618 4171 992 4220 concealment
1029 4171 1078 4220 is
1115 4169 1434 4232 attempted.
1611 4172 1721 4219 16ο.
1761 4168 2025 4233 Lucieno]
2053 4171 2158 4219 For
2181 4171 2277 4220 the
2300 4169 2460 4233 delay
2483 4171 2543 4219 in
2578 4168 2694 4218 this

286 4233 400 4284 The
465 4238 763 4286 correction
822 4241 1075 4297 Maece,
1131 4236 1291 4286 made
1353 4236 1440 4285 for
1538 4235 1753 4286 edition
1776 4251 1863 4286 see
1886 4236 1981 4300 ΕΡ.
2007 4238 2099 4284 961
2128 4235 2332 4286 introd.

289 4300 508 4350 obvious
551 4317 784 4365 reasons,
834 4303 881 4352 is
924 4301 1254 4364 impossible,
1289 4301 1439 4350 since
1608 4303 1718 4350 169.
1753 4301 1943 4365 fidem]
1979 4301 2096 4350 The
2122 4301 2459 4363 complacent
2480 4302 2608 4349 tone
2630 4300 2693 4349 in

286 4365 596 4416 Anshelm's
626 4369 907 4430 'tubingen
946 4367 1158 4418 edition
1189 4381 1302 4416 was
1342 4368 1439 4416 not
1538 4365 1724 4415 which
1749 4366 1844 4417 the
1867 4366 2085 4430 mishap
2102 4369 2149 4416 is
2174 4366 2430 4415 narrated
2452 4370 2694 4429 suggests

288 4431 577 4493 published
601 4434 687 4483 till
716 4432 902 4482 March
925 4447 1070 4494 1514.
1128 4432 1272 4482 Both
1295 4448 1438 4482 were
1538 4432 1663 4481 that
1710 4431 1966 4482 Erasmus
2009 4434 2079 4495 by
2120 4432 2236 4481 this
2271 4433 2405 4481 time
2450 4430 2547 4479 did
2592 4433 2692 4481 not

287 4498 526 4560 reprints
571 4499 631 4546 of
669 4499 763 4548 the
810 4499 1015 4548 Aldine
1060 4498 1272 4548 edition
1315 4498 1436 4562 (Ep.
1539 4499 1718 4614 rezrfft
1760 4496 2694 4613 thetotransferencesstgnaffitser

287 4575 346 4611 m
358 4564 466 4689 :3:4-
500 4627 913 4694 Oommiseram]
935 4630 1008 4679 At
1031 4643 1179 4679 some
1196 4628 1323 4680 date
1350 4629 1437 4679 be·
1539 4576 2408 4679 :iz-'weffiatlligeh‘gdrgggnived
2420 4631 2478 4678 at
2497 4577 2693 4678 ΒειιιιοὶΞ

284 4692 466 4743 tween
488 4693 620 4755 Epp.
643 4695 760 4756 964,
784 4708 832 4756 5.
1538 4695 1714 4744 mau’s
1741 4699 1755 4724 ⁸
1772 4694 1968 4744 breach
1992 4694 2053 4743 of
2071 4692 2251 4744 saith)
