3355 5380
714 390 829 446 154
1415 382 1795 445 LETTERS
1849 380 1957 442 01³·
2006 377 2404 441 EBASMUS
2921 371 3107 459 [1495

619 558 681 611 35
708 541 818 603 diu
858 540 1221 603 continuata
1259 539 1508 615 locutio,
1553 559 1692 619 que,
1733 538 1888 599 dum
1922 534 2327 615 disputatoris
2353 532 2786 596 vicissitudine
2813 532 3102 605 variatur,

707 642 939 702 recreat
980 658 1225 718 quoque
1265 641 1453 715 atque
1499 628 1767 699 oblectat
1807 635 2175 696 auditorem.
2259 632 2389 693 Nec
2429 631 2623 693 velim
2663 631 2743 692 ad
2791 650 2930 692 eam
2976 651 3107 692 rem

708 759 810 800 me
864 758 1183 800 censorem
1237 736 1448 798 vtaris.
1554 734 1823 796 Consule
1878 753 1983 794 eos
2038 732 2148 813 qui
2180 732 2487 810 ‚dyalogis
2538 732 2752 808 agunt.
2847 729 3108 791 Punctis

708 837 1088 916 quibusdam
1127 838 1312 913 etque
1349 833 1631 895 articulis
1671 833 2046 910 frequenter,
2099 829 2419 910 perpetuis
2468 830 2681 890 sutem
2725 825 3107 889 orationibus

708 956 818 1014 per
873 936 1071 997 semet
1118 934 1442 1012 disputant
1495 952 1652 994 raro.
1738 930 1921 993 Plato
1975 928 2086 989 ille
2139 928 2305 989 inter
2347 929 2594 1003 Grecos,
2643 927 2808 987 inter
2849 925 3111 986 Latinos

621 1050 685 1100 40
709 1034 924 1097 Cicero
965 1034 1030 1093 et
1068 1030 1180 1092 slii
1225 1030 1520 1092 nonnulli
1562 1029 1845 1091 iuniores
1888 1027 2009 1089 tibi
2055 1029 2305 1088 sutores
2350 1028 2558 1088 erunt·
2639 1026 2763 1088 Sed
2805 1023 3109 1086 ridiculus

708 1130 825 1192 tibi
865 1129 1092 1207 aliptes
1126 1130 1319 1205 fuero,
1360 1129 1417 1190 si
1457 1130 1529 1189 in
1568 1129 1840 1189 formose
1873 1125 2140 1187 Veneris
2180 1128 2321 1187 cute
2356 1143 2590 1186 neruos
2624 1143 2855 1185 curem.
2943 1121 3110 1184 Satis

708 1229 828 1290 tibi
852 1248 922 1289 es
948 1246 1297 1305 expungere
1320 1227 1486 1305 quod
1514 1224 1824 1287 redundat
1850 1226 1916 1285 et
1943 1223 1998 1285 si
2025 1222 2173 1301 quid
2202 1222 2363 1284 desit
2388 1242 2712 1301 apponere.

792 1327 887 1388 De
914 1326 996 1386 iis
1023 1328 1234 1387 autem
1270 1344 1391 1403 que
1416 1343 1455 1384 a
1481 1323 1741 1385 Francis
1781 1342 1912 1401 per¹
1933 1320 2279 1399 superiores
2316 1320 2636 1399 proximos
2672 1320 2804 1379 dies
2845 1317 3111 1396 gloriose

708 1428 884 1504 gesta
924 1426 1077 1485 sunt
1117 1423 1298 1502 longe
1340 1422 1727 1483 conficienda
1778 1423 1942 1482 esset
2001 1419 2275 1499 epistola,
2323 1420 2672 1480 immouero
2720 1419 2947 1496 ingens
2989 1418 3112 1477 trs·

619 1542 682 1593 45
710 1527 931 1585 ctstus.
1019 1524 1276 1585 Constat
1315 1521 1490 1581 enim
1528 1520 1657 1582 ism
1697 1538 1883 1597 supra
1924 1537 2168 1580 annum
2207 1516 2502 1579 Csrolum
2551 1536 2764 1595 regem
2804 1513 3111 1593 superatis

708 1621 998 1698 Alpibus,
1025 1639 1195 1681 ,mox
1237 1617 1576 1697 Liguribus
1618 1617 2114 1695 Insubribusque
2154 1615 2435 1677 Etruscis
2477 1634 2720 1694 quoque
2764 1616 2829 1675 et
2869 1612 3112 1673 Latinis

709 1719 1113 1793 transmissis,
1146 1716 1605 1794 expeditionem
1632 1716 1703 1777 in
1730 1715 2139 1793 Campaniam
2164 1717 2229 1776 et
2257 1713 2583 1791 Neapolim
2609 1711 2877 1786 duxisse,
2907 1713 3110 1772 extur-
3185 1736 3192 1743 ·

710 1817 980 1895 bstoque
1012 1816 1339 1893 Alphonss
1374 1816 1696 1892 regionem
1732 1833 1987 1876 omnem
2023 1812 2360 1892 recepisse;
2413 1816 2478 1874 et
2519 1812 2597 1872 de
2637 1810 2925 1873 hostibus
2964 1828 3111 1871 cum

711 1915 1177 1994 triumphasset,
1207 1916 1396 1992 atque
1422 1911 1568 1973 inde
1598 1911 1960 1989 compositis
1997 1930 2073 1971 ex
2111 1930 2227 1972 sua
2261 1910 2576 1971 sententis
2613 1908 2799 1970 rebus
2827 1909 2898 1968 in
2925 1908 3111 1968 Fran-

622 2028 687 2079 50
710 2010 873 2072 ciam
926 2011 1048 2072 iter
1097 2011 1337 2086 faceret,
1391 2010 1669 2071 Venetos
1712 2028 1858 2070 cum
1905 2009 2222 2070 Ludouico
2271 2007 2727 2070 Mediolanensi
2778 2009 2843 2068 et
2889 2007 3111 2069 multis

709 2108 953 2171 Italicis
991 2110 1229 2187 regulis
1268 2109 1614 2170 exercitum
1655 2107 1876 2169 victori
1918 2106 2139 2169 Carolo
2178 2107 2488 2183 obiecisse,
2533 2111 2702 2169 ratos
2741 2107 3110 2184 intercipere

709 2226 891 2285 posse
942 2226 1090 2268 eum
1143 2225 1182 2267 a
1236 2226 1361 2284 quo
1416 2205 1595 2268 nulls
1645 2206 1913 2267 fuissent
1966 2205 2202 2266 iniuria
2254 2204 2539 2269 lacessiti.
2627 2205 2750 2266 Sed
2805 2204 2987 2265 aliter
3037 2222 3107 2265 sc

709 2305 1042 2383 spersbsnt
1085 2304 1326 2365 accidit.
1411 2303 1599 2382 Apud
1648 2303 2004 2365 Fornousm
2047 2303 2307 2380 triginta
2351 2302 2634 2364 millibus
2679 2302 2992 2381 stippatus
3037 2302 3109 2363 in

712 2402 982 2467 Francos
1020 2403 1375 2478 irrumpens
1415 2401 1618 2463 hostis
1659 2401 1945 2479 repulsus
1984 2401 2285 2479 fususque
2325 2404 2434 2477 est,
2481 2404 2780 2480 quattuor
2826 2400 3112 2462 millibus

623 2520 685 2571 55
709 2500 977 2575 amissis,
1019 2519 1165 2561 cum
1206 2519 1285 2561 ex
1321 2500 1525 2562 Caroli
1572 2500 1771 2578 copiis
1813 2499 2002 2578 longe
2045 2499 2364 2577 pauciores
2403 2499 2536 2561 sint
2573 2499 2919 2561 desiderati,
3002 2498 3108 2560 Ad

708 2597 879 2661 hunc
918 2598 1176 2659 modum
1212 2597 1385 2659 saluo
1425 2596 1702 2659 exercitu
1738 2598 1816 2657 ad
1843 2599 2186 2659 Astensem
2223 2598 2445 2659 vrbem
2487 2618 2614 2659 non
2651 2598 2788 2659 sine
2828 2597 3109 2660 hostium

708 2695 1055 2775 ignominis
1098 2717 1165 2758 se
1210 2698 1446 2776 recipit.
1550 2696 1735 2757 Nunc
1780 2697 1995 2757 sutem
2033 2697 2235 2758 auctis
2275 2697 2472 2775 copiis
2510 2697 2771 2758 Taurini
2811 2697 3112 2758 aduersus

710 2793 957 2856 hostem
996 2795 1317 2856 animosus
1356 2797 1605 2872 perstat.
1709 2794 1780 2856 si
1815 2794 1929 2855 hec
1969 2794 2273 2872 prolixius
2311 2795 2544 2873 scripta
2582 2815 2716 2856 esse
2754 2796 2946 2873 cupis,
2990 2796 3112 2876 epi·

709 2890 939 2954 stolam
975 2893 1094 2954 tibi
1132 2893 1322 2955 mitto
1361 2893 1439 2954 de
1476 2894 1593 2954 hsc
1634 2891 1896 2953 victoris
1936 2892 2016 2953 ab
2055 2912 2130 2952 eo
2171 2893 2281 2971 qui
2320 2912 2528 2971 pugne
2567 2893 2750 2955 affuit
2789 2894 3109 2973 scriptam.

624 2990 690 3042 60
713 2989 889 3052 Vale.

1446 3095 1551 3158 4⁷.
1641 3094 1740 3159 Το
1785 3093 2073 3161 Haemon
2119 3094 2370 3162 Bonos.

780 3206 1019 3262 Carmen
1042 3205 1114 3263 de
1139 3222 1270 3262 cass
1293 3204 1577 3261 natalitia.
1602 3223 1638 3262 a
1661 3213 1741 3261 νο.
2553 3207 2702 3265 Νοιιι·
2725 3207 2897 3264 Paris.

781 3292 851 3349 0²
872 3311 928 3365 p.
960 3296 1094 3364 189:
1132 3292 1309 3349 Lond.
1333 3290 1485 3347 xxxi.
1514 3307 1615 3348 22.
1653 3292 1765 3348 LB.
1789 3293 1936 3365 App.
1962 3294 2087 3364 396.
2405 3297 2437 3351 8
2463 3293 2774 3351 November
2800 3293 3034 3366 (1495).

778 3405 917 3484 [The
968 3405 1177 3469 prefscc
1232 3408 1289 3454 to
1341 3402 1613 3454 Erasmus·
1658 3408 1854 3455 Caum
1907 3410 1963 3456 de
2014 3421 2125 3456 αισα
2177 3411 2398 3456 malma
2452 3411 2561 3457 Im
2613 3406 2704 3471 (a),
2756 3407 2921 3470 Puris,
2973 3406 3112 3458 Ant.

713 3471 963 3523 Denidel.
997 3486 1039 3521 s.
1061 3487 1110 3522 a.
1146 3469 1302 3536 (an.
1343 3470 1470 3532 1496
1482 3467 1557 3537 Ῥ),
1594 3470 1654 3520 of
1683 3471 1865 3521 which
1899 3472 2031 3535 only
2063 3474 2173 3522 two
2204 3474 2382 3535 copies
2414 3486 2503 3522 sre
2537 3472 2751 3537 known,
2784 3488 2884 3522 one
2918 3474 2981 3523 in
3013 3475 3115 3524 the

712 3535 922 3586 British
955 3536 1200 3587 Museum
1232 3534 1342 3586 and
1374 3536 1468 3585 the
1502 3535 1659 3586 other
1697 3539 1755 3586 st
1795 3537 2025 3587 cracow.
2107 3537 2221 3587 The
2256 3538 2393 3587 book
2432 3539 2679 3589 contains
2717 3553 2749 3587 s
2781 3539 3016 3588 number
3056 3538 3119 3590 of

712 3601 983 3653 nra-mun·
1001 3616 1187 3665 poems
1202 3602 1292 3667 (cf.
1306 3616 1357 3664 p.
1376 3602 1450 3663 3),
1471 3601 1532 3650 in
1548 3615 1650 3651 one
1666 3602 1729 3651 of
1739 3603 1924 3652 which
1939 3603 2152 3665 Gaguin
2171 3604 2218 3652 is
2238 3602 2356 3653 said
2373 3605 2508 3653 tobe
2524 3605 2760 3668 engaged
2784 3619 2855 3655 on
2868 3605 2964 3654 the
2981 3605 3113 3655 His·

712 3669 1194 3730 toric-eramala,
1209 3668 1330 3718 first
1344 3666 1635 3745 published
1653 3667 1842 3719 inOct.
1865 3682 2009 3732 1495,
2025 3669 2093 3719 cf.
2111 3669 2205 3732 Ep.
2225 3683 2306 3732 45,
2323 3668 2435 3719 and
2448 3670 2761 3720 Fsustuson
2774 3671 3109 3731 hisEdcmoes,

713 3732 897 3783 which
922 3748 1059 3783 were
1090 3705 1194 3784 not²
1214 3730 1505 3798 published
1534 3732 1625 3782 till
1658 3734 1801 3784 after
1826 3734 1959 3797 July
1986 3749 2125 3797 1497.
2196 3734 2310 3784 The
2340 3750 2511 3798 poem,
2537 3736 2721 3785 which
2755 3738 2803 3786 is
2831 3735 3113 3786 described

712 3814 772 3850 ss
790 3801 1068 3850 ‘etruriet
1083 3799 1499 3861 autumno-erip
1498 3799 1654 3856 tum:
1669 3800 1947 3885 1191211113Ρ
1957 3803 2369 3863 contemporary
2381 3801 2522 3849 with
2534 3801 2633 3850 the
2652 3801 2840 3852 letter‘
2851 3803 3116 3864 scriptum

712 3866 848 3929 ruri,
846 3865 1018 3917 'Nom
1042 3866 1108 3928 83
1140 3864 1250 3915 und
1272 3812 1499 3928 speaksp
1484 3863 1540 3913 ol
1560 3864 1608 3916 G
1717 3866 1789 3914 ''n
1792 3882 1819 3916 ι
1839 3871 2054 3916 Annales
2075 3867 2136 3915 in
2158 3880 2190 3914 s
2211 3880 2334 3929 wey
2355 3867 2479 3916 that
2499 3881 2606 3916 cen
2627 3867 2761 3930 only
2782 3868 2924 3918 mser
2944 3870 3000 3918 to
3015 3868 3114 3917 th·

713 3931 833 3980 first
862 3931 1084 3981 edition.
1174 3930 1246 3980 In
1279 3931 1316 3980 i.
1348 3944 1399 3992 p.
1434 3944 1481 3991 3.
1515 3943 1577 3990 24
1654 3933 1842 3981 sustus
1873 3931 1921 3981 is
1956 3931 2299 3996 represented
2333 3946 2392 3981 as
2423 3932 2586 3995 being
2618 3946 2652 3982 s
2684 3934 2926 3996 mcently
2956 3931 3115 3983 made

780 4036 859 4085 35.
899 4023 970 4077 β·
958 4059 970 4069 .
1003 4021 1347 4072 continuatas
1366 4037 1411 4073 α.
1588 4035 1668 4081 4ο.
1707 4021 1949 4071 iuniores
1970 4024 2038 4076 B·
2073 4022 2312 4072 minores
2334 4040 2379 4071 α.
2547 4038 2629 4085 41.
2668 4027 2793 4072 cute
2814 4029 2884 4081 β·
2917 4037 3041 4073 cure
3065 4044 3115 4074 α.

714 4104 794 4149 42.
829 4103 886 4137 es
908 4093 975 4147 ιβ
996 4104 1010 4137 =
1041 4090 1125 4136 est
1147 4092 1370 4136 numo.
1600 4089 1681 4148 48.
1719 4087 2004 4151 Alphonso
2023 4090 2076 4141 Β.
2267 4101 2344 4150 51.
2384 4088 2637 4139 obiecisse
2657 4090 2733 4143 β·
2721 4125 2733 4138 .
2764 4090 3042 4139 obcessisti
3062 4105 3114 4138 a.

714 4156 859 4202 ratos
884 4190 896 4201 .
919 4187 933 4201 .
963 4188 975 4202 .
1006 4153 1245 4203 lacessiti
1266 4158 1377 4203 add.
1405 4157 1457 4210 β.
1658 4168 1740 4215 57.
1780 4155 1984 4216 recepit
2006 4155 2060 4208 β.

780 4300 860 4349 45.
896 4288 1007 4336 iam
1042 4302 1202 4350 supra
1234 4287 1469 4352 annum]
1506 4288 1728 4337 charles
1759 4301 1860 4335 vm
1961 4288 2019 4336 at
2072 4287 2244 4335 'hirin
2301 4286 2392 4335 till
2455 4285 2605 4349 early
2659 4287 2719 4335 in
2778 4286 3114 4349 September.

714 4352 923 4403 crossed
957 4353 1054 4401 the
1079 4353 1212 4415 Alps
1234 4354 1355 4403 into
1379 4353 1526 4417 Italy
1548 4368 1620 4403 on
1657 4354 1691 4401 8
1713 4353 1856 4415 Sept.
1961 4352 2198 4415 leaving
2234 4352 2390 4402 there
2439 4352 2509 4401 he
2545 4352 2761 4402 arrived
2804 4354 2864 4401 st
2901 4351 3119 4402 Verceil

720 4434 861 4481 1494.
939 4418 1044 4468 For
1080 4418 1276 4469 details
1313 4418 1373 4467 of
1405 4420 1503 4469 the
1546 4418 1861 4481 expedition
1962 4433 2032 4468 on
2061 4433 2120 4468 12
2141 4417 2286 4495 Sept.

714 4501 801 4535 see
818 4484 917 4534 the
937 4484 1267 4547 monogrsph
1288 4486 1362 4547 by
1386 4484 1456 4534 H.
1483 4484 1541 4535 F.
1563 4483 1861 4533 Delsborde
2026 4484 2105 4545 58.
2141 4482 2455 4547 epistolsm]
2491 4482 2567 4532 Π.
2586 4483 2838 4534 Thussne
2871 4484 3120 4546 suggests

714 4551 909 4616 (Paris,
927 4550 1052 4599 1888
1079 4550 1432 4614 ,Creighton
1418 4549 1497 4600 111.
1515 4550 1860 4613 179411421ιά
1960 4549 2057 4598 the
2091 4549 2255 4598 letter
2287 4547 2349 4597 of
2375 4548 2588 4598 Gilbert
2620 4548 2860 4610 Poincet,
2886 4550 3119 4598 written

714 4631 829 4679 299
847 4615 1088 4667 sndG.
1113 4616 1173 4666 11.
1202 4629 1338 4676 1311.
1388 4615 1613 4666 charles
1634 4615 1859 4665 reached
1960 4613 2100 4664 from
2155 4613 2299 4678 Asti,
2361 4627 2420 4676 15
2476 4612 2611 4677 July
2669 4629 2794 4678 1495
2855 4613 2989 4679 (GE.
3051 4615 3116 4664 ii.

712 4683 837 4730 Acti
875 4697 946 4734 on
986 4695 1047 4743 15
1074 4680 1209 4745 July
1247 4694 1388 4744 1495,
1426 4681 1538 4731 and
1578 4680 1857 4731 remained
1965 4680 2145 4746 1311).
