3355 5380
287 394 554 481 ¹5²3-4]
806 398 1205 462 ERASMUS
1259 400 1367 462 ΤΟ
1422 401 1467 464 J
1471 399 1653 462 OHN
1709 400 2158 463 ΒΟΤΖΗΕΙΜ
2608 407 2682 463 27

277 557 578 635 epistolae
603 556 869 619 caeteris
891 558 1204 619 admixtae
1230 560 1341 619 aut
1367 559 1706 636 separatim
1733 578 2005 634 excusae,
2037 579 2191 638 quae
2215 558 2414 620 videri
2440 560 2686 637 possint

277 656 638 734 Apologiae,
668 656 876 733 qualis
899 661 994 717 est
1020 656 1130 717 illa
1158 656 1237 716 ad
1268 656 1544 717 Marcum
1582 657 1950 733 Lam-inum,
1983 658 2062 718 ad
2101 658 2398 718 Iacobum
2437 658 2686 735 Hoghe-

278 758 567 816 stratum.
658 755 777 815 Sed
807 775 846 816 a
870 756 1148 816 rixarum
1175 755 1765 816 commemoratione
1800 755 2071 816 libenter
2096 756 2362 816 discedo.
2448 757 2532 817 Et
2556 756 2686 816 iam

277 852 528 912 rixandi
556 851 892 914 videbatur
931 853 1094 929 finis,
1119 852 1247 913 nisi
1286 852 1496 913 subito
1536 872 1608 912 ac
1647 854 1891 929 praeter
1932 872 2186 913 omnem
2222 872 2399 929 spem
2435 857 2686 913 exortus

273 951 503 1011 fuisset
530 951 786 1012 Vlricus
813 952 1153 1025 Huttenus‚
1184 971 1262 1011 ex
1289 950 1491 1011 amico
1519 953 1776 1027 repente
1802 969 2021 1010 versus
2046 950 2114 1011 in
2143 950 2404 1025 hostem,
2434 955 2685 1012 tantum
2714 971 2741 1023 5

276 1049 446 1108 valet
501 1048 672 1126 apud
726 1049 899 1110 leues
966 1049 1253 1110 homines
1307 1048 1472 1109 mala
1538 1047 1795 1123 lingua;
1863 1047 1982 1108 hoc
2049 1067 2234 1108 nemo
2302 1047 2551 1125 scripsit
2616 1046 2686 1108 in

276 1146 625 1207 Erasmum
665 1147 973 1209 hostilius,
1059 1147 1145 1208 Et
1185 1151 1399 1207 tamen
1439 1166 1569 1207 non
1609 1166 1858 1206 eramus
1896 1147 2271 1224 responsuri,
2304 1147 2430 1207 nisi
2467 1165 2690 1223 graues

277 1244 469 1305 amici
512 1244 898 1306 iudicassent
940 1244 1057 1306 hoc
1110 1245 1187 1305 ad
1245 1263 1451 1305 meam
1507 1243 2036 1305 existimationem
2091 1244 2408 1306 interesse.
2516 1243 2688 1304 Exiit

277 1341 491 1420 itaque
520 1343 799 1421 Spongia
824 1343 959 1421 ipso
980 1343 1170 1405 titulo
1197 1343 1330 1403 stili
1358 1342 1850 1403 moderationem
1876 1341 2179 1419 pollicens
2201 1364 2216 1417 ;
2257 1361 2445 1419 quam
2473 1345 2686 1401 tamen

275 1440 498 1501 videor
535 1440 866 1501 nonnullis
898 1460 1290 1519 nequaquam
1330 1439 1733 1519 praestitisse,
1760 1459 1956 1517 quum
1983 1460 2098 1518 ego
2122 1442 2283 1500 teste
2307 1439 2688 1499 conscientia
2718 1462 2777 1498 10

278 1555 537 1600 summo
578 1538 790 1600 studio
826 1538 948 1598 sim
981 1538 1249 1599 adnixus
1286 1558 1366 1598 ne
1404 1558 1593 1616 quem
1630 1536 1890 1597 omnino
1923 1557 2037 1614 per
2077 1537 2462 1598 occasionem
2503 1537 2690 1597 attin-

278 1639 452 1713 geret
495 1656 643 1699 mea
684 1636 971 1713 defensio,
1016 1636 1140 1714 ipsi
1179 1636 1372 1698 etiam
1422 1636 1711 1696 Hutteno
1759 1654 2008 1711 parcere
2053 1636 2328 1709 studens,
2380 1642 2686 1713 quantum

279 1754 379 1794 res
405 1734 547 1812 ipm
573 1737 903 1811 pateretur.
994 1734 1115 1810 Qui
1142 1734 1419 1796 Hutteni
1455 1734 1693 1794 famam
1732 1733 1896 1810 apud
1939 1752 2160 1793 omnes
2196 1736 2426 1793 sartam
2455 1736 2688 1793 tectam

277 1834 527 1907 volunt,
586 1834 719 1894 illis
772 1834 1183 1912 indignentur
1236 1835 1349 1912 qui
1414 1832 1737 1892 hominem
1799 1832 1934 1893 suis
1987 1832 2331 1893 mendaciis
2381 1833 2506 1894 huc
2559 1852 2689 1910 per-

279 1932 605 2008 pulerunt,
660 1931 864 2011 magis
917 1933 1109 1993 etiam
1162 1932 1316 2008 istis,
1364 1936 1476 1992 aut
1521 1930 1747 1991 iisdem
1801 1931 2025 2007 potius,
2086 1931 2195 2009 qui
2249 1932 2367 1992 hoo
2420 1930 2689 1992 summis
2717 1955 2775 2007 15

277 2030 529 2092 viribus
583 2033 784 2108 agunt
837 2034 910 2092 vt
961 2031 1033 2095 in
1088 2033 1413 2092 mortuum
1464 2029 1659 2090 etiam
1713 2029 2022 2106 stringam
2075 2029 2406 2091 calamum.
2510 2027 2688 2106 Quod

280 2131 502 2189 tamen
552 2147 592 2187 a
644 2148 747 2189 me
800 2148 1125 2207 nunquam
1182 2128 1679 2206 extorquebunt3
1746 2146 1863 2187 nec
1919 2127 2089 2187 enim
2146 2126 2302 2189 libet
2354 2128 2574 2204 furere,
2625 2131 2689 2189 et

282 2227 467 2287 video
523 2246 660 2287 rem
714 2246 970 2304 prorsus
1019 2228 1220 2289 exisse
1273 2227 1343 2287 111
1398 2225 1652 2287 rabiem.
1761 2224 2036 2285 Proinde
2089 2224 2349 2302 posthac
2408 2245 2539 2287 non
2593 2229 2690 2286 est

281 2326 536 2385 animus
577 2345 724 2386 cum
764 2324 1122 2387 istiusmodi
1162 2324 1552 2403 gladiatoriis
1591 2322 1827 2383 libellis
1866 2323 2173 2400 congredi.
2261 2323 2553 2383 Primum
2590 2323 2689 2384 ad·

281 2423 454 2483 nitar
492 2426 568 2483 vt
605 2423 771 2484 hanc
812 2424 1256 2484 conscientiam
1295 2423 1633 2501 approbem
1670 2420 1936 2496 Christe,
1972 2441 2271 2499 speroque
2302 2423 2590 2482 futurum
2618 2425 2689 2484 vt
2716 2446 2779 2481 20

284 2521 537 2582 consilii
563 2521 688 2581 mei
716 2522 1026 2583 rationem
1054 2522 1330 2601 optimus
1358 2520 1619 2599 quisque
1647 2538 1763 2581 suo
1794 2520 2032 2580 calculo
2068 2520 2446 2598 comprobet.
2535 2519 2689 2582 Istis

282 2639 431 2680 vero
467 2619 723 2696 rabulis,
756 2620 867 2699 qui
897 2639 1148 2699 prorsus
1180 2620 1418 2680 nescire
1443 2618 1740 2679 videntur
1767 2618 1916 2697 quid
1951 2618 2202 2679 intersit
2231 2618 2398 2678 inter
2424 2618 2687 2679 scribere

282 2723 345 2778 et
396 2720 626 2796 furere,
671 2719 962 2798 equidem
1016 2720 1375 2780 malefacere
1427 2718 1649 2779 malim
1705 2737 1896 2794 quam
1949 2718 2331 2791 maledicere,
2378 2717 2432 2776 si
2488 2718 2691 2779 Chris-

282 2817 537 2878 tianum
565 2821 729 2878 esset
758 2818 1018 2879 omnino
1046 2818 1336 2896 cuiquam
1366 2816 1714 2878 maleuelle.
1788 2816 1893 2877 Ab
1924 2816 2005 2876 iis
2031 2836 2182 2877 vero
2208 2816 2319 2892 qui
2347 2816 2689 2894 Spongiam

284 2923 560 2976 atrocem
603 2936 676 2977 ac
718 2936 1039 2994 procacem
1079 2916 1282 2977 videri
1322 2916 1561 2991 volunt,
1612 2917 1866 2975 tantum
1920 2913 2081 2974 illud
2136 2917 2365 2992 petam,
2414 2915 2690 2991 cogitent
2719 2939 2776 2988 ²5

284 3035 477 3092 quam
520 3034 653 3075 non
693 3014 1038 3093 vulgariter
1079 3013 1405 3074 dilexerim
1447 3012 1726 3074 Hutteni
1756 3012 2101 3090 ingenium,
2133 3015 2368 3089 quanto
2400 3012 2683 3087 candore,

284 3115 442 3191 quot
486 3113 713 3174 aeditis
756 3112 1004 3191 scriptis
1045 3111 1235 3172 illum
1276 3112 1562 3173 nondum
1606 3111 1949 3172 admodum
1996 3110 2303 3172 celebrem
2348 3110 2485 3170 orbi
2530 3130 2691 3171 com·

279 3212 658 3286 menda-im,
717 3216 872 3290 quot
922 3211 1203 3289 epistolis
1255 3210 1443 3271 illum
1504 3209 1918 3287 praedicarim
1973 3210 2138 3287 apud
2210 3208 2460 3286 amicos,
2520 3229 2691 3287 prae·

278 3311 507 3371 sertim
552 3311 717 3389 apud
767 3303 840 3372 R.
896 3309 1072 3371 Card.
1122 3309 1582 3386 Moguntinum.
1670 3309 1752 3369 In
1807 3309 2076 3386 quadam
2130 3309 2394 3386 epistola
2441 3309 2689 3370 confero

280 3410 469 3471 illum
500 3429 648 3470 cum
686 3409 930 3470 Thoma
967 3408 1157 3482 Moro,
1193 3428 1316 3485 quo
1352 3407 1490 3468 viro
1526 3407 1749 3469 multis
1783 3409 1912 3467 iam
1948 3407 2175 3468 seculis
2203 3407 2367 3467 nihil
2403 3408 2498 3469 sol
2526 3408 2688 3470 vidit
2715 3431 2777 3480 30

279 3509 609 3586 integrius,
656 3506 993 3579 candidius,
1028 3506 1305 3582 amicius,
1353 3506 1682 3567 cordatius.
1767 3505 1978 3566 Huius
2021 3526 2086 3566 se
2127 3505 2533 3566 vehementer
2572 3506 2689 3566 dis·

281 3607 567 3668 similem
620 3604 910 3683 probauit
967 3604 1313 3680 Huttenus‚
1365 3624 1590 3682 meque
1641 3624 1878 3665 vanum
1933 3624 2300 3682 praeconem
2355 3605 2519 3666 fecit.
2604 3606 2726 3666 In

281 3725 465 3783 opere
495 3704 665 3765 Noui
695 3702 1082 3764 Testamenti
1118 3702 1249 3762 iam
1275 3699 1534 3765 tertium
1571 3703 1777 3763 aedito
1804 3721 1995 3780 quam
2033 3721 2159 3762 non
2186 3701 2434 3778 vulgari
2461 3701 2686 3764 affectu

280 3804 503 3864 laudes
543 3803 717 3862 illius
752 3803 1050 3879 persono!
1133 3800 1276 3861 Iam
1311 3804 1377 3861 et
1409 3801 1568 3863 illud
1608 3802 1898 3878 cogitent,
1931 3820 2120 3878 quam
2156 3800 2254 3859 illi
2295 3799 2474 3861 nulla
2509 3820 2546 3860 a
2583 3821 2685 3861 me

279 3902 566 3981 praebita
587 3904 686 3961 est
713 3899 947 3961 occasio
980 3898 1300 3958 recedendi
1334 3899 1416 3959 ab
1452 3899 1742 3973 amicitia,
1777 3918 1966 3976 quam
1996 3918 2124 3958 non
2151 3897 2427 3975 oportuit
2453 3897 2687 3974 absque
2711 3920 2772 3970 35

281 3997 677 4079 grauissimis
714 3997 918 4059 causis
958 3995 1339 4070 rescindere;
1397 3996 1621 4057 deinde
1658 4016 1847 4074 quam
1886 3996 1994 4056 ille
2031 4015 2160 4055 non
2197 3997 2404 4056 solum
2432 3995 2685 4056 violarit

281 4098 598 4160 amicitiae
646 4095 800 4169 iura,
847 4114 1069 4156 verum
1113 4093 1305 4155 etiam
1347 4095 1524 4155 velut
1564 4113 1645 4154 ex
1699 4093 1947 4155 insidiis
1999 4095 2328 4173 plusquam
2372 4093 2687 4154 hostiliter

354 4240 395 4276 1.
432 4226 530 4273 aut
556 4260 570 4273 .
593 4260 606 4272 .
635 4259 648 4271 .
671 4234 897 4271 excusae
919 4224 1029 4268 add.
1053 4222 1104 4273 β.
1299 4235 1347 4270 2.
1386 4220 1563 4282 qualis
1583 4253 1598 4268 .
1626 4255 1641 4270 .
1667 4255 1683 4271 .
1714 4219 2138 4284 Hoghestratum
2161 4223 2274 4269 aad.
2298 4221 2350 4273 β.
2531 4234 2578 4281 3.
2615 4219 2685 4270 ΕΙ.

284 4293 397 4341 iam
423 4327 435 4339 .
460 4327 472 4340 .
500 4327 513 4339 .
537 4291 617 4339 83.
640 4301 724 4350 33.
750 4285 1070 4351 catalogum
1091 4289 1203 4336 aad.
1227 4287 1280 4340 β.

350 4476 398 4510 2.
448 4458 778 4522 Laui-inum]
826 4455 995 4506 Lond.
1032 4456 1185 4506 xxiii.
1223 4455 1271 4517 6,
1320 4455 1429 4505 LB.
1598 4469 1679 4517 3ο.
1719 4451 1987 4517 Moro]1n
2012 4453 2178 4503 Lond.
2203 4468 2253 4503 x.
2278 4468 2358 4514 30,
2388 4451 2490 4502 LB.
2512 4467 2627 4514 447.

285 4529 399 4587 650.
454 4527 510 4575 1t
529 4540 640 4577 was
662 4525 783 4573 first
805 4521 1026 4585 printed
1043 4522 1180 4571 with
1199 4520 1295 4569 the
1317 4520 1437 4570 first
1599 4535 1680 4582 33.
1716 4520 1857 4570 Noui
1888 4519 2245 4583 Testamenti]
2283 4519 2351 4567 In
2386 4532 2419 4566 a
2454 4523 2579 4565 note
2610 4532 2681 4568 011

284 4594 495 4640 edition
519 4591 577 4640 of
595 4591 710 4640 this
734 4591 986 4647 Catulomoe.
1533 4587 1716 4635 Thess.
1759 4600 1802 4635 1.
1841 4600 1872 4635 a
1906 4587 1982 4647 (p.
2012 4587 2146 4649 516).
2235 4584 2349 4633 The
2394 4581 2586 4644 eulogy
2625 4582 2687 4632 of

421 4652 878 4721 Hoghestratum]
959 4651 1125 4704 Lond.
1184 4652 1292 4703 xvi.
1355 4667 1431 4717 19,
1532 4652 1750 4703 Hutten
1786 4652 1832 4699 is
1865 4652 1976 4700 also
2016 4650 2184 4702 found
2218 4651 2280 4698 in
2315 4650 2408 4700 the
2442 4647 2682 4699 editions

290 4723 395 4774 LB.
417 4737 532 4786 450.
1532 4716 1592 4767 of
1611 4719 1739 4781 1516
1760 4716 1870 4768 and
1898 4730 2038 4780 ¹519·
