3355 5380
653 351 729 407 νο
1354 347 1730 410 LETTERS
1784 347 1892 410 or
1945 349 2348 412 Erasmus
2857 345 3051 432 [1540

651 502 882 580 drupes
917 503 1141 566 deinde
1180 504 1375 583 tripes
1415 504 1616 565 factus
1653 508 1770 581 est,
1809 505 2160 584 scipionum
2195 504 2427 567 auxilio
2458 525 2526 567 se
2572 508 2938 568 sustentans
2983 511 3055 568 et

651 601 889 662 sensim
916 621 1272 681 prorepens.
1359 602 1689 681 Quumque
1716 603 1977 665 schedas
2002 604 2426 682 epistolarum,
2454 624 2608 683 quas
2632 605 2819 665 annis
2845 624 3059 683 super-

650 698 885 761 ioribus
911 720 949 762 a
972 700 1241 761 diuersis
1273 701 1493 762 amicis
1527 706 1855 778 acceperat,
1886 701 2212 780 sigillatim
2245 702 2575 778 euoluenst,
2603 722 2806 764 nouae
2841 701 3058 763 nescio

531 823 628 875 510
651 798 829 858 cuius
882 799 1213 861 seditionis
1266 799 1483 877 gratia,
1517 819 1589 860 ac
1640 800 1951 877 plurimae
1996 820 2215 861 eorum
2269 802 2376 880 qui
2429 822 2466 863 a
2519 801 2705 862 rebus
2751 801 3058 862 humanis

649 900 1039 958 excesserant
1065 896 1135 958 in
1164 917 1389 959 manus
1415 898 1720 973 venirent,
1752 897 2019 960 subinde
2053 898 2276 973 aiebat,
2311 898 2423 959 ‘Et
2449 899 2553 960 hic
2580 901 2869 960 mortuus
2896 899 3054 973 est';

649 1011 720 1053 ac
737 994 1009 1071 tandem,
1047 997 1062 1026 ‘
1086 995 1213 1057 Nec
1238 1015 1353 1073 ego
1386 995 1623 1057 diutius
1648 996 1863 1056 viuere
1891 997 2089 1075 cupio,
2116 997 2172 1058 si
2199 996 2447 1059 Christo
2473 998 2748 1059 Domino
2767 997 3055 1076 placeat.’

651 1091 753 1153 Sic
800 1091 1204 1171 languentem
1249 1096 1313 1154 et
1358 1093 1601 1155 viribus
1644 1093 2021 1155 destitutum
2066 1094 2441 1173 dysenteria,
2494 1095 2733 1156 malum
2780 1094 3051 1169 exitiale,

651 1189 848 1251 ferme
881 1211 1163 1253 mensem
1200 1192 1520 1270 integrum
1559 1192 1814 1253 vexauit
1852 1211 1922 1253 ac
1952 1193 2258 1271 paulatim
2291 1194 2667 1256 exhaustum
2702 1193 2774 1254 in
2804 1212 3061 1254 summa

531 1311 625 1363 515
652 1289 1132 1367 aequanimitate
1173 1292 1235 1350 et
1276 1288 1610 1349 tolerantia
1648 1290 1911 1351 tandem
1951 1291 2237 1367 extinxit,
2277 1292 2515 1354 Christi
2556 1290 3060 1352 misericordiam

652 1387 949 1449 extremis
974 1407 1154 1467 saepe
1177 1387 1459 1465 repetitis
1477 1386 1736 1449 vocibus
1761 1388 2218 1466 implorantem.
2307 1389 2430 1466 Qui
2450 1390 2683 1453 Christi
2704 1389 3060 1452 doctrinam

653 1486 877 1547 vinens
923 1488 1056 1547 tam
1103 1505 1359 1564 syncere
1412 1486 1731 1561 tractauit,
1773 1489 2060 1548 mortuus
2108 1487 2364 1549 indubie
2413 1487 2765 1549 mercedem
2813 1486 2894 1548 ab
2940 1484 3060 1546 illo

653 1603 904 1645 summo
930 1582 1331 1664 Agonotheta
1356 1582 1635 1661 amplam
1662 1584 1914 1663 accepit.

736 1683 1211 1744 Testamentum
1251 1682 1597 1744 Maiestatis
1638 1682 1833 1744 etiam
1874 1685 2021 1746 tuae
2060 1685 2260 1745 fretus
2299 1684 2629 1746 autoritate
2671 1682 3052 1758 condiderat,

534 1804 630 1854 520
655 1799 777 1858 quo
803 1799 1149 1858 pauperum
1176 1780 1420 1859 inopiae
1446 1779 1682 1842 relictis
1699 1800 1740 1842 a
1764 1784 1968 1842 morte
1995 1781 2401 1844 facultatibus
2428 1782 2560 1843 suis
2585 1780 2893 1842 trifariam
2920 1799 3062 1842 con·

654 1876 892 1938 sultum
946 1878 1169 1954 voluit,
1226 1877 1530 1939 inualidis
1583 1878 1881 1957 senioque
1935 1879 2250 1954 confectis,
2309 1878 2663 1959 virginibus
2719 1877 3057 1954 elocandis,

653 1974 879 2054 quibus
933 1975 1046 2038 dos
1100 1977 1340 2038 deesset
1383 1975 1600 2037 mariti
1656 1976 2058 2053 conciliatrix,
2116 1980 2182 2037 et
2234 1977 2534 2039 studiosis
2585 1975 2889 2049 fouendis.
2976 1973 3061 2034 Id

654 2073 1019 2136 Bonifacius
1034 2074 1510 2151 Amerbachius,
1531 2073 1689 2135 iuris
1704 2074 2029 2152 professor,
2045 2074 2265 2137 haeres
2281 2076 2698 2154 nuncupatus,
2719 2072 3065 2151 redemptis

654 2174 888 2235 annuis
928 2172 1264 2251 stipendiis
1311 2171 1700 2233 reditibusue
1745 2171 1910 2234 bona
1946 2172 2072 2234 fide
2120 2193 2265 2235 cum
2305 2173 2492 2235 sociis
2528 2173 2703 2234 iuxta
2742 2171 3064 2234 testatoris

534 2295 593 2345 5²
600 2296 628 2348 5
653 2274 937 2333 mentem
976 2272 1324 2350 exequutus
1363 2272 1476 2344 est,
1510 2272 1575 2331 et
1623 2289 1780 2348 quae
1822 2269 1962 2331 fieri
2001 2270 2113 2332 ille
2159 2269 2364 2333 voluit
2404 2271 2630 2331 cuncta
2669 2268 3062 2330 adamussim

654 2370 983 2432 accurauit.
1089 2369 1159 2430 Is
1201 2369 1338 2447 ipse
1386 2367 1762 2430 memoriam
1806 2368 1880 2428 in
1918 2368 2068 2429 aede
2115 2388 2291 2430 sacra
2331 2368 2673 2432 cathedrali
2717 2365 3064 2429 Basiliensi

652 2471 915 2547 patrono
942 2468 1180 2545 optimo
1213 2467 1282 2528 in
1308 2466 1660 2528 columnari
1687 2469 2015 2542 structura,
2048 2467 2147 2528 cui
2174 2485 2394 2529 saxum
2423 2467 2748 2530 tumulum
2775 2465 3062 2544 operiens

655 2566 950 2629 Termino
996 2565 1279 2644 sculptili
1318 2564 1570 2642 insigne
1607 2564 1866 2640 adiacet,
1914 2564 2290 2644 affigendam
2345 2566 2582 2627 locauit
2627 2565 2700 2625 in
2746 2581 3062 2625 marmore

656 2663 939 2728 Rhetico.
1030 2664 1286 2726 Statura
1325 2662 1506 2727 nouit
1546 2660 1840 2726 Maiestas
1879 2666 1991 2725 tua
2031 2663 2225 2726 fuisse
2265 2684 2427 2741 eum,
2474 2666 2546 2726 vt
2585 2663 2720 2742 ipse
2762 2661 2839 2723 de
2881 2659 3061 2723 More

535 2790 562 2840 5
568 2788 631 2839 30
654 2762 927 2840 quadam
981 2763 1247 2842 epistola
1301 2762 1534 2839 scribit,
1579 2762 1751 2823 infra
1797 2763 2236 2842 proceritatem
2291 2782 2480 2841 supra
2533 2766 2750 2824 tamen
2804 2778 3064 2840 prorsus

654 2862 1000 2926 notabilem
1037 2862 1485 2925 humilitatem.
1568 2860 1950 2940 Corpusculo
1982 2861 2139 2924 satis
2172 2865 2494 2940 compacto
2526 2863 2591 2921 et
2626 2858 2919 2938 eleganti,
2948 2856 3061 2919 sed

654 2962 818 3038 quod
866 2965 1031 3024 esset
1083 2961 1460 3023 tenerrimae
1506 2959 1972 3037 complexionis,
2017 2963 2083 3020 et
2134 2959 2549 3021 minimarum
2601 2958 2794 3019 etiam
2847 2975 3061 3017 rerum

655 3061 1021 3133 mutatione,
1053 3063 1208 3139 puta
1230 3059 1384 3133 vini,
1410 3057 1538 3119 cibi
1564 3056 1819 3129 coeliue,
1848 3056 2032 3119 facile
2064 3059 2495 3133 offenderetur,
2526 3057 2598 3117 in
2623 3056 2800 3118 senio
2827 3055 3064 3117 crebris

657 3177 898 3236 quoque
925 3156 1149 3219 calculi
1177 3155 1496 3218 doloribus
1524 3154 1899 3232 obnoxium3
1939 3158 2011 3216 vt
2038 3156 2114 3217 de
2135 3156 2364 3235 pituita
2389 3154 2554 3217 nihil
2580 3155 2802 3230 dicam,
2826 3152 3065 3233 alioqui

536 3284 563 3334 5
571 3281 630 3331 55
656 3257 955 3332 perpetuo
985 3253 1428 3332 communique
1466 3251 1890 3313 studiosorum
1918 3253 2210 3315 omnium
2235 3253 2420 3316 malo.
2508 3253 2664 3314 Cute
2692 3250 2971 3329 corporis
2995 3254 3062 3311 et

657 3351 836 3413 faciei
890 3351 1173 3437 candida,
1227 3349 1527 3430 capillitio
1581 3349 1649 3410 in
1704 3350 1965 3430 iuuenta
2018 3351 2297 3427 suffiauo,
2352 3349 2549 3412 oculis
2594 3348 2827 3423 caesiis,
2874 3346 3064 3408 vultu

655 3451 902 3525 festiuo,
941 3468 1089 3512 voce
1121 3448 1288 3524 exili,
1323 3447 1542 3525 lingua
1581 3447 1840 3526 pulchre
1879 3449 2192 3528 explicita,
2233 3448 2405 3510 cultu
2446 3449 2712 3509 honesto
2752 3450 2817 3507 et
2862 3446 3062 3524 graui,

658 3548 767 3627 qui
793 3548 1164 3610 Caesareum
1189 3545 1635 3622 consiliarium,
1668 3546 2032 3626 theologum
2063 3551 2127 3607 et
2155 3546 2538 3608 sacerdotem
2564 3546 2829 3606 deceret.
2913 3543 3064 3605 Fuit

657 3646 728 3708 in
755 3644 1083 3708 retinenda
1108 3644 1389 3706 amicitia
1415 3644 1981 3721 constantissimus,
2013 3645 2212 3706 nullis
2236 3663 2514 3723 vnquam
2540 3641 3064 3721 inscriptionibus

537 3769 635 3821 540
658 3762 1023 3822 quacunque
1050 3743 1126 3804 de
1154 3762 1339 3804 causa
1365 3741 1647 3804 mutatis.
1735 3743 2035 3804 Memoria
2059 3743 2453 3818 felicissima3
2493 3761 2644 3803 nam
2670 3761 2825 3819 puer
2849 3743 3063 3800 totum

658 3841 1023 3903 Terentium
1038 3844 1103 3902 et
1120 3840 1462 3902 Horatium
1484 3841 1850 3903 memoriter
1867 3842 2228 3921 complexus
2247 3843 2360 3902 est.
2405 3839 2487 3901 In
2506 3859 2735 3919 egenos
2760 3836 3060 3914 liberalis,

660 3959 828 4017 quoa
858 3943 931 4002 vt
958 3939 1129 4016 alibi,
1158 3939 1248 4002 sic
1274 3959 1312 4000 a
1337 3957 1512 3999 sacro
1539 3939 1799 4000 domum
1827 3939 2073 4000 rediens
2100 3959 2211 4017 per
2235 3938 2546 4000 famulum
2577 3955 2902 4016 nunquam
2930 3956 3064 3997 non

660 4037 978 4098 munerari
1004 4037 1201 4112 solet3
1242 4036 1519 4098 maxime
1558 4056 1708 4097 vero
1742 4037 1810 4097 in
1850 4035 2049 4098 bonae
2090 4036 2226 4114 spei
2265 4038 2331 4096 et
2369 4036 2601 4097 indolis
2640 4035 3088 4097 adolescentes

659 4133 989 4211 studiosos,
1023 4135 1081 4197 si
1107 4135 1216 4214 qui
1242 4136 1320 4196 ad
1358 4155 1427 4196 se
1462 4135 1686 4196 viatico
1720 4135 2002 4197 destituti
2029 4135 2364 4212 venissent,
2403 4135 2628 4214 largus,
2660 4133 2974 4213 benignus
2999 4137 3067 4194 et

541 4261 636 4313 545
663 4233 1013 4296 munificus.
1120 4235 1202 4295 In
1258 4234 1545 4295 conuictu
1595 4233 1791 4295 comis
1837 4240 1903 4295 et
1950 4233 2162 4295 suauis
2208 4233 2361 4295 citra
2408 4253 2597 4294 omne
2639 4232 3058 4311 supercilium,

660 4328 886 4408 vbique
915 4335 1083 4392 certe
1111 4333 1394 4410 ἐράσμιος,
1426 4330 1545 4392 hoc
1572 4334 1668 4393 est
1694 4331 2018 4408 amabilis3
2061 4333 2227 4411 quod
2255 4332 2364 4392 ille
2392 4351 2625 4394 nomen
2651 4351 2689 4392 a
2715 4350 2784 4392 se
2809 4330 3065 4392 dolebat

725 4568 839 4616 530.
872 4555 1127 4620 epistola]
1152 4556 1323 4606 Lond.
1350 4569 1404 4606 x.
1431 4568 1531 4617 303
1564 4554 1671 4605 LB.
1697 4570 1812 4618 447.
1977 4556 2090 4618 54⁶-
2124 4552 2370 4618 ἱρόσμιω]
2386 4554 2464 4604 Cf.
2487 4569 2537 4618 p.
2554 4568 2688 4617 73¹1·
2722 4555 2836 4605 But
2849 4554 2922 4604 he
2934 4555 3062 4605 took

724 4622 837 4683 53⁶·
874 4622 1088 4686 caesiis]
1130 4621 1537 4685 Melanchthon,
1575 4621 1679 4672 GR.
1716 4621 1811 4672 xii.
1912 4635 2032 4670 care
2047 4620 2170 4669 that
2185 4620 2275 4669 his
2288 4620 2507 4683 godson‚
2524 4618 2783 4669 Froben’s
2796 4635 2900 4683 you
2907 4626 3077 4685 ngest

662 4687 776 4750 266,
802 4687 934 4737 calls
956 4687 1109 4738 them
1124 4692 1363 4748 chau-olm.
1860 4719 1866 4725 -
1911 4700 2024 4750 son,
2049 4685 2248 4736 should
2272 4686 2336 4735 be
2360 4686 2560 4735 named
2583 4686 2879 4736 Erasmius.
