3355 5380
626 399 741 454 176
1320 393 1700 456 LETTERS
1755 393 1863 455 oF
1915 390 2314 454 ERASMUS
2830 385 2888 467 [1
2901 406 3014 465 497

527 578 594 628 40
619 553 791 627 (nam
839 552 901 613 id
961 553 1089 613 iam
1144 552 1378 613 frustra
1432 551 1825 628 tentauerat),
1876 549 2095 627 lingua
2140 548 2439 609 Tartareo
2488 564 2731 608 veneno
2778 544 3023 608 imbuta

620 651 879 710 conatur
904 650 1284 727 extinguere,
1315 653 1380 709 et
1405 650 1679 710 extinxit
1705 650 2011 727 quantum
2050 646 2306 725 quidem
2339 645 2408 705 in
2446 644 2583 722 ipso
2616 644 2755 706 fuit.
2845 645 3022 721 Quod

621 748 786 822 vino,
817 749 980 826 quod
1023 748 1214 809 etiam
1253 748 1448 823 valeo,
1482 747 1686 808 literis
1726 750 2045 824 acceptum
2089 745 2305 820 refer0,
2340 763 2496 821 quae
2536 763 2640 803 me
2682 743 3027 805 docuerunt

623 845 819 907 nullis
868 846 1157 907 fortunae
1204 844 1497 924 procellis
1540 845 1770 906 cedere.
1862 843 2132 922 Indigne
2172 842 2295 903 fert
2339 842 2529 902 homo
2572 840 2792 901 sceleri
2835 844 3026 902 natus

620 963 688 1005 se
728 965 952 1022 parum
993 944 1293 1006 nocuisse.
1383 943 1620 1005 Parum
1665 947 1762 1004 est
1801 942 1911 1003 isti
1951 945 2132 1003 tanta
2172 940 2338 1000 rabie
2377 940 2448 999 in
2490 959 2592 998 me
2633 942 3023 1016 praesentem

532 1066 593 1115 45
622 1040 1068 1102 debacchatum
1103 1062 1252 1117 esse,
1295 1042 1376 1102 ab
1404 1042 1618 1102 animo
1646 1060 1789 1101 meo
1816 1039 2180 1101 distraxisse
2209 1059 2350 1114 me;
2391 1041 2454 1099 et
2494 1038 2842 1115 fugientem
2876 1038 3027 1099 emi·

621 1157 747 1200 nus
786 1157 1029 1199 veneno
1069 1140 1244 1216 petit,
1281 1142 1468 1218 atque
1509 1139 1635 1199 mei
1672 1138 1816 1199 odio
1855 1138 1928 1197 in
1969 1143 2049 1213 te,
2086 1136 2521 1198 charissimam
2562 1136 2814 1197 animae
2854 1155 3026 1197 meae

622 1234 882 1309 partem,
932 1234 1149 1296 saeuit.
1238 1234 1466 1309 Saeuit,
1513 1234 1791 1312 inquam,
1836 1253 1909 1293 eo
1951 1231 2079 1293 telo
2128 1251 2249 1309 quo
2304 1231 2471 1291 inter
2516 1231 2815 1291 mortales
2860 1251 3028 1292 vnus

623 1330 973 1409 plurimum
1000 1334 1223 1409 potest,
1252 1331 1712 1394 maledicentia.
1794 1332 1848 1393 Ο
1873 1331 2196 1408 vipereum
2225 1327 2465 1390 malum
2494 1328 2719 1405 quouis
2756 1330 3020 1404 aconito,

624 1428 847 1505 quauis
900 1429 1151 1491 Cerberi
1207 1450 1434 1509 spuma
1491 1430 1859 1491 nocentius!
1943 1428 2356 1489 Eiusmodine
2408 1430 2771 1504 portentum
2827 1427 3026 1489 solem

536 1560 600 1610 50
623 1547 853 1605 purum
894 1528 1214 1605 aspicere?
1261 1528 1621 1590 istiusmodi
1663 1530 2020 1589 monstrum
2062 1546 2245 1587 auras
2285 1525 2552 1599 haurire,
2599 1524 2729 1585 imo
2775 1523 3028 1586 inficere

623 1624 849 1686 vitales
868 1628 900 1686 ‘2
957 1625 1083 1687 tale
1124 1625 1388 1687 dedecus
1428 1646 1829 1687 communem
1871 1625 2178 1686 sustinere
2217 1627 2454 1684 terram
2470 1625 2503 1683 ¹?
2585 1622 2850 1684 Nullum
2891 1627 3026 1684 tam

624 1722 985 1799 terrificum,
1020 1727 1154 1785 tam
1195 1724 1513 1801 pestilens,
1543 1728 1679 1785 tam
1706 1723 2121 1784 execrandum
2150 1722 2393 1782 malum
2421 1724 2743 1798 poetarum
2771 1721 3031 1799 ingenia

624 1821 969 1898 excogitare
1004 1826 1341 1898 potuerunt
1373 1824 1536 1900 quod
1581 1826 1939 1884 monstrum
1976 1819 2146 1882 istud
2184 1839 2313 1880 non
2350 1818 2529 1880 facile
2556 1818 2785 1881 vincat.
2870 1818 3030 1896 Quis

624 1918 798 1978 enim
840 1918 1158 1995 Cerberus,
1190 1940 1348 1997 quae
1390 1920 1671 2000 Sphynx,
1720 1940 1880 1998 quae
1918 1919 2226 1993 Chimera,
2272 1937 2430 1995 quae
2468 1917 2824 1995 Tisiphone,
2869 1938 3030 1995 quae

539 2043 600 2093 55
625 2014 802 2076 larua
843 2034 987 2077 cum
1026 2018 1150 2078 isto
1191 2017 1360 2078 malo
1400 2017 1668 2080 conferri
1708 2018 1843 2078 iure
1883 2017 2082 2095 possit
2115 2016 2280 2094 quod
2315 2014 2498 2076 nobis
2528 2015 2793 2077 Gotthia
2827 2035 3031 2094 nuper

625 2114 960 2175 euomuit?
1041 2115 1195 2191 Quis
1232 2116 1529 2194 scorpius,
1560 2136 1719 2194 quae
1758 2136 1916 2193 seps,
1950 2114 2092 2193 quis
2127 2114 2456 2175 basiliscus
2481 2134 2798 2175 venenum
2839 2115 3032 2177 habet

627 2213 1015 2290 praesentius
1031 2216 1064 2276 ⁴?
1144 2215 1402 2276 Venena
1441 2216 1569 2275 fere
1611 2234 1744 2275 non
1785 2214 1912 2275 nisi
1950 2214 2199 2274 irritata
2245 2216 2491 2274 nocent.
2580 2212 2822 2275 Leones
2867 2212 3032 2275 bene

629 2310 873 2372 meritis
916 2311 1189 2373 officium
1233 2313 1602 2392 rependunt.
1689 2312 2007 2374 Dracones
2050 2311 2266 2373 officiis
2307 2314 2768 2373 mansuescunt.
2858 2311 3031 2373 Huic

630 2408 769 2470 seni
795 2427 1046 2470 summa
1073 2430 1214 2471 mea
1242 2411 1468 2473 merita
1495 2409 1734 2471 rabiem
1762 2410 2021 2472 faciunt.

536 2519 604 2569 60
710 2505 924 2568 Habes
949 2507 1237 2570 animum
1265 2508 1672 2570 virulentum.
1760 2510 1899 2571 Iam
1925 2512 1997 2570 vt
2023 2508 2296 2569 solidum
2329 2511 2652 2569 ostentum
2688 2507 3027 2586 intelligaS,

629 2605 685 2665 si
711 2606 963 2668 vultum
990 2606 1435 2682 truculentum,
1468 2608 1524 2668 si
1550 2608 1746 2669 totius
1773 2608 2048 2685 corporis
2074 2607 2361 2669 habitum
2389 2608 2579 2704 paulo
2607 2606 3032 2684 contemplere

628 2703 1006 2782 diligentius,
1041 2724 1251 2767 nonne
1279 2705 1399 2768 tibi
1419 2706 1691 2768 videaris
1717 2707 2005 2768 omnium
2033 2707 2338 2767 scelerum
2366 2707 2542 2783 quasi
2569 2705 3030 2767 simulachrum

628 2802 943 2880 quoddam
997 2802 1230 2864 intueri
1244 2806 1278 2866 ⁶?
1357 2804 1443 2866 Et
1496 2805 1600 2866 hic
1655 2805 1970 2866 laudanda
2015 2806 2113 2865 est
2164 2807 2422 2866 naturae
2476 2804 2824 2880 prudentia,
2871 2823 3034 2882 quae

629 2900 975 2961 deformem
1001 2902 1288 2962 animum
1317 2902 1508 2981 digno
1536 2903 1778 2980 corpori
1803 2903 2076 2964 inclusit.
2152 2902 2381 2963 Latent
2408 2900 2526 2962 sub
2555 2900 3032 2980 superciliorum

536 3014 599 3077 65
629 2998 877 3076 hispida
923 2999 1105 3076 sylua
1150 3000 1315 3061 oculi
1370 3000 1587 3078 refugi,
1639 3004 1894 3062 toruum
1936 3020 2181 3078 semper
2222 3002 2488 3062 tuentes.
2578 2999 2780 3061 Frons
2826 3020 3030 3069 saxea.

631 3117 743 3158 nec
779 3096 849 3158 in
886 3098 1074 3159 malis
1109 3098 1365 3175 quidem
1393 3097 1524 3160 vlla
1554 3099 1881 3176 sanguinis
1906 3098 2239 3161 verecundi
2273 3101 2463 3174 nota3
2503 3117 2688 3160 nares
2727 3100 3032 3177 polypum

628 3195 886 3272 spirant,
952 3195 1104 3256 setis
1171 3195 1650 3257 siluescentibus
1719 3199 2066 3276 occupatae.
2160 3196 2402 3258 Buccae
2468 3198 2792 3274 pendulae,
2856 3195 3035 3257 labra

627 3291 840 3366 liuida,
869 3311 992 3354 vox
1031 3293 1309 3370 erumpit
1349 3312 1478 3354 non
1519 3295 1849 3370 promitur,
1894 3297 2072 3357 tanta
2111 3298 2208 3357 est
2248 3295 2450 3356 animi
2490 3295 2907 3374 impotentia,
2948 3294 3036 3355 la·

628 3391 794 3462 trare
835 3390 1001 3450 iures
1036 3410 1180 3450 cum
1218 3390 1538 3467 loquitur;
1577 3392 1848 3454 ceruices
1882 3392 2164 3469 intortae,
2199 3414 2381 3454 crura
2417 3413 2625 3454 curua.
2715 3392 2895 3454 Nihil
2934 3398 3036 3454 est

537 3515 601 3567 70
627 3487 897 3564 denique
949 3488 1115 3564 quod
1170 3490 1396 3551 natura
1450 3508 1581 3550 non
1629 3489 1841 3567 aliquo
1890 3491 2129 3570 insigni
2171 3492 2467 3570 stigmate
2507 3493 2842 3553 notauerit.
2927 3492 3036 3552 Sic

626 3584 955 3646 sceleratos
1009 3605 1080 3646 ac
1136 3583 1452 3648 maleficos
1513 3587 1846 3663 inurimus‚
1905 3589 1995 3649 sic
2048 3590 2307 3650 canibus
2362 3590 2761 3652 mordacibus
2816 3590 3034 3651 nolam

625 3683 1053 3761 appendimus,
1094 3682 1185 3744 sic
1224 3684 1452 3745 bouem
1493 3691 1898 3765 cornupetam
1938 3688 2083 3749 feno
2123 3689 2377 3767 alligato
2418 3689 2761 3767 signamus.
2848 3688 3036 3750 Mene

624 3782 772 3843 huic
821 3781 1187 3859 turpissimo
1231 3787 1512 3846 monstro
1561 3805 1735 3847 meas
1783 3786 1999 3847 literas
2049 3788 2558 3863 communicasse,
2609 3787 2800 3849 huius
2847 3807 3038 3848 causa

623 3885 875 3943 tantum
901 3881 1142 3955 aetatis,
1164 3885 1414 3943 tantum
1444 3883 1700 3962 ingenii,
1721 3886 1970 3945 tantum
1992 3905 2211 3963 operae
2237 3886 2539 3948 triuisse?
2579 3907 2737 3964 quae
2763 3886 2820 3947 si
2846 3887 3036 3964 peris·

536 4006 596 4060 75
625 3983 781 4054 sent,
813 3979 1027 4042 minus
1068 3998 1270 4041 essem
1310 3981 1524 4043 miser.
1609 3982 1793 4043 Nunc
1832 3983 2120 4045 draconis
2162 3983 2381 4045 dentes
2420 3985 2655 4046 senisse
2697 4006 2801 4046 me
2826 3985 3030 4061 vidae,

623 4078 733 4155 qui
769 4078 839 4138 in
876 4097 1082 4138 meam
1124 4079 1464 4154 perniciem
1504 4084 1926 4142 renascantur.
2013 4081 2171 4143 Plus
2206 4085 2301 4143 est
2328 4103 2520 4160 quam
2561 4085 2817 4162 perdere
2852 4084 3036 4146 bene·

623 4175 855 4251 ficium,
885 4174 1161 4236 amicum
1203 4179 1573 4255 praestando
1606 4179 1857 4241 hostem
1889 4180 2375 4241 infestissimum
2416 4201 2668 4260 parare3
2708 4183 2818 4244 vbi
2853 4182 3032 4244 enim

621 4278 928 4354 tyrannus
981 4293 1122 4336 mea
1169 4274 1255 4337 sit
1307 4275 1539 4339 abusus
1587 4297 1788 4356 opera,
1837 4277 1939 4338 cui
1983 4278 2252 4355 gratiam
2294 4278 2525 4340 referre
2573 4299 2775 4358 neque
2822 4285 3034 4359 posset

687 4452 765 4499 45.
804 4441 859 4487 et
881 4453 971 4487 om.
995 4441 1056 4487 N.
1290 4441 1373 4489 66.
1410 4456 1510 4490 nec
1532 4445 1607 4490 E:
1642 4456 1711 4490 ne
1732 4445 1798 4492 H.
2011 4442 2092 4506 69.
2127 4444 2357 4492 incurua
2378 4447 2442 4491 H.
2660 4458 2739 4505 75.
2776 4444 2934 4493 Nunc
2957 4447 3028 4495 F':

624 4505 691 4554 In
715 4508 776 4555 E.
906 4508 979 4553 F:
1011 4505 1243 4553 saeuisse
1265 4510 1312 4555 E

686 4702 765 4750 71.
801 4689 1011 4754 nolam]
1035 4687 1113 4738 Cf.
1139 4689 1399 4748 avianus.
1426 4694 1543 4740 Fae.
1572 4700 1616 4752 7.
1641 4690 1690 4740 8.
1926 4704 2002 4751 7²·
2036 4688 2415 4754 cornupetam]
2439 4689 2594 4754 Vulg.
2620 4691 2787 4742 Exod.
2816 4706 2896 4743 ει.
2921 4707 3004 4755 29.
