3355 5380
585 279 704 335 484
1288 273 1665 336 LETTERS
1722 274 1829 336 OF
1889 274 2290 338 ERASMUS
2800 271 2989 356 [15¹¹

582 451 732 511 rogo
778 452 954 493 cures
1000 435 1073 494 vt
1124 431 1386 509 accipiat
1433 431 1648 493 literas
1694 453 1883 495 meas.
1971 432 2355 510 Scripseram
2401 453 2514 512 per
2560 433 2832 495 eundem
2880 434 2993 512 qui

583 531 900 609 proximas
925 530 1142 592 attulit
1166 533 1232 591 et
1256 531 1564 609 Episcopo
1592 530 2001 609 Rhophensi3
2041 533 2097 592 si
2126 532 2383 592 dabitur
2407 532 2658 606 occasio,
2689 550 2993 610 cognosce

496 648 557 701 5⁵
586 646 745 690 num
771 630 902 690 sint
927 628 1218 690 redditae.
1289 629 1483 707 Apud
1512 629 1790 708 reliquos
1818 630 1975 691 duos
1997 649 2161 708 agas,
2191 629 2461 705 obsecro,
2499 630 2666 708 quod
2693 629 2993 707 coepisti;

583 728 915 805 expectabo
956 727 1169 789 literas
1208 731 1349 789 tuas
1387 728 1755 806 priusquam
1796 728 1946 789 hinc
1991 747 2096 789 me
2142 747 2451 789 moneam.
2559 727 2887 789 Resalutat
2926 730 2995 789 te

583 821 893 898 Bouillus,
924 821 1159 882 mirum
1183 823 1256 882 in
1283 822 1543 884 modum
1570 822 1773 883 laetus
1801 826 1912 884 tua
1937 821 2330 883 salutatione.
2416 821 2488 885 Si
2523 822 2772 900 quando
2800 822 2995 883 fuerit

582 918 808 981 obuius
834 919 1066 996 Morus,
1098 924 1459 997 percontare
1485 941 1644 982 num
1673 939 1849 982 meas
1875 921 2089 982 literas
2116 919 2598 998 Archiepiscopo
2625 920 2988 996 reddiderit,

581 1019 648 1077 et
687 1035 845 1076 num
885 1036 1039 1094 quas
1079 1017 1212 1095 ipse
1252 1019 1328 1079 ad
1371 1038 1475 1078 me
1516 1018 1756 1080 dederit
1796 1018 1898 1079 vel
1940 1038 2085 1080 suas
2126 1018 2226 1079 vel
2270 1018 2519 1080 alienas.
2607 1018 2783 1080 Bene
2824 1018 2986 1095 vale,

495 1129 561 1181 60
583 1114 781 1176 amice
806 1114 1156 1193 singularis.
1246 1116 1696 1195 Cantabrigiae.
1730 1135 1831 1178 111.
1868 1118 2011 1179 idus
2040 1115 2347 1178 Nouemb.
2377 1113 2699 1198 [mn.x11.]

1242 1301 1387 1364 241.
1474 1297 1570 1364 To
1615 1298 1860 1364 Roons
1902 1297 2331 1364 Wnnrroan.

653 1382 902 1456 Farrago
926 1403 981 1455 p.
1011 1400 1133 1455 ²34·
2388 1381 2758 1457 (Cambridge
2774 1387 2840 1458 2>

654 1469 714 1527 F.
741 1490 794 1542 p.
821 1474 958 1542 361·
995 1471 1133 1528 ΗΝ·
1169 1471 1347 1528 Lond.
1373 1471 1489 1528 viii.
1517 1487 1583 1544 45
1617 1471 1765 1544 (44):
1802 1471 1912 1528 LB.
1944 1473 2061 1528 166.
2312 1469 2664 1543 (November
2694 1486 2821 1542 1511
2845 1470 2911 1544 ‘?)

651 1593 806 1658 [This
827 1595 988 1644 letter
1007 1608 1134 1658 may
1155 1595 1222 1643 be
1244 1594 1473 1657 placed
1457 1610 1518 1643 m
1542 1595 1845 1644 November
1886 1607 1975 1655 151
1990 1609 2029 1654 ι,
2050 1594 2294 1642 between
2318 1593 2414 1643 the
2446 1593 2776 1657 completion
2804 1591 2866 1640 of
2890 1592 2988 1642 the

583 1662 723 1718 eopia
758 1660 876 1724 (Ep.
913 1661 1031 1721 237)
1068 1660 1286 1709 andita
1315 1659 1647 1722 publication
1684 1659 1807 1722 (Ep.
1829 1655 1969 1722 2'60),
1992 1663 2051 1708 at
2085 1661 2182 1707 the
2217 1660 2352 1707 time
2386 1657 2551 1707 when
2586 1660 2844 1708 Erasmus
2875 1672 2990 1708 was

583 1724 870 1787 depressed
906 1726 981 1787 by
1019 1725 1108 1774 his
1144 1728 1370 1788 poverty
1402 1729 1461 1776 at
1499 1725 1821 1788 Cambridge
1856 1726 1967 1774 and
2001 1739 2115 1773 was
2151 1725 2582 1787 contemplating
2621 1739 2653 1772 a
2692 1727 2883 1773 return
2925 1726 2989 1772 to

581 1790 808 1839 London
830 1790 921 1854 (cf.
940 1790 1075 1853 Epp.
1096 1792 1194 1853 238
1215 1790 1327 1840 and
1350 1806 1486 1851 240.
1543 1791 1602 1840 11
1618 1792 1690 1841 N.
1709 1790 1769 1855 (1.
1790 1791 1880 1854 33)
1904 1792 1952 1839 is
1976 1789 2270 1852 Mountjoy,
2293 1790 2408 1841 thia
2432 1789 2594 1840 letter
2592 1804 2738 1869 ‘may
2752 1789 2991 1851 perhaps

582 1856 722 1904 refer
761 1858 820 1904 to
856 1870 889 1904 a
931 1860 1147 1917 request
1184 1856 1291 1904 add
1509 1859 1565 1905 to
1605 1857 1725 1906 him
1764 1857 1904 1906 after
1943 1856 2032 1905 his
2070 1858 2277 1917 return,
2312 1855 2554 1919 possibly
2587 1857 2649 1905 in
2688 1854 2785 1904 the
2823 1854 2987 1904 letter

580 1920 896 1969 mentioned
916 1923 977 1970 in
1000 1920 1100 1984 Ep.
1121 1935 1238 1982 240.
1261 1920 1372 1985 53.]

1096 2053 1412 2103 ERASMVS
1455 2053 1760 2103 BOGEBIO
1805 2053 2262 2103 VVENTFOBDO
2310 2053 2366 2101 8.
2410 2052 2477 2102 D.

662 2170 844 2247 Qvon
898 2170 1157 2250 Copiam
1213 2171 1379 2233 nolis
1440 2171 1594 2246 aedi,
1647 2172 1773 2232 nisi
1827 2175 1892 2233 te
1945 2173 2181 2251 gloriae
2237 2190 2411 2231 meae
2466 2170 2627 2232 ratio
2682 2175 2982 2248 moueret,

579 2268 906 2348 aequidem
952 2270 1206 2349 gemino
1245 2273 1614 2346 argumento
1655 2273 1831 2330 tuam
1871 2270 1940 2331 in
1980 2289 2083 2330 me
2125 2269 2631 2331 beneuolentiam
2679 2288 2943 2347 agnosco
2971 2291 2989 2345 ;

580 2369 874 2446 primum,
933 2368 1097 2447 quod
1152 2368 1386 2430 amoris
1440 2369 1877 2448 magnitudine
1946 2369 2298 2430 caecutiens
2358 2369 2523 2430 tanti
2582 2368 2736 2429 facis
2790 2389 2988 2448 nugas

580 2467 828 2528 Erasini
854 2466 967 2543 tui,
988 2470 1058 2528 vt
1078 2468 1278 2528 veluti
1293 2467 1661 2529 thesaurum
1676 2468 1978 2529 eximium
1995 2468 2186 2546 vulgo
2201 2467 2522 2546 prophano
2539 2467 2987 2528 communicari

525 2584 553 2633 5
578 2566 785 2641 nolis;
833 2566 1057 2628 deinde
1098 2565 1263 2644 quod
1303 2566 1649 2646 vequeadeo
1689 2565 1814 2628 mei
1856 2565 2136 2627 nominis
2178 2585 2245 2625 es
2286 2566 2616 2638 studiosus
2661 2569 2732 2626 vt
2771 2585 2986 2626 rursus

578 2664 869 2727 affectum
895 2666 1092 2728 istum
1119 2670 1304 2727 tuum
1330 2665 1558 2726 affectu
1583 2665 1807 2728 viceris
1835 2667 1897 2726 et
1934 2664 2111 2744 quasi
2145 2663 2397 2725 clauum
2433 2662 2609 2726 clauo
2646 2664 2981 2743 pepuleris.

579 2762 950 2842 Quanquam
978 2784 1091 2843 ego
1117 2784 1291 2825 meae
1316 2764 1517 2825 famae
1542 2765 1745 2843 magis
1771 2763 2041 2824 arbitror
2067 2764 2385 2839 interesse,
2411 2762 2465 2823 si
2492 2783 2691 2841 neque
2717 2764 2987 2824 edantur

576 2861 700 2922 ista
737 2882 936 2940 neque
971 2863 1497 2924 transscribantur
1535 2883 1573 2923 a
1605 2882 1933 2941 quoquam,
1976 2862 2102 2923 nisi
2143 2882 2393 2923 summo
2435 2861 2645 2922 labore
2687 2861 2986 2936 elimata3

576 2980 763 3039 quem
795 2981 911 3039 ego
950 2962 1055 3022 odi
1091 2981 1244 3022 cane
1281 2961 1460 3039 peius
1497 2964 1560 3022 et
1598 2981 1817 3039 angue,
1850 2961 2122 3022 maxime
2158 2980 2303 3021 cum
2338 2959 2588 3021 videam
2629 2960 2779 3020 hinc
2819 2959 2984 3020 nihil

497 3083 555 3117 ιο
577 3060 765 3138 recipi
791 3061 1031 3121 fructus
1054 3063 1297 3139 praeter
1323 3057 1783 3138 lippitudinem,
1811 3058 2056 3120 senium
2091 3060 2579 3137 praematurum,
2611 3058 2986 3119 esuritiones

576 3177 648 3219 ac
694 3160 957 3237 paulum
1006 3159 1192 3219 modo
1239 3157 1469 3236 gloriae
1506 3177 1652 3218 cum
1689 3158 1962 3237 plurima
1996 3157 2240 3218 inuidia
2277 3156 2699 3219 coniunctum.
2817 3157 2983 3217 Nam

578 3257 742 3332 quod
770 3256 848 3317 de
876 3259 1047 3317 statu
1074 3277 1213 3317 meo
1241 3256 1415 3334 cupis
1442 3276 1828 3335 cognoscere,
1860 3256 2154 3335 equidem
2192 3255 2400 3317 aureis
2436 3254 2761 3333 promissis
2796 3255 2984 3334 plane

578 3353 756 3414 diues
810 3373 973 3415 sum.
1070 3356 1401 3416 Caeterum
1453 3354 1703 3416 fortiter
1756 3353 1977 3415 esurio.
2080 3354 2259 3430 Quod
2312 3373 2676 3415 crumenam
2728 3354 2982 3416 inanem

577 3454 901 3530 tantopere
957 3453 1255 3531 deploras,
1315 3453 1519 3532 magis
1573 3453 1855 3532 deplores
1908 3452 1964 3512 si
2018 3453 2178 3513 scias
2237 3472 2341 3512 me
2410 3451 2576 3512 istuc
2642 3451 2983 3514 distentam

495 3570 551 3621 15
579 3550 866 3611 attulisse
894 3551 1038 3628 plus
1076 3551 1469 3629 septuaginta
1502 3551 1747 3612 duobus
1780 3550 2113 3627 nobilibus,
2148 3554 2212 3611 et
2246 3570 2328 3610 ne
2366 3549 2688 3609 tantulum
2729 3549 2983 3628 quidem

579 3648 976 3726 superfuisse.
1060 3648 1156 3708 Ex
1203 3649 1308 3709 his
1354 3650 1773 3710 coniecturam
1815 3649 2001 3709 facias
2043 3648 2256 3709 licebit
2304 3647 2830 3727 quemadmodum
2877 3647 2984 3707 hic

576 3746 933 3808 dilabantur
958 3746 1224 3822 nummi,
1256 3746 1365 3808 vbi
1392 3747 1555 3808 nihil
1582 3768 1713 3808 non
1743 3768 1882 3808 meo
1911 3749 2169 3825 sumptu
2197 3747 2432 3826 geritur
2468 3749 2532 3807 et
2568 3748 2665 3806 est
2698 3745 2858 3805 milu·
2885 3764 2984 3805 res

575 3864 719 3905 cum
749 3843 992 3905 duabus
1018 3845 1452 3923 charybdibus
1477 3847 1915 3907 veracissimis.

658 3943 836 4020 Quod
864 3946 997 4004 tam
1024 3943 1292 4021 benigne
1328 3946 1406 4020 et,
1437 3947 1509 4005 vt
1535 3944 1696 4005 mihi
1734 3965 2104 4022 persuasum
2144 3948 2253 4019 est,
2288 3963 2365 4004 ex
2402 3944 2614 4004 animo
2650 3941 2981 4021 pecuniam

490 4066 553 4101 20
574 4046 753 4104 tuam
800 4043 998 4117 offers,
1050 4041 1393 4120 amplector
1439 4045 1501 4103 et
1561 4043 1885 4104 exosculor
1934 4043 2354 4122 Rogerianum
2416 4043 2605 4104 illum
2671 4041 2977 4116 animum,

639 4188 754 4236 240.
774 4201 854 4247 57.
892 4185 953 4233 in
977 4186 1196 4234 modum
1220 4188 1273 4233 N
1281 4184 1302 4214 ⁸
1322 4202 1336 4233 :
1370 4184 1674 4235 immodum
1696 4189 1755 4235 Ε.
2282 4201 2362 4248 59.
2397 4184 2489 4235 vel
2510 4200 2634 4235 suas
2655 4189 2729 4234 E:
2764 4198 2891 4234 suas
2912 4187 2979 4234 H.

573 4253 654 4301 60.
692 4266 891 4302 naun
914 4256 1027 4301 aad.
1050 4255 1116 4301 H.
1349 4253 1460 4300 241.
1480 4267 1527 4313 7.
1563 4265 1741 4314 neque
1763 4251 1998 4301 edantur
2022 4253 2130 4301 ista
2151 4268 2245 4302 om.
2267 4256 2336 4303 H.
2569 4266 2651 4301 ao.
2685 4249 2897 4299 osculor
2915 4253 2981 4299 N.

628 4387 740 4436 240.
755 4401 834 4447 54.
857 4384 1198 4448 Rhophensi]
1219 4384 1502 4447 cr.Ep.242
1517 4383 1717 4434 introd.
1820 4382 1946 4431 who
1967 4397 2093 4446 may
2110 4382 2249 4433 have
2273 4384 2412 4432 been
2427 4383 2716 4446 proposing
2735 4385 2793 4432 to
2815 4382 2984 4447 adopt

628 4452 741 4501 241.
762 4466 784 4499 1
798 4487 810 4499 .
840 4452 1060 4514 copiam
1107 4452 1278 4501 These
1299 4451 1478 4499 words
1499 4464 1645 4498 seem
1661 4450 1719 4498 to
1820 4449 1868 4497 it
1888 4449 1972 4497 for
1992 4462 2089 4497 use
2112 4454 2171 4498 at
2194 4450 2274 4498 St.
2297 4451 2586 4511 Antony'e.

574 4518 750 4579 imply
771 4517 895 4566 that
917 4516 963 4563 it
1117 4517 1251 4566 been
1274 4516 1493 4577 already
1515 4519 1638 4564 sent
1658 4517 1718 4563 to
1890 4528 1963 4574 14.
1998 4515 2163 4577 istuc]
2177 4514 2419 4577 Perhaps
2432 4529 2503 4563 on
2521 4516 2616 4564 the
2629 4516 2822 4564 return
2836 4514 2980 4564 lrom

574 4582 741 4645 Colet,
761 4582 874 4632 and
895 4582 1083 4631 shown
1103 4584 1174 4645 by
1187 4583 1305 4632 him
1324 4585 1381 4632 to
1398 4581 1684 4631 Wentford
1705 4598 1719 4643 ;
1821 4580 1985 4630 Paris.
2058 4582 2193 4644 Epp.
2216 4581 2458 4630 218—222.
