3355 5380
303 399 486 483 1495]
981 404 1211 466 FROM
1268 405 1609 466 ROBERT
1667 405 2010 467 GAGUIN
2581 411 2695 464 147

294 557 604 620 fastidiosi
632 561 941 622 stomachi
965 582 1149 623 causa
1177 561 1342 623 mala
1368 562 1722 623 valitudine
1747 561 2175 623 laborantibus
2212 563 2435 640 primis
2462 562 2699 624 mensis

291 657 539 718 dantur.
625 657 894 721 Irritant
920 660 1174 739 quidem
1201 662 1475 739 gustum,
1508 680 1734 739 pamm
1760 661 2093 721 conferunt
2116 660 2421 721 alimenti.
2731 686 2748 720 ι
2760 686 2788 736 5

376 755 555 831 Quod
587 757 708 817 etsi
733 777 957 819 verum
991 762 1101 834 est,
1133 763 1345 819 tamen
1384 758 1537 820 alios
1579 760 1656 819 de
1699 778 1801 818 me
1842 757 2146 819 iudicium
2173 761 2244 818 vt
2286 758 2461 819 lubet
2500 758 2701 819 facere

296 872 422 914 non
449 853 740 931 impedio.
830 856 1002 916 Illud
1031 856 1228 918 michi
1256 857 1594 918 molestum
1622 858 1720 916 est
1750 855 1893 933 (te)
1924 856 2176 933 plenam
2203 859 2313 916 tue
2340 855 2701 917 disertionis

296 971 520 1012 venam
553 952 621 1011 in
656 972 793 1014 mee
819 953 1021 1016 laudis
1043 955 1339 1032 exiguum
1367 956 1579 1016 riuum
1617 955 1921 1027 soluisse;
1964 958 2035 1015 vt
2070 955 2149 1015 ad
2188 954 2411 1014 Nasice
2448 954 2703 1032 integri·

296 1053 488 1110 tatem
534 1054 598 1111 et
646 1052 931 1113 Nestoris
978 1053 1330 1131 eloquentie
1370 1052 1763 1131 splendorem
1813 1073 1916 1113 me
1955 1053 2279 1113 tantillum
2319 1051 2699 1130 discipulum

294 1150 360 1206 et
411 1147 609 1209 adhuc
658 1150 1005 1212 discentem
1057 1153 1324 1213 efferres.
1426 1152 1560 1228 Vis,
1613 1150 1937 1226 Herasme,
1989 1150 2197 1211 dicam
2251 1150 2523 1228 ingenue
2579 1170 2700 1229 que
2729 1177 2791 1213 ιο

293 1246 497 1305 sentio
513 1248 545 1306 ⁸?
600 1248 783 1325 Cogit
808 1250 1055 1311 dicendi
1080 1250 1419 1311 artificium
1438 1248 1692 1309 vberem
1713 1249 1994 1326 vndique
2020 1248 2141 1309 sibi
2171 1248 2253 1309 ad
2281 1248 2700 1327 eloquendum

293 1344 639 1422 materiem,
685 1365 799 1407 nec
839 1348 1021 1408 facile
1061 1348 1193 1410 suis
1232 1347 1546 1408 limitibus
1588 1346 1916 1407 cohibetur
1961 1347 2305 1407 scaturiens
2349 1365 2599 1424 semper
2637 1350 2700 1407 et

288 1442 622 1518 profluum.
723 1445 846 1507 Sed
900 1450 1012 1521 est,
1062 1447 1274 1525 inquit
1327 1446 1598 1520 OratiuS,
1659 1446 1886 1506 modus
1941 1445 2011 1505 in
2074 1445 2274 1521 rebus,
2334 1448 2487 1506 sunt
2547 1445 2702 1507 certi

288 1539 564 1618 denique
610 1541 784 1603 fines.
876 1543 1125 1605 Vellem
1173 1548 1515 1622 propterea,
1569 1543 1896 1619 Herasme‚
1945 1544 2016 1603 in
2071 1542 2417 1604 scribendis
2464 1544 2545 1604 de
2596 1563 2699 1604 me

289 1639 760 1702 laudationibus
786 1643 1161 1704 contractior
1186 1642 1427 1719 fuisses,
1451 1662 1579 1703 non
1600 1641 1981 1703 luxuriasses
2004 1666 2019 1716 3
2063 1662 2192 1702 non
2214 1642 2381 1719 quod
2408 1642 2698 1703 ruborem
2731 1662 2791 1713 ²5

289 1738 489 1798 michi
545 1738 681 1799 laus
726 1740 1024 1817 effundat,
1079 1742 1186 1802 sed
1236 1741 1401 1820 quod
1451 1741 1748 1819 quicquid
1794 1759 1985 1818 supra
2031 1740 2330 1800 meritum
2378 1759 2415 1799 a
2460 1738 2703 1800 dicente

289 1839 662 1912 prouectum
711 1843 821 1913 est,
879 1840 1288 1902 assentationi
1343 1843 1453 1901 aut
1507 1839 1830 1900 mendatio
1885 1840 2087 1899 datur.
2201 1836 2439 1898 Verum
2493 1838 2703 1915 itaque

286 1934 580 1997 scribam.
695 1937 1012 2012 Quantum
1071 1959 1182 2017 per
1235 1942 1378 1999 tuas
1439 1938 1684 1999 litteras
1746 1958 1976 2016 perque
2041 1936 2268 2016 lyricas
2321 1936 2704 1997 cantationes

284 2035 638 2097 coniectare
679 2035 839 2112 licet,
884 2038 1201 2098 eruditum
1241 2040 1305 2099 te
1344 2037 1595 2110 iudico;
1649 2037 2055 2116 quamobrem
2095 2056 2223 2096 non
2268 2036 2480 2096 minus
2525 2039 2728 2120 tuam·

286 2134 637 2194 amicitiam
695 2139 947 2213 expecto
1003 2156 1193 2214 quam
1248 2141 1318 2198 tu
1380 2156 1606 2198 meam.
1694 2135 2066 2196 Studiorum
2122 2134 2294 2195 enim
2350 2134 2703 2195 similitudo
2731 2155 2796 2206 30

287 2232 616 2309 glutinum
670 2235 768 2293 est
821 2234 1115 2295 caritatis.
1202 2236 1306 2296 Ad
1356 2254 1544 2314 quam
1599 2234 1655 2295 si
1712 2233 2077 2294 humanitas
2117 2233 2265 2308 vlla,
2311 2231 2366 2292 si
2422 2230 2703 2292 doctrine

288 2330 635 2409 quippiam,
680 2335 754 2391 vt
800 2332 931 2409 ipse
971 2333 1310 2409 existimas,
1356 2332 1554 2394 michi
1598 2331 1871 2406 accessit,
1919 2331 2080 2392 illud
2126 2329 2469 2391 liberaliter
2506 2328 2698 2405 edico,

286 2432 502 2506 patere
529 2432 640 2490 tuo
675 2430 877 2490 amori
910 2429 989 2491 ad
1027 2451 1240 2493 meum
1277 2434 1495 2509 pectus
1520 2434 1584 2492 et
1614 2430 1939 2491 caritatem
1974 2428 2221 2490 aditum
2258 2447 2387 2488 non
2419 2447 2597 2488 secus
2632 2447 2704 2488 ac

286 2528 453 2588 meis
483 2527 706 2589 amicis
732 2528 942 2589 edium
976 2548 1261 2590 mearum
1287 2529 1525 2591 valnas.
1612 2529 1792 2590 Tolle
1818 2527 2149 2588 verborum
2180 2530 2245 2587 et
2282 2524 2704 2587 blandimenti

282 2645 545 2686 omnem
573 2625 806 2703 fucum,
837 2627 1110 2688 reuelata
1135 2627 1341 2689 fronte
1376 2627 1594 2689 accede
1616 2649 1632 2702 ;
1672 2646 1748 2687 ea
1774 2625 1990 2686 iudicii
2016 2627 2258 2685 retenta
2284 2623 2406 2684 tibi
2436 2623 2705 2685 liberali·
2730 2640 2791 2692 35

284 2729 435 2800 tate,
470 2729 543 2786 vt
569 2744 674 2785 me
701 2744 874 2786 ames
900 2725 957 2784 si
984 2726 1073 2787 ita
1102 2746 1328 2803 censes
1362 2727 1463 2788 sin
1496 2746 1690 2800 secus,
1722 2723 2111 2803 posthabeas.
2198 2721 2371 2785 Vale.

959 2936 1063 2997 44.
1156 2932 1357 2998 Faon
1403 2933 1687 2998 Rosam
1733 2929 2036 2996 Gaoum.

357 3063 621 3136 Epistole
649 3108 664 3122 .
694 3107 708 3121 .
733 3066 981 3137 Gaguini
1013 3070 1222 3141 (1498),
1249 3088 1338 3127 no.
1366 3085 1454 3140 71.
2185 3062 2362 3120 Paris.

1991 3170 2057 3222 24
2084 3151 2415 3224 September
2439 3150 2615 3223 (1495
2635 3146 2701 3222 ‘?>

1113 3228 1243 3294 [For
1262 3229 1358 3278 the
1380 3229 1505 3279 date
1526 3244 1615 3278 see
1639 3229 1734 3292 Ep.
1761 3226 1868 3290 43.]

886 3361 1238 3411 ROBEB'rvs
1283 3362 1636 3411 GAGVINVS
1683 3359 2011 3409 HEBASMO
2057 3357 2112 3405 S.

357 3480 680 3541 szms
709 3481 898 3543 michi
930 3482 1163 3544 doloris
1189 3486 1296 3544 tue
1323 3482 1530 3544 littere
1551 3481 1878 3558 tantisper,
1898 3479 2054 3540 dum
2075 3498 2181 3539 eas
2209 3479 2346 3556 legi,
2371 3476 2696 3551 Herasme,

277 3581 739 3655 prestiterunt3
785 3584 936 3641 sunt
972 3581 1145 3642 enim
1172 3581 1507 3642 verborum
1544 3582 1857 3641 structura
1890 3598 2019 3638 non
2049 3578 2264 3638 minus
2296 3575 2702 3637 admirabiles

276 3698 475 3755 quam
539 3680 1000 3740 sententiarum
1054 3682 1375 3741 maiestate
1428 3681 1795 3756 prestantes.
1901 3676 2081 3752 Quod
2134 3673 2438 3736 orationis
2504 3692 2703 3751 genus

273 3776 780 3837 ecclesiasticum
806 3776 1132 3838 hominem
1159 3778 1431 3838 maxime
1460 3777 1650 3851 decet,
1684 3795 1811 3836 non
1839 3773 1999 3834 illud
2026 3773 2332 3834 lasciuum
2362 3774 2426 3831 et
2464 3770 2702 3831 blandi·

270 3895 386 3935 ens
414 3874 660 3948 verbis,
690 3873 983 3951 gloriolas
1008 3879 1263 3938 tantum
1290 3895 1623 3954 aucupans,
1657 3874 1794 3935 sine
1822 3893 2002 3934 succo
2034 3872 2299 3947 aridum,
2331 3870 2468 3931 sine
2503 3869 2702 3947 gratia
2730 3880 2757 3930 5

275 3972 649 4046 mellitum3
712 3972 802 4032 ita
843 3975 915 4032 vt
963 3993 1106 4034 cum
1149 3974 1454 4035 eiusmodi
1502 3973 1764 4050 longum
1814 3971 2061 4050 aliquod
2109 3991 2265 4049 opus
2313 3966 2696 4040 lustraueris

275 4070 441 4131 nihil
471 4070 905 4148 desumpoeris
930 4071 1145 4133 vitalis
1175 4072 1479 4134 alimenti.
1539 4072 1658 4132 Est
1684 4071 1820 4132 eius
1845 4070 1938 4131 rei
1964 4071 2257 4147 frequens
2283 4067 2447 4144 apud
2485 4069 2701 4144 poetas

274 4167 515 4230 vicium
544 4195 561 4244 ;
625 4169 734 4245 qui
776 4190 902 4230 vna
940 4190 1053 4248 pro
1094 4170 1215 4231 loci
1259 4171 1499 4231 ratione
1540 4169 1753 4230 fabula
1793 4188 1921 4229 non
1965 4167 2242 4228 contenti
2283 4166 2471 4227 aliam
2513 4183 2699 4241 super

752 4340 829 4387 43.
855 4340 936 4400 3⁶·
975 4354 1123 4388 ames
1143 4341 1180 4394 β
1201 4354 1214 4387 :
1245 4353 1394 4388 amas
1416 4357 1463 4388 a.
1670 4340 1748 4388 44.
1770 4353 1818 4401 5.
1853 4335 2081 4400 glorolas
2103 4338 2188 4390 «ιβ.

343 4525 528 4584 wag.
567 4519 820 4585 Oratius]
842 4525 942 4571 Sat.
975 4537 1016 4569 1.
1046 4537 1087 4570 1.
1116 4523 1223 4571 106.
1540 4518 1765 4582 printed
1809 4519 1872 4566 in
1918 4519 2014 4567 the
2053 4520 2120 4565 Dc
2163 4531 2276 4565 casa
2320 4517 2541 4563 natalitia
2584 4516 2697 4588 Iesu

341 4588 423 4638 28.
454 4589 666 4651 lyricas
690 4587 1059 4651 cantationes]
1093 4592 1288 4637 carmen
1308 4591 1441 4636 Hen-
1542 4586 1661 4648 (Ep.
1701 4584 1807 4648 47),
1843 4584 1952 4634 and
1986 4581 2302 4632 afterwards
2336 4576 2597 4628 included
2630 4592 2690 4624 in

277 4657 638 4714 decoquamus
671 4668 761 4713 quo
796 4659 1017 4712 primum
1052 4656 1311 4702 Herasmus
1348 4657 1440 4701 Ga-
1540 4648 1817 4701 Erasmus'
1839 4654 2220 4710 Epiqrammata.

277 4725 485 4777 quinum
542 4723 764 4768 nondum
816 4723 969 4768 cisum
1018 4723 1263 4781 compellat,
1323 4719 1442 4767 first
1611 4719 1689 4766 44.
1718 4732 1761 4765 1.
1795 4714 2022 4778 doloris]
2046 4713 2127 4763 Cf.
2150 4713 2257 4762 GE.
2286 4725 2362 4774 77,
2391 4711 2442 4759 8.
