3355 5380
639 373 756 429 136
1343 364 1725 428 LETTERS
1778 365 1885 427 OF
1939 364 2338 427 ERASMUS
2854 360 3042 445 [1494

636 526 843 587 Erunt
885 528 1029 604 post
1065 523 1594 585 intermissionem
1631 525 1697 583 et
1731 521 1850 583 tibi
1880 521 2093 583 Musae
2133 525 2197 583 et
2237 525 2311 582 tu
2338 521 2537 583 Musis
2570 521 2775 583 multo
2812 523 3049 601 gratior

635 644 825 703 quam
855 625 912 686 si
940 623 1192 684 nullum
1220 622 1566 683 diuortium
1592 621 2062 681 intercessisset.

717 722 786 784 si
822 723 972 802 quid
1008 723 1244 799 agitem
1283 739 1478 798 rogas,
1508 722 1607 780 est
1644 718 1807 779 mihi
1846 719 1916 778 in
1958 717 2252 778 manibus
2287 717 2363 778 de
2403 716 2635 779 litteris
2671 738 2847 797 opuS,
2879 722 3043 799 quod

549 843 610 878 10
635 821 987 883 diutissime
1035 820 1314 881 minatus
1352 838 1513 892 sum,
1559 818 1748 896 idque
1790 817 1960 877 inter
2003 816 2472 877 rusticationem
2520 836 2685 892 curo,
2734 821 3044 895 quantum

633 918 925 998 procedat
951 938 1174 998 parum
1201 917 1344 978 scic.
1431 915 1508 976 Id
1537 915 1793 994 quidem
1833 914 2039 993 operis
2071 914 2312 975 duobus
2346 914 2584 976 libellis
2618 914 2938 977 absoluere
2970 918 3042 978 111

634 1018 849 1079 animo
876 1021 988 1079 661.
1076 1016 1259 1078 Prior
1285 1016 1355 1076 in
1388 1014 1747 1076 refellendis
1777 1013 2013 1092 ineptis
2043 1014 2450 1075 barbarorum
2488 1013 2837 1075 rationibus
2871 1018 3044 1078 totus

635 1117 763 1178 fere
792 1117 1177 1191 versabitur;
1216 1116 1286 1175 in
1318 1113 1590 1176 secundo
1616 1115 1681 1174 te
1709 1111 1924 1191 tuique
1951 1112 2196 1172 similes
2223 1111 2441 1173 doctos
2475 1112 2709 1173 amicos
2749 1113 2827 1173 de
2859 1114 3047 1176 laude

632 1214 985 1278 litterarum
1011 1214 1186 1293 loqui
1209 1213 1449 1275 faciam.
1520 1211 1742 1290 Itaque
1770 1209 2274 1289 quandoquidem
2302 1211 2657 1272 communis
2680 1211 2801 1275 erit
2825 1213 3039 1290 gloria,

550 1334 608 1385 15
634 1333 904 1392 aequum
939 1315 1035 1373 est
1067 1311 1348 1373 laborem
1383 1330 1627 1389 quoque
1665 1329 1800 1370 esse
1833 1308 1995 1370 mihi
2033 1312 2243 1370 tecum
2281 1327 2698 1369 communem.
2787 1309 2858 1371 Si
2890 1312 3043 1390 quid

634 1410 832 1490 igitur
885 1409 1093 1488 legisti
1140 1408 1313 1487 (quid
1367 1408 1539 1468 enim
1583 1409 1656 1467 tu
1705 1425 1836 1468 non
1879 1406 2088 1485 legisti
2102 1406 2158 1482 ‘?)
2207 1406 2373 1484 quod
2414 1406 2492 1467 ad
2541 1406 2661 1468 has
2702 1427 2802 1469 res
2845 1407 3043 1470 facere

634 1508 904 1588 putabis,
962 1509 1030 1569 id
1083 1510 1182 1568 est
1234 1526 1355 1585 quo
1407 1506 1512 1567 vel
1566 1505 1922 1567 litterarum
1975 1504 2256 1565 studium
2310 1504 2658 1582 vituperari
2709 1509 2894 1585 queat
2938 1509 3042 1569 vel

636 1607 895 1682 laudari,
941 1626 1168 1686 quaeso
1209 1606 1286 1667 ad
1329 1625 1431 1665 me
1471 1604 1722 1665 mittere
1759 1623 1951 1679 cures,
1999 1607 2186 1682 atque
2225 1624 2338 1681 per
2377 1606 2661 1665 nostram
2701 1604 3042 1667 amicitiam

635 1705 938 1767 candidus
965 1704 1307 1784 impartias.
1390 1701 1563 1763 Vale.

1069 1912 1174 1974 38.
1266 1908 1465 1973 From
1514 1907 1856 1973 warum
1901 1906 2218 1971 HERMAN
2263 1923 2349 1972 ’16
2394 1905 2605 1975 JOHN.

710 2055 820 2111 ΕΒ
843 2055 994 2127 App
1018 2067 1141 2126 454
2694 2007 2967 2171 {8333

638 2217 1247 2347 αᾱὲιξὲεᾝᾱᾞέῑιξρᾈ,
1246 2218 2728 2372 ism?Effe‘ffissaemffssizffifflga‘fflffl
2742 2220 3043 2337 &2302ss

639 2349 1004 2411 MS.1323,1:
1043 2363 1125 2411 59,
1161 2348 1328 2426 ‘qum
1368 2349 1568 2398 ditioni
1609 2299 1966 2400 Hblolandicae
2006 2348 2457 2413 inauguraretur?
2493 2352 2604 2401 and
2643 2352 3043 2415 congratulates

637 2416 757 2465 him
796 2430 868 2464 on
902 2415 991 2464 his
1028 2415 1297 2464 accession
1336 2418 1393 2464 to
1429 2429 1611 2478 power
1646 2417 1685 2479 (‘
1705 2418 1767 2465 tu
1800 2418 1954 2479 regni
1986 2416 2101 2478 ipse
2132 2418 2233 2479 tui,
2271 2418 2488 2480 tempus
2521 2416 2690 2480 adest,
2724 2417 2841 2468 lora
2872 2432 3043 2469 manu

638 2496 735 2545 cap
737 2496 767 2529 e
782 2479 860 2547 ’),
908 2480 1018 2529 and
1048 2494 1176 2544 may
1197 2480 1466 2530 therefore
1496 2482 1563 2530 be
1594 2480 1784 2545 placed
1820 2481 2152 2531 somewhere
2186 2482 2434 2531 between
2463 2496 2530 2531 66
2550 2482 2584 2531 J
2587 2482 2683 2546 uly
2708 2498 2849 2547 1494,
2874 2483 3039 2534 when

641 2546 828 2609 Philip
860 2560 971 2595 was
999 2544 1248 2595 declared
1278 2547 1338 2595 of
1361 2561 1473 2609 age,
1500 2547 1610 2595 and
1636 2562 1696 2595 16
1721 2547 1845 2597 Dec.
1876 2561 2017 2609 1494,
2040 2547 2203 2598 when
2232 2547 2304 2596 he
2333 2547 2579 2598 received
2601 2548 2698 2598 the
2729 2549 2956 2613 homage
2985 2550 3047 2599 of

642 2562 888 2662 Houapnd
918 2611 1028 2660 and
1050 2609 1287 2661 Zealand
1312 2614 1583 2675 (Goudaecloe
1599 2616 1922 2675 Kmnyaloen,
1954 2614 2096 2675 1663,
2122 2628 2172 2675 p.
2201 2613 2336 2676 184).
2402 2612 2536 2662 This
2567 2611 2745 2675 letter,
2771 2616 3035 2678 however,

640 2678 863 2728 which·
846 2694 894 2727 16
918 2677 1201 2741 evidently
1221 2678 1316 2727 the
1346 2677 1465 2728 first
1487 2679 1542 2728 to
1572 2677 1739 2741 John,
1765 2678 1875 2729 and
1897 2678 2077 2729 which
2101 2678 2321 2741 implies
2348 2678 2472 2730 that
2494 2678 2680 2743 Philip
2708 2694 2819 2730 was
2840 2679 2993 2731 still’
2977 2695 3038 2730 111

642 2744 895 2808 tutelage,
932 2745 1081 2794 must
1117 2745 1184 2793 116
1225 2744 1415 2807 placed
1451 2743 1750 2794 somewhat
1794 2745 2002 2797 earlier.
2093 2744 2148 2795 It
2186 2759 2297 2794 was
2337 2745 2602 2808 probably
2638 2746 2864 2797 written
2901 2746 3044 2797 after

642 2810 934 2860 Herman's
966 2813 1158 2858 return
1192 2811 1249 2859 to
1282 2809 1472 2872 Steyn,
1495 2811 1646 2859 since
1681 2809 1750 2859 he
1784 2825 2007 2873 appears
2040 2824 2112 2859 no
2145 2810 2272 2872 long
2274 2824 2333 2859 er
2337 2760 2420 2860 pto
2453 2810 2519 2859 be
2551 2810 2691 2860 with
2715 2811 3041 2864 Batt.'1'he

642 2874 885 2938 identity
916 2876 976 2925 of
1002 2875 1099 2924 the
1132 2874 1470 2925 Archduke's
1503 2879 1651 2926 tutor
1685 2876 1716 2925 1
1747 2876 1886 2925 have
1920 2875 2088 2925 failed
2121 2878 2178 2926 to
2212 2874 2500 2942 discover-1

881 3007 1231 3055 MAGISTBO
1276 3005 1579 3055 IOHANNI
1626 3006 1829 3056 nvom
1875 3007 2190 3056 PHILIPPI
2234 3008 2816 3058 LITTERATISSIMO

1112 3109 1588 3158 PBAECEP'I'ORI
1632 3110 2067 3159 GVILIELMVS
2111 3111 2477 3161 GOVDANVS
2521 3113 2577 3160 Β.

722 3233 995 3295 1666616
1038 3232 1284 3306 Battus,
1333 3232 1443 3309 qui
1486 3232 1648 3293 mihi
1692 3236 1789 3294 est
1836 3235 2092 3311 propter
2136 3232 2519 3313 singularem
2574 3234 2921 3296 doctrinam
2975 3238 3039 3296 et

640 3350 919 3392 amorem
969 3349 1158 3407 quem
1201 3348 1346 3406 erga
1393 3349 1496 3389 me
1544 3328 1732 3391 habet
1777 3331 2179 3409 praecipuum
2220 3331 2641 3408 charissimus,
2686 3351 2830 3393 cum
2877 3330 3039 3394 forte

640 3428 710 3486 in
765 3445 1047 3487 sermone
1102 3425 1399 3487 familiari
1457 3426 1533 3488 de
1592 3429 1654 3488 te
1718 3446 1923 3488 sermo
1976 3428 2312 3503 incidisset,
2372 3430 2766 3509 narraretque
2824 3449 3038 3491 meum

640 3543 891 3584 carmen
933 3523 1052 3583 tibi
1098 3543 1164 3583 se
1206 3523 1511 3601 recitasse,
1557 3544 1840 3604 rogarem
1882 3527 2093 3588 autem
2141 3546 2254 3605 ego
2296 3549 2407 3607 per
2452 3528 2617 3590 hanc
2658 3529 3040 3590 occasionem

583 3652 613 3701 5
642 3620 789 3699 quid
848 3620 1125 3682 hominis
1179 3641 1360 3697 esses,
1421 3643 1542 3700 qua
1595 3623 1893 3700 doctrina,
1951 3644 2072 3702 quo
2127 3625 2397 3704 ingenio,
2440 3628 2763 3704 tantopere
2816 3628 2896 3701 te,
2942 3626 3042 3686 vir

639 3718 1111 3795 humanissime,
1163 3720 1364 3797 coepit
1405 3719 1756 3798 praedicare
1808 3740 1878 3783 ac
1927 3722 2194 3798 laudare,
2245 3726 2317 3784 vt
2364 3724 2460 3785 tui
2508 3724 2860 3786 studiosum
2907 3743 3042 3787 esse

638 3819 819 3880 facile
865 3819 1467 3894 animaduerterem3
1525 3841 1626 3881 me
1675 3840 1824 3882 vero
1869 3820 1959 3882 ita
2001 3822 2372 3899 incenderat,
2406 3827 2478 3885 vt
2519 3827 2582 3885 te
2628 3843 2760 3886 non
2802 3823 3039 3903 possim

639 3936 768 3977 non
823 3915 1226 3978 vehementer
1277 3935 1500 3978 amare.
1613 3918 1796 3980 Idem
1857 3921 2067 3980 autem
2130 3921 2432 3982 maiorem
2486 3921 2557 3982 in
2619 3923 2880 3984 modum
2937 3941 3040 3982 me

640 4013 1012 4077 hortabatur
1045 4019 1420 4095 conatusque
1460 4019 1557 4078 est
1583 4017 1954 4095 persuadere
1979 4021 2050 4078 vt
2077 4019 2546 4097 quamprimum
2582 4020 2661 4080 ad
2697 4025 2762 4081 te
2797 4021 3044 4082 litteras

555 4139 618 4177 ιο
639 4113 974 4174 scriberem
1016 4118 1078 4174 et
1113 4117 1296 4175 tuum
1340 4114 1500 4175 mihi
1540 4135 1815 4176 amorem
1856 4115 2268 4192 conciliarem,
2297 4117 2618 4179 affirmans
2658 4118 2824 4181 nihil
2862 4137 2934 4180 ea
2975 4139 3042 4179 re

707 4278 788 4327 88.
810 4292 860 4336 4.
894 4276 1139 4342 carmen]
1203 4277 1440 4340 Perhaps
1503 4275 1792 4327 Herman's
1889 4278 2156 4341 vtebatur,
2205 4294 2305 4343 per
2350 4280 2634 4343 epistolam
2676 4279 3038 4358 ᾶ.κ1.161666(1>,

642 4341 755 4392 Ode
810 4358 857 4403 4,
914 4342 1096 4391 which
1151 4344 1199 4391 is
1247 4342 1458 4392 headed
1524 4343 1790 4393 ‘·1ncredi
1891 4347 2099 4406 quanta
2130 4344 2360 4394 videndi
2393 4346 2638 4395 hominis
2669 4349 2862 4397 arserit
2891 4347 3039 4410 cupi·

642 4408 753 4456 bile
787 4422 949 4456 suum
984 4406 1222 4458 declarat
1254 4408 1585 4459 desiderium
1612 4409 1790 4459 Iacobi
1893 4409 2066 4459 ditate
2111 4410 2212 4460 1166
2256 4411 2497 4461 carmine
2541 4425 2653 4460 non
2696 4413 2918 4461 obscure
2963 4415 3038 4461 te-

642 4474 811 4536 Batti,
894 4472 1137 4523 hominis
1212 4474 1608 4536 candidissimi,
1694 4475 1791 4537 qui
1891 4475 2104 4525 statur.'
2189 4475 2323 4526 'rhis
2377 4476 2631 4540 heading,
2691 4477 2875 4528 which
2928 4492 3043 4526 was

641 4539 751 4589 fuit
815 4543 1038 4588 senatus
1097 4538 1282 4603 oppidi
1343 4509 1627 4603 Bergensis
1693 4554 1790 4602 pu·
1890 4542 2152 4604 probably
2188 4540 2364 4590 added
2401 4545 2458 4592 at
2504 4543 2600 4591 the
2639 4544 2773 4592 time
2814 4542 2876 4591 of

642 4606 820 4655 blicus
842 4620 873 4653 a
896 4606 1149 4666 secretis;
1188 4606 1345 4654 cuius
1367 4619 1500 4666 qum
1525 4619 1702 4654 mores
1723 4607 1791 4655 ab
1893 4606 2132 4669 lication,
2162 4608 2283 4657 Jan.
2322 4622 2465 4670 1497,
2502 4607 2722 4670 implies
2752 4608 2875 4658 that
2957 4610 3040 4657 att

644 4671 1035 4735 Herasmo,qu1
1050 4673 1170 4720 tum
1187 4671 1348 4721 Batto
1362 4670 1792 4720 familiarissime
1891 4671 2001 4721 had
2025 4671 2125 4722 left
2149 4673 2359 4736 Ber-gen
2384 4674 2454 4738 by
2482 4675 2623 4736 1496.
