3355 5380
259 390 447 475 1487]
923 394 1028 455 ΤΟ
1084 393 1564 455 SERVATIUS
1620 393 2016 456 ROGERUS
2589 400 2666 455 83

257 572 423 613 vnm
460 571 529 613 es
568 552 683 630 qui
723 551 1035 613 medelam
1069 551 1229 612 ferre
1269 550 1486 629 possis,
1520 550 1629 629 qui
1661 552 1907 612 dolores
1942 552 2010 612 in
2040 550 2282 629 gaudia,
2315 551 2423 628 qui
2460 551 2669 611 luctus

264 651 335 712 in
382 650 581 712 risum
620 653 872 712 vertere
912 650 1207 711 facillime
1255 669 1457 728 queas»
1547 648 1784 727 Itaque,
1841 649 1935 710 mi
1989 648 2236 710 Seruati
2282 646 2662 722 charissime,

265 751 323 811 si
351 770 485 811 eam
510 747 876 823 amicitiam,
909 768 1100 827 quam
1127 748 1281 809 olim
1307 747 1505 809 velim
1531 748 1826 822 maxime,
1859 746 1973 809 abs
2000 750 2065 809 te
2091 746 2384 825 consequi
2409 765 2663 824 nequeo,
2695 751 2761 802 80

265 848 496 909 saltem
549 866 779 926 quaeso
833 846 1115 925 vulgaris
1166 846 1251 907 sit
1305 845 1472 907 inter
1525 866 1643 907 nos
1697 846 2124 920 consuetudo;
2190 845 2355 924 quod
2410 844 2468 905 si
2529 863 2670 907 eam

264 965 515 1024 quoque
555 945 720 1006 mihi
759 945 1112 1024 negandam
1152 948 1353 1022 putas,
1390 943 1554 1006 nihil
1595 945 1690 1005 est
1728 945 1892 1021 quod
1932 942 2172 1005 diutius
2207 942 2421 1004 viuere
2448 941 2663 1004 velim.

263 1045 435 1120 Quae
478 1046 691 1104 autem
729 1042 944 1104 animo
984 1046 1097 1104 tuo
1137 1041 1307 1103 hisce
1347 1042 1424 1103 de
1471 1040 1658 1102 rebus
1700 1042 1913 1102 sedeat
1960 1040 2285 1116 sententia,
2333 1058 2559 1119 quaeso
2599 1040 2672 1099 vt

259 1142 733 1220 quamprimum
770 1141 970 1202 literis
1004 1160 1110 1203 me
1135 1140 1462 1202 certiorem
1498 1139 1707 1215 facias,
1738 1143 1920 1219 atque
1957 1139 2022 1202 id
2056 1140 2311 1218 quidem
2335 1159 2412 1200 ex
2440 1136 2667 1211 animo,

267 1260 397 1301 non
450 1260 568 1318 pro
627 1241 826 1301 veteri
877 1243 989 1301 tuo
1032 1257 1208 1302 more
1269 1238 1754 1300 dissimulanter.
1837 1240 2013 1313 Vale,
2068 1237 2253 1299 vnica
2306 1256 2446 1315 spes
2501 1236 2669 1298 vitae
2696 1242 2758 1306 85

267 1358 461 1400 meae.

937 1478 998 1541 9.
1086 1474 1183 1541 To
1230 1473 1626 1541 Snavs‘rms
1669 1473 1997 1541 Romanus

338 1598 477 1655 Vita
498 1596 725 1654 Erasmi
748 1615 803 1669 p.
835 1600 955 1669 185.
2305 1592 2573 1667 (Steyn.)

338 1686 518 1742 Lond.
546 1685 699 1743 xxxi.
733 1699 827 1756 19:
862 1683 973 1742 LB.
1000 1684 1145 1756 App.
1174 1686 1297 1756 483.
2291 1681 2374 1754 (c.
2408 1680 2599 1753 1487.)

326 1825 644 1877 Eli-Asm‘s
687 1824 1193 1874 Ro'rmzonauvs
1236 1821 1578 1873 SEBVATIO
1622 1819 1980 1870 SODALIVM
2028 1821 2525 1870 IVCVNDISsnm
2570 1822 2623 1869 Β.

351 1947 522 2022 Em,
563 1947 658 2007 mi
696 1947 940 2008 Seruati
976 1945 1356 2020 suauissime,
1390 1943 1548 2004 tales
1586 1942 1823 2003 fuerint
1858 1941 2074 2003 literae
2111 1946 2255 2005 tuae
2283 1946 2354 2005 vt
2393 1963 2498 2005 eas
2536 1942 2675 2005 sine

268 2043 494 2105 multis
517 2044 841 2105 lachrimis
866 2043 1128 2104 minime
1157 2044 1362 2121 legere
1398 2040 1724 2119 potuerim,
1756 2043 1969 2101 tamen
1996 2040 2193 2102 animi
2220 2042 2345 2103 mei
2373 2042 2665 2117 dolorem,

268 2142 386 2220 qui
438 2162 542 2202 me
590 2143 719 2203 iam
764 2142 992 2202 misere
1038 2142 1394 2216 confecerat,
1448 2158 1579 2202 non
1626 2137 1919 2216 pepulere
1967 2139 2168 2214 modo,
2217 2158 2438 2201 verum
2486 2142 2675 2202 etiam

269 2239 627 2301 iamdibili
678 2260 748 2301 ac
801 2239 1113 2318 insperata
1155 2239 1472 2316 voluptate
1526 2237 1799 2299 affecere.
1908 2237 2030 2298 Sed
2085 2238 2234 2317 quid
2289 2240 2676 2302 conueniunt

272 2338 596 2399 lachrimis
619 2338 846 2416 gaudia
861 2340 894 2400 *Ρ
949 2339 1127 2399 Inter
1155 2338 1490 2416 legendum
1510 2337 1683 2399 enim
1702 2340 1878 2398 tuam
1900 2337 2325 2398 dulcissimam
2346 2338 2672 2417 epistolam
2702 2354 2731 2405 5

269 2436 771 2514 optatissimique
817 2437 916 2498 tui
962 2437 1029 2496 in
1078 2456 1180 2497 me
1226 2434 1455 2496 amoris
1500 2438 1731 2496 testem
1771 2433 1940 2495 haud
1987 2434 2237 2495 futilem
2289 2438 2353 2496 et
2398 2437 2677 2515 gaudens

268 2535 500 2595 flebam
550 2537 613 2594 et
661 2535 819 2596 flens
865 2554 1058 2613 aeque
1105 2533 1464 2613 gaudebam.
1553 2533 1643 2594 At
1691 2532 1867 2611 prius
1913 2532 2065 2594 totis
2113 2532 2331 2595 diebus
2378 2535 2677 2597 moeroris

270 2632 597 2695 lachrimis
630 2631 945 2711 ploratum
983 2635 1116 2694 est:
1158 2635 1298 2694 tum
1329 2650 1476 2693 vero
1514 2630 1724 2709 largus
1761 2630 1869 2690 ille
1909 2630 2154 2707 humor,
2189 2651 2311 2710 quo
2347 2635 2488 2694 tuas
2525 2633 2675 2713 riga·

268 2734 418 2792 bam
468 2731 700 2807 literas,
756 2751 885 2791 non
941 2732 1019 2793 de
1072 2731 1339 2809 pectoris
1386 2730 1596 2791 dolore
1643 2729 1756 2790 sed
1804 2729 1881 2789 de
1927 2729 2280 2790 incredibili
2326 2731 2421 2791 tui
2469 2750 2679 2792 amore

274 2828 584 2891 manabat.
674 2829 887 2891 Habet
924 2829 1114 2904 enim,
1147 2829 1324 2890 crede
1361 2828 1536 2903 mihi,
1574 2831 1634 2889 et
1673 2847 1850 2888 amor
1886 2826 2220 2889 lachrimas
2257 2846 2440 2904 suas;
2488 2828 2678 2891 habet
2707 2845 2769 2882 ιο

273 2948 388 2989 sua
421 2931 489 2989 et
527 2927 766 3006 gaudia.
857 2928 940 2989 Et
976 2928 1248 3006 quidem,
1281 2928 1372 2988 mi
1407 2927 1669 3001 Sex-uati,
1710 2925 1851 3004 quis
1885 2928 2016 2985 tam
2053 2926 2222 2986 saxei
2258 2927 2527 3004 pectoris
2560 2933 2671 3004 a&

274 3047 467 3104 quem
506 3029 615 3087 tua
655 3026 801 3087 talis
842 3046 971 3087 non
1011 3025 1159 3087 flere
1201 3028 1377 3104 cogat
1417 3024 1676 3103 epistola
1692 3025 1727 3086 ⁸?
1817 3022 2063 3099 Quanta
2109 3023 2178 3084 in
2226 3044 2299 3085 ea
2343 3024 2677 3089 verborum

276 3127 574 3200 suauitas,
620 3144 781 3203 quae
821 3125 1273 3187 sententiarum
1313 3125 1524 3202 gratia,
1572 3122 1726 3201 quid
1767 3122 1835 3183 in
1878 3142 1951 3183 ea
1994 3142 2123 3182 non
2166 3123 2476 3201 affectum,
2524 3124 2677 3203 quid

276 3245 409 3285 non
457 3243 734 3285 amorem
779 3225 1182 3302 praecipuum
1230 3223 1515 3284 redolet?
1596 3222 1783 3283 Hanc
1833 3220 2080 3300 quoties
2117 3220 2257 3300 lego
2299 3221 2458 3301 (lego
2507 3223 2677 3285 enim

276 3342 441 3401 pene
468 3323 645 3383 omni
674 3321 843 3397 hora)
870 3322 1085 3384 videor
1112 3322 1273 3383 mihi
1300 3320 1567 3383 Seruatii
1594 3321 1723 3381 mei
1750 3337 1975 3381 suaues
2000 3320 2215 3382 audire
2241 3340 2437 3398 voces,
2463 3323 2680 3384 vultus
2709 3333 2768 3385 ¹5

278 3421 514 3482 intueri
547 3420 972 3482 amicissimos.
1060 3419 1185 3481 vbi
1225 3421 1439 3481 tamen
1474 3439 1683 3480 coram
1723 3418 1985 3480 miscere
2022 3438 2375 3480 sermonem
2413 3420 2679 3482 minime

275 3521 444 3596 licet,
480 3520 592 3581 illa
617 3520 778 3581 mihi
804 3518 1023 3581 solatio
1049 3522 1185 3594 est;
1225 3518 1334 3581 illa
1366 3539 1470 3578 me
1507 3517 1625 3579 tibi
1662 3518 1852 3579 refert
1888 3517 2230 3595 absentem,
2264 3518 2373 3580 illa
2399 3519 2679 3581 Seruatio

273 3638 381 3680 me
406 3618 735 3696 coniungit
762 3617 1017 3692 absenti,
1052 3622 1124 3679 vt
1150 3618 1468 3696 aptissime
1497 3615 1652 3677 illud
1681 3613 2099 3694 virgilianum
2127 3615 2287 3677 mihi
2322 3617 2674 3694 conueniat,

848 3751 1095 3812 Absens
1121 3750 1447 3812 absentem
1473 3749 1769 3828 auditque
1795 3748 2105 3825 videtque.

276 3882 778 3963 Iaocupletiorem
840 3881 1050 3960 itaque
1108 3885 1294 3961 atque
1349 3883 1537 3943 etiam
1593 3880 1937 3941 beatiorem
1993 3878 2120 3939 tuis
2189 3898 2294 3940 me
2357 3878 2680 3942 reddidisti
2709 3901 2772 3937 ιο

278 3984 480 4046 literis
514 4001 705 4062 quam
742 3981 1175 4043 Alexandrum
1202 3980 1503 4058 Magnum
1538 3978 2003 4056 triumphorum
2043 3996 2346 4040 numerus
2387 3980 2496 4039 aut
2532 3997 2681 4040 suae

272 4085 575 4145 Croesum
603 4079 874 4142 diuitiae.

356 4184 482 4246 Sed
509 4182 770 4244 obsecro
793 4185 875 4257 te,
908 4179 1153 4241 animae
1189 4179 1524 4241 dimidium
1561 4197 1752 4253 meae,
1791 4197 1904 4255 per
1942 4194 2157 4237 meum
2195 4175 2264 4236 in
2300 4177 2366 4236 te
2407 4176 2517 4254 qui
2553 4195 2683 4238 non

278 4281 553 4361 vulgaris
590 4283 693 4341 est
741 4296 1035 4355 amorem,
1079 4296 1160 4339 ne
1198 4295 1302 4338 me
1343 4296 1593 4338 rursum
1631 4276 1702 4336 in
1745 4274 2031 4336 dolorum
2077 4274 2372 4352 abyssum
2409 4274 2675 4337 deiicias.

280 4373 2769 4453 Fidmnhabemihstammolestoferoiramtuamvtsirumumeamm

384 4531 429 4577 9.
446 4528 497 4579 8.
533 4524 785 4590 rigabam
808 4525 940 4574 LB.:
975 4523 1215 4586 rigebam
1241 4520 1307 4572 0¹.
1536 4535 1612 4570 ιο.
1649 4519 1907 4570 manabat
1927 4524 2140 4571 correxi:
2172 4518 2469 4571 manabant
2494 4515 2566 4566 0¹.

1030 4703 1082 4751 9.
1104 4701 1180 4750 ι8.
1220 4697 1607 4764 virgilianum]
1628 4701 1751 4747 Δειι.
1778 4713 1828 4758 4.
1850 4699 1928 4757 83.
