3355 5380
694 381 811 435 354
1394 377 1769 439 LETTERS
1820 377 1930 440 OF
1984 374 2383 439 ERASMUS
2899 371 3084 455 [1501

1239 596 1383 660 150.
1472 594 1568 660 To
1613 597 1907 661 Amonr
1955 613 2040 660 or
2085 596 2534 660 Luxmffluse.

757 705 1008 777 Farrago
1033 724 1089 778 p.
1115 708 1234 764 268.
2646 705 2823 761 Paris.

758 792 820 848 F.
845 812 900 864 p.
929 796 1062 865 385:
1102 794 1241 850 HN:
1279 795 1455 851 Lond.
1483 794 1558 850 ix.
1593 809 1689 863 17:
1728 794 1836 851 LB.
1868 809 1953 863 27.
2460 797 2524 851 16
2552 793 2746 849 March
2772 792 3015 867 (1501).

927 913 1173 979 [Plainly
1200 930 1340 980 1501,
1368 917 1591 965 because
1615 916 1676 965 of
1693 916 1922 976 Dismas’
1950 932 2120 968 move.
2186 917 2265 966 Cf.
2288 918 2424 980 Epp.
2452 932 2544 981 137
2567 918 2676 967 and
2707 916 2845 981 147]

1092 1048 1406 1097 ERAsuvs
1451 1048 1758 1096 ANTONIO
1803 1049 2297 1098 LV'I'ZENBVBGO
2335 1049 2461 1099 SVO
2505 1051 2561 1101 S.
2608 1050 2671 1096 D.

766 1171 1012 1245 Ana-sa,
1045 1171 1138 1229 mi
1166 1170 1617 1232 iucundissime
1644 1172 1905 1246 Antoni,
1937 1174 2002 1233 te
2029 1174 2276 1233 tantum
2304 1176 2372 1232 vt
2400 1171 2723 1233 hominem
2761 1169 3085 1231 humanis-

680 1271 914 1330 simum
942 1271 1007 1328 et
1037 1268 1271 1345 optime
1298 1268 1374 1330 de
1400 1288 1504 1329 me
1531 1268 1830 1329 meritum
1857 1269 2143 1331 amabam
2167 1291 2184 1345 3
2227 1289 2394 1331 nunc
2430 1269 2625 1331 etiam
2653 1273 2725 1330 vt
2750 1269 3081 1330 literatum

679 1366 1034 1445 amplector,
1067 1366 1132 1427 id
1161 1367 1326 1444 quod
1352 1387 1466 1445 ego
1493 1386 1661 1429 nunc
1688 1367 1945 1428 demum
1970 1368 2098 1428 tuis
2124 1389 2159 1428 e
2185 1368 2388 1429 literis
2414 1368 2696 1447 cognoui.
2781 1368 2950 1430 Caue
2980 1387 3083 1426 me

677 1468 863 1542 putes
897 1465 1215 1540 assentari,
1246 1465 1549 1526 maiorem
1584 1465 1655 1526 in
1691 1466 1953 1525 modum
1990 1466 2322 1528 delectauit
2357 1467 2542 1527 stilus
2577 1466 2684 1527 ille
2715 1463 2990 1542 simplex
3018 1468 3081 1523 et

620 1568 648 1617 5
678 1563 1014 1638 naturalis;
1054 1563 1244 1624 verba
1265 1584 1394 1624 non
1420 1563 1614 1624 ascita
1651 1564 1762 1624 sed
1784 1584 1909 1624 vna
1937 1584 2082 1625 cum
2110 1563 2263 1642 ipsis
2288 1564 2620 1626 sententiis
2647 1562 3078 1635 cohaerentia;

675 1681 897 1722 sensus
927 1660 1061 1722 sani
1099 1681 1170 1723 ac
1207 1661 1410 1736 solidi,
1444 1661 1607 1723 nihil
1645 1682 1845 1740 neque
1882 1663 1951 1722 in
1986 1662 2196 1723 verbis
2247 1682 2449 1741 neque
2489 1664 2556 1723 in
2594 1662 2928 1723 sententiis
2964 1666 3077 1722 aut

673 1763 1105 1838 portentosum
1151 1763 1258 1821 aut
1313 1760 1651 1821 distortum
1698 1764 1804 1821 aut
1851 1764 2134 1822 eoactum
2187 1765 2297 1822 aut
2343 1763 2759 1822 imminutum
2807 1760 3076 1838 denique

673 1861 782 1919 aut
825 1858 1196 1919 redundans.

759 1956 853 2017 De
901 1956 1122 2017 Disma
1169 1957 1257 2017 sic
1304 1956 1502 2031 habe;
1564 1961 1736 2018 extat
1783 1961 1846 2018 et
1886 1958 2048 2036 apud
2092 1958 2438 2019 Varronem
2479 1962 2542 2020 et
2584 1958 2747 2036 apud
2793 1957 3070 2018 Gellium

589 2071 646 2106 ¹0
671 2059 1104 2136 peruetustum
1130 2055 1425 2133 adagium
1453 2054 1835 2132 huiusmodi,
1869 2056 2110 2118 Malum
2143 2057 2479 2118 consilium
2516 2056 2864 2118 consultori
2888 2057 3074 2134 pessi·

670 2174 887 2228 mum;
927 2156 994 2215 at
1030 2173 1145 2232 ego
1181 2153 1426 2215 eonfido
1459 2155 1578 2215 hoc
1615 2155 1858 2231 optimo
1893 2156 2151 2216 consilio
2188 2177 2304 2217 nos
2339 2176 2559 2217 omnes
2595 2155 2959 2234 gauisuros:
3002 2155 3068 2215 in

667 2252 891 2332 primis
929 2252 1459 2313 humanissimum
1503 2253 1833 2328 Abbatem,
1871 2257 2225 2332 patronum,
2267 2255 2326 2316 si
2364 2254 2611 2333 pateris,
2655 2253 2820 2314 mihi
2860 2258 3067 2316 tecum

667 2370 1088 2426 communem,
1120 2349 1231 2429 qui
1267 2350 1637 2413 charissimo
1672 2350 2046 2413 adolescenti
2082 2350 2500 2431 pulcherrime
2558 2351 2879 2414 consuluit
2903 2373 2921 2426 ;
2967 2373 3070 2412 me

668 2450 776 2529 qui
825 2450 983 2510 bene
1030 2448 1422 2524 monuerim;
1484 2452 1548 2510 te
1605 2450 1717 2528 qui
1763 2450 2014 2513 fidelem
2055 2456 2119 2513 et
2165 2451 2433 2514 amicam
2483 2450 2735 2512 nauaris
2773 2469 3068 2527 operam;

581 2560 638 2611 ¹5
668 2548 956 2609 Dismam
994 2546 1220 2625 ipsum,
1252 2547 1361 2625 qui
1398 2547 1526 2608 iam
1565 2567 1737 2609 nunc
1776 2548 1937 2609 mihi
1970 2549 2202 2627 gratias
2237 2550 2369 2629 agit
2402 2550 2750 2624 maximas;
2793 2545 3065 2623 denique

666 2650 728 2708 et
776 2647 1096 2721 Tutorem,
1137 2645 1246 2723 qui
1293 2647 1548 2708 tandem
1594 2651 1818 2709 nactus
1862 2651 1959 2709 est
2000 2649 2101 2709 cui
2142 2648 2409 2711 libenter
2446 2647 2663 2710 literas
2722 2666 2866 2710 suas
2904 2665 3069 2708 com-

667 2746 947 2807 municet
974 2748 1040 2806 et
1061 2745 1229 2823 apud
1258 2765 1446 2823 quem
1480 2745 1858 2807 industriam
1891 2766 2068 2807 suam
2095 2746 2255 2808 bene
2288 2747 2563 2810 collocet.
2648 2748 2768 2810 Est
2798 2746 2873 2821 is,
2903 2744 3069 2805 mihi

663 2845 856 2920 crede,
881 2864 1045 2907 vnus
1066 2843 1354 2905 omnium
1376 2863 1533 2921 quos
1549 2844 1773 2921 aspicit
1788 2844 1884 2905 sol
1904 2844 2346 2922 integerrimus
2365 2848 2467 2907 vir
2482 2850 2544 2907 et
2561 2846 3063 2908 candidissimus.

663 2941 971 3021 Pul-gabis
1012 2962 1114 3002 me
1155 2940 1674 3002 reuerendissimo
1716 2941 1791 3003 D.
1823 2941 2077 3019 Abbati,
2108 2945 2273 3022 quod
2311 2948 2444 3005 tam
2477 2943 2893 3022 incomposite
2928 2943 3070 3004 scri·

577 3056 638 3093 20
663 3040 915 3116 pserim.
1003 3040 1265 3101 Battum
1300 3038 1505 3099 excita
1539 3042 1613 3099 vt
1640 3040 1868 3102 Battus
1903 3040 2024 3115 sit;
2066 3061 2388 3120 nunquam
2424 3042 2597 3103 enim
2630 3041 2824 3103 fuerit
2852 3063 3067 3121 oppor-

661 3140 899 3201 tunius.
983 3139 1157 3200 Bene
1205 3137 1359 3212 vale,
1420 3137 1512 3198 mi
1558 3138 1823 3200 Antoni.
1910 3140 2214 3203 Luteciae.
2312 3160 2467 3202 xm.
2502 3140 2755 3204 Calend.
2787 3141 3062 3219 Apriles.

662 3233 889 3317 [Anno
927 3236 1271 3297 millesimo
1314 3236 1934 3314 quadringentesimo
1974 3235 2647 3321 nonagesimooctauo.]

1429 3469 1573 3534 151.
1659 3468 1757 3537 Το
1799 3466 2032 3535 JAMEs
2076 3470 2290 3534 Bur.

730 3550 984 3621 Farrago
1012 3570 1065 3622 p.
1095 3553 1217 3607 268.
2652 3556 2829 3614 Paris.

729 3637 792 3693 F.
817 3655 871 3709 p.
899 3639 1034 3708 386:
1073 3638 1179 3694 HN
1199 3659 1212 3693 ε
1250 3638 1428 3697 Lond.
1451 3639 1654 3713 ix.'19:
1695 3641 1807 3697 LB.
1834 3646 1918 3699 28.
2504 3660 2531 3715 5
2558 3645 2724 3717 April
2748 3644 2987 3719 (1501).

1168 3760 1341 3826 [1501,
1369 3764 1592 3813 because
1613 3764 1673 3813 of
1692 3765 1787 3814 the
1812 3768 1975 3824 Officia
2000 3768 2227 3816 Ciceronis
2248 3767 2370 3831 (Ep.
2399 3767 2562 3832 152).]

1372 3896 1687 3945 EBASMVS
1732 3898 1956 3946 BA'r'ro
1998 3899 2122 3948 SVO
2167 3900 2225 3949 8.
2271 3900 2339 3949 D.

735 4012 833 4073 Dr:
868 4013 1087 4075 morbo
1122 4018 1234 4078 tuo
1269 4037 1448 4095 spero
1485 4019 1772 4097 equidem
1799 4020 2147 4103 ψευδολόγον
2180 4041 2353 4095 esse;
2396 4025 2609 4084 metuo
2648 4026 2866 4084 tamen
2908 4043 3063 4084 nona

655 4109 836 4185 nihil,
867 4115 938 4172 vt
973 4117 1125 4175 sunt
1161 4134 1259 4176 res
1296 4116 1676 4180 mortalium.
1763 4118 1991 4180 Nostra
2026 4139 2212 4181 causa
2244 4120 2407 4181 nihil
2432 4120 2720 4200 estquod
2745 4124 2811 4183 te
2839 4141 3053 4201 angaS,

652 4208 861 4270 anime
898 4210 1004 4287 mi,
1038 4217 1254 4274 nostra
1288 4213 1560 4275 charitas
1595 4220 1667 4277 vt
1704 4236 1837 4277 non
1872 4218 2035 4295 cepit
2067 4238 2104 4279 a
2139 4219 2487 4280 commodis
2518 4219 2794 4293 initium,
2828 4221 2919 4283 ita
2951 4222 3057 4283 his

650 4307 916 4370 sublatis
951 4330 1079 4371 non
1117 4316 1479 4387 euanescet;
1523 4314 1689 4391 quod
1726 4318 1939 4377 autem
1963 4335 2099 4378 sors
2134 4318 2254 4378 fert
2287 4319 2444 4379 citra
2471 4322 2752 4381 nostram
2779 4321 3053 4400 culpam,

594 4427 621 4475 5
648 4405 712 4468 id
767 4426 963 4488 aequo
1017 4412 1204 4487 atque
1250 4410 1403 4471 adeo
1450 4430 1679 4490 magno
1733 4413 1945 4476 animo
1998 4416 2349 4479 ferendum.
2444 4417 2709 4481 'Vtinam
2756 4418 3056 4481 valetudo

685 4568 799 4618 150.
820 4582 897 4629 ¹9·
932 4567 1387 4620 reuerendissimo
1409 4569 1474 4622 D.
1499 4587 1587 4624 om.
1612 4577 1685 4624 H.
1840 4590 1917 4624 αα.
1953 4576 2117 4627 Anno
2139 4612 2153 4627 .
2181 4613 2196 4629 .
2219 4615 2232 4628 .
2255 4580 2792 4642 nonagesimooctauo
2811 4585 2925 4632 add.
2946 4570 3018 4633 Ἠ.

715 4726 829 4776 150.
846 4740 895 4788 9.
933 4727 1256 4792 Varronem]
1283 4731 1341 4778 R.
1369 4733 1429 4779 R.
1454 4742 1502 4790 3.
1526 4746 1573 4781 2.
1603 4747 1645 4781 1.
2026 4733 2291 4801 Gellium]
2317 4752 2365 4796 4.
2388 4750 2435 4800 5.
2462 4751 2511 4799 5.
2580 4784 2583 4787 .
