3355 5380
698 359 817 416 350
1395 351 1774 417 LE'I'PERS
1828 351 1935 415 OF
1988 348 2338 413 ERASMU
2341 349 2387 411 S
2908 344 3096 429 [¹50¹

693 533 815 592 quo
869 512 1266 590 praecipuam
1319 509 1597 590 aliquam
1650 529 1829 589 spem
1885 508 2292 586 conceperim,
2348 510 2594 586 praeter
2643 505 2814 567 hunc
2873 525 3104 566 vnum.

607 638 672 687 30
694 610 895 687 Quem
935 609 1229 690 quoniam
1271 610 1494 670 natura
1532 608 1611 669 ad
1653 626 1753 668 res
1784 606 2091 668 maximas
2117 604 2372 667 dotibus
2407 603 2699 666 omnibus
2724 601 3109 664 instruxisse

693 707 958 782 videtur,
985 710 1224 768 vestrae
1243 709 1450 784 partes
1467 724 1603 766 esse
1621 704 1919 767 videntur
1937 723 2152 765 curare
2173 723 2255 764 ne
2272 706 2406 764 tam
2424 702 2744 781 egregium
2768 699 3108 778 ingenium

692 808 758 866 et
799 809 933 866 tam
974 804 1133 866 bene
1174 806 1396 864 natum
1435 802 1798 881 contagione
1832 801 2152 875 vitiorum,
2187 803 2296 861 aut
2329 800 2522 862 etiam
2552 798 2813 872 desidia,
2846 796 2930 858 ad
2970 798 3111 860 vul·

693 922 905 981 garem
972 901 1249 965 indolem
1317 900 1663 978 degeneret.
1775 900 1991 979 Neque
2049 899 2223 961 enim
2280 918 2507 977 parum
2571 896 2833 976 periculi
2893 897 3107 969 video,

693 1005 1013 1080 propterea
1054 999 1219 1079 quod
1251 999 1415 1060 viuit
1448 997 1807 1060 adolescens
1842 997 1912 1058 in
1943 997 2142 1058 tutela
2174 997 2463 1077 quadam,
2501 999 2572 1056 vt
2611 996 2855 1068 vocant,
2907 995 3113 1055 nimis

607 1114 667 1166 35
692 1099 969 1177 profecto
1004 1095 1366 1170 tutelariter,
1406 1096 1578 1157 victu
1609 1114 1832 1173 parum
1873 1095 2126 1169 mundo,
2164 1094 2552 1172 supellectile
2588 1093 2854 1166 sordida,
2898 1092 3111 1170 negle-

692 1198 848 1271 ctus,
891 1195 1228 1268 incuratus,
1265 1193 1433 1253 inter
1469 1192 1812 1254 nebulones
1852 1192 2059 1254 nescio
2090 1212 2260 1270 quos,
2293 1192 2543 1267 ociosos,
2577 1190 3099 1268 indisciplinatos,

692 1293 1155 1372 incompositos,
1190 1291 1300 1370 qui
1332 1289 1494 1351 nihil
1528 1289 1710 1368 peius
1742 1290 2008 1352 oderunt
2033 1305 2223 1370 quam
2251 1290 2448 1352 bonas
2473 1290 2701 1366 literas,
2732 1288 3110 1350 iurisincon-

691 1390 1088 1466 sultissimos,
1139 1391 1517 1468 grassatores
1562 1391 1919 1464 nocturnos,
1971 1391 2224 1466 potores
2267 1388 2571 1463 diurnos3
2636 1387 2805 1448 vnde
2850 1391 3111 1464 praeter

691 1489 1036 1567 nequitiam
1082 1486 1247 1561 nihil
1293 1488 1496 1566 possit
1543 1486 1796 1548 discere.
1881 1486 1968 1548 Et
2015 1487 2272 1548 Dismas
2316 1486 2572 1565 quidem
2620 1485 2748 1546 iam
2789 1484 2910 1561 (vti
2953 1484 3109 1559 scis)

602 1606 670 1656 40
690 1585 1002 1650 lubricum
1062 1585 1395 1663 ephoebiae
1448 1584 1811 1663 ingreditur.
1927 1584 2139 1663 Neque
2193 1585 2444 1663 ignoras
2497 1603 2687 1661 quam
2742 1583 2927 1644 facile
2981 1582 3106 1642 ista

690 1686 877 1757 aetas,
921 1681 1210 1760 quamuis
1250 1681 1432 1757 bona,
1474 1681 1764 1743 trahatur
1801 1682 1881 1743 ad
1922 1680 2169 1743 vitium.
2241 1682 2499 1743 Affricat
2539 1683 2730 1758 enim,
2776 1685 2851 1744 vt
2893 1681 3104 1761 inquit

690 1780 939 1856 Seneca,
970 1798 1221 1842 morum
1257 1798 1516 1841 suorum
1553 1778 1830 1841 scabiem
1866 1779 2188 1841 conuictor
2223 1783 2587 1858 corruptus:
2626 1782 2704 1854 et,
2736 1783 2813 1839 vt
2846 1773 3103 1858 scripsit

690 1878 941 1956 sapiens
967 1878 1222 1958 quidam
1250 1877 1595 1954 Hebraeus,
1627 1877 1773 1939 Non
1802 1880 2008 1957 potest
2045 1897 2175 1939 non
2213 1877 2530 1957 inquinari
2572 1877 2680 1955 qui
2716 1879 2925 1956 picem
2962 1898 3101 1938 con·

688 1976 1064 2038 trectauerit.
1145 1974 1361 2052 Neque
1388 1993 1501 2052 ego
1527 1973 1605 2034 de
1630 1973 1854 2036 alienis
1887 1975 2169 2053 moribus
2195 1976 2345 2038 haec
2374 1977 2723 2053 scripturus
2750 1995 2944 2051 eram,
2975 1976 3113 2038 nisi

601 2099 663 2150 45
689 2093 790 2136 res
813 2075 966 2136 adeo
991 2071 1206 2153 palam
1231 2074 1395 2134 esset
1421 2074 1492 2133 vt
1516 2072 1761 2133 nemini
1786 2073 1987 2149 possit
2012 2072 2203 2135 dubia
2230 2073 2447 2136 videri.

770 2171 986 2233 Habes
1038 2170 1232 2249 igitur
1282 2169 1679 2249 periculum;
1747 2189 1916 2231 nunc
1968 2170 2279 2249 quomodo
2331 2170 2820 2232 succurrendum
2868 2171 3101 2248 accipe.v

691 2268 807 2331 Est
862 2269 1154 2330 Aureliae
1208 2267 1290 2328 M.
1343 2267 1605 2329 Iacobus
1665 2268 1864 2329 Tutor
1917 2269 2462 2349 Antuuerpiensis,
2514 2269 2679 2348 apud
2736 2288 2927 2348 quem
2980 2269 3101 2330 tris

689 2387 957 2441 menses,
1009 2386 1165 2446 quos
1219 2366 1352 2427 illic
1407 2367 1523 2444 egi,
1591 2387 1736 2428 sum
1784 2366 2169 2441 diuersatus3
2230 2367 2335 2428 vir
2375 2368 2485 2446 (ita
2538 2388 2643 2430 me
2697 2368 2847 2429 deus
2901 2369 3097 2443 amet)

688 2465 1047 2544 integritate
1085 2463 1455 2541 incredibili,
1499 2465 1847 2526 eruditione
1887 2463 2154 2526 minime
2192 2466 2456 2545 vulgari,
2501 2466 2712 2529 studio
2746 2466 3095 2543 flagrantis·

601 2587 667 2640 50
687 2563 866 2639 simo,
928 2563 1084 2624 iuris
1137 2561 1446 2641 pontificii
1501 2562 1875 2640 iampridem
1931 2562 2333 2641 Licentiatus,
2391 2565 2481 2624 sic
2542 2565 2715 2626 enim
2750 2561 3093 2642 appellant-L·

686 2660 879 2723 Hunc
918 2660 1052 2740 ipse
1092 2659 1405 2736 officialis,
1444 2660 1637 2723 homo
1676 2659 1914 2722 scilicet
1948 2661 2085 2723 vita
2122 2660 2573 2739 laudatissima,
2608 2663 2867 2742 perinde
2908 2665 3099 2742 atque

685 2759 946 2820 statrem
1000 2759 1450 2836 complectitur,
1510 2760 1574 2820 et
1628 2778 1774 2820 cum
1829 2780 1904 2820 eo
1956 2760 2236 2837 optimus
2289 2761 2566 2840 quisque.
2682 2761 2752 2823 Is
2805 2761 3097 2824 Dismam

687 2858 919 2935 partim
938 2860 1190 2937 propter
1208 2860 1485 2919 veterem
1524 2857 2042 2920 consuetudinem
2063 2878 2253 2937 quam
2281 2879 2427 2920 cum
2453 2880 2526 2921 eo
2554 2860 2835 2945 Louanii.
2851 2861 3094 2935 habuit,

689 2973 818 3017 non
856 2976 1032 3018 secus
1062 2958 1247 3036 atque
1282 2954 1491 3017 filium
1518 2958 1707 3032 amat,
1741 2959 1806 3016 et
1836 2959 2087 3017 amatur
2111 2956 2190 3017 ab
2218 2956 2332 3018 illo
2359 2960 2431 3019 vt
2455 2977 2697 3036 parens.
2786 2960 2954 3021 Cum
2982 2959 3099 3020 hoc

598 3082 658 3134 55
686 3072 799 3134 ego
820 3055 1110 3117 Dismam
1128 3054 1633 3132 coniungendum
1655 3073 1890 3125 censeo,
1913 3054 2097 3134 idque
2125 3074 2311 3134 quam
2338 3055 2635 3134 primum,
2660 3076 2741 3118 ne
2766 3056 2827 3117 si
2853 3058 3100 3119 diutius

685 3153 808 3215 ista
834 3157 1031 3216 aetate
1058 3153 1126 3213 in
1147 3154 1347 3215 tutela
1366 3152 1634 3227 haereat,
1659 3153 1738 3214 ad
1768 3152 2070 3215 deteriora
2088 3154 2466 3216 deflectatur.
2534 3154 2677 3216 Alit
2703 3155 2809 3215 hic
2830 3156 3103 3218 Iacobus

687 3253 901 3313 noster
945 3252 1120 3313 domi
1164 3271 1317 3313 suae
1358 3250 1594 3331 aliquot
1641 3249 2063 3312 adolescentes
2102 3270 2470 3329 generosum
2530 3256 2713 3334 atque
2752 3255 2823 3315 in
2872 3258 3097 3333 primis

686 3348 845 3409 duos
896 3346 1120 3409 fratres
1176 3348 1511 3424 Bredanos,
1570 3348 2039 3427 cognominatos
2098 3350 2175 3411 de
2228 3350 2614 3429 Nassouuen,
2670 3353 3097 3416 adolescentes

686 3444 967 3506 moribus
1006 3445 1264 3524 optimis
1313 3451 1377 3509 et
1416 3448 1600 3508 tanta
1638 3446 1963 3509 concordia
2022 3450 2322 3526 quantam
2361 3450 2622 3512 antehac
2663 3451 2834 3513 inter
2872 3453 3098 3520 fi-atroe

594 3544 662 3610 60
685 3563 814 3606 nou
852 3543 1137 3606 viderim.
1224 3544 1464 3607 Eorum
1503 3545 1664 3608 alter
1703 3545 2122 3609 sacerdotium
2168 3547 2361 3610 habet
2407 3549 2699 3611 ecclesiae
2750 3552 3094 3615 Bredanae.

685 3641 866 3703 Inter
883 3641 1000 3703 hos
1024 3642 1081 3702 si
1107 3642 1350 3718 vixerit,
1379 3642 1540 3705 nihil
1566 3643 1794 3719 audiet,
1820 3643 1984 3705 nihil
2012 3644 2251 3707 videbit
2277 3645 2610 3725 indignum
2638 3669 2721 3724 se,
2752 3654 2818 3711 et
2837 3650 3098 3714 habebit

748 3771 845 3834 36.
868 3770 1306 3835 indisciplinatos
1329 3777 1408 3823 Ε·
1439 3774 1583 3825 male
1606 3778 1839 3825 moratos
1859 3778 1925 3825 H.
2113 3791 2194 3840 37.
2233 3781 2280 3824 F
2295 3794 2309 3826 ε
2343 3778 2918 3831 iurisconsultissimos
2936 3787 2996 3832 Ε.

684 3851 765 3897 4ο.
803 3834 1065 3900 ephebiae
1086 3841 1146 3889 Γ.
1485 3839 1668 3903 4211.
1707 3856 1800 3891 om.
1823 3845 1888 3890 H.
2218 3842 2302 3903 58.
2337 3846 2384 3892 Β
2405 3846 2613 3907 Gor-riga
2646 3846 2963 3898 Nascauuen
2988 3854 3093 3901 ΕΡ.

682 3902 1050 3954 adolescentes
1069 3918 1159 3954 om.
1184 3908 1251 3953 H.

750 4040 832 4089 ⁴⁰·
870 4026 1095 4090 Seneca]
1120 4030 1211 4086 Ep.
1239 4042 1281 4076 1.
1318 4041 1364 4089 7.
1402 4043 1449 4088 7.
1937 4031 2134 4080 second
2174 4033 2440 4095 marriage
2480 4033 2714 4097 brought
2752 4035 2851 4085 the
2886 4039 3092 4099 princi·

749 4106 834 4154 ⁴3·
867 4091 1147 4140 Hebraeus
1196 4094 1405 4143 Ecclus.
1433 4108 1507 4155 13.
1543 4108 1582 4143 ι.
1933 4096 2162 4210 fflty
2168 4098 2229 4146 of
2276 4097 2486 4161 orange
2549 4100 2667 4149 into
2726 4100 2822 4151 the
2880 4102 3091 4157 Nassau

749 4161 831 4220 58.
865 4155 1140 4207 Bredanos
1193 4158 1387 4220 Henry
1410 4160 1497 4222 (12
1517 4159 1640 4209 Jan.
1673 4160 1833 4221 1483-
2045 4162 2162 4224 ily:
2194 4162 2441 4213 william
2471 4165 2764 4215 succeeded
2796 4170 2852 4216 to
2876 4166 3089 4219 Dillen-

688 4237 749 4284 ¹⁴
782 4224 930 4286 Sept.
969 4222 1118 4288 1538)
1156 4224 1266 4272 and
1300 4223 1547 4274 William
1584 4227 1643 4286 (ἠ-
1662 4228 1827 4289 1559),
1931 4227 2068 4290 burg
2083 4199 2192 4276 an’d
2215 4228 2431 4278 became
2454 4229 2550 4279 the
2565 4230 2745 4281 father
2762 4231 2825 4281 of
2838 4226 3088 4285 william

682 4288 782 4339 the
799 4292 909 4339 two
921 4303 1047 4339 sons
1059 4289 1118 4338 of
1129 4289 1309 4340 Count
1320 4288 1830 4340 JohnvofNassau-
1932 4292 2027 4342 the
2060 4293 2239 4344 Silent
2268 4295 2428 4358 (born
2468 4298 2527 4345 16
2558 4297 2718 4360 April
2749 4301 2922 4361 1533)-
2987 4302 3089 4350 See

682 4352 1025 4418 Dillenburg,
1070 4354 1166 4404 the
1215 4369 1457 4418 younger
1509 4352 1730 4405 brother
1777 4357 1838 4404 of
1932 4358 2164 4420 Stokvis,
2205 4359 2283 4407 iii.
2303 4374 2414 4423 cap.
2438 4360 2487 4410 8.
2512 4361 2621 4412 tab.
2643 4375 2724 4424 55.
2767 4362 2874 4414 For
2887 4358 3090 4429 Henry

684 4420 864 4470 Count
901 4419 1190 4483 Engelbert
1228 4433 1276 4469 11
1315 4419 1374 4470 of
1407 4420 1829 4471 Nmu-Bmda.
1934 4422 2064 4474 who
2106 4438 2217 4473 was
2261 4425 2540 4476 Governor
2581 4428 2641 4476 of
2680 4427 2924 4479 Holland
2975 4432 3086 4481 and

683 4485 767 4535 On
811 4486 905 4536 the
949 4486 1116 4536 death
1160 4487 1220 4535 of
1251 4484 1557 4550 Engelbert,
1600 4499 1662 4548 3¹
1707 4486 1833 4550 May
1935 4489 2170 4539 Zeeland
2173 4503 2421 4553 ,-—1517-—22
2424 4491 2786 4574 ΗωοῙιοφιογ
2763 4497 3091 4555 quoeioea'ons

688 4561 832 4613 1504,
860 4551 948 4601 his
966 4551 1148 4601 Dutch
1164 4553 1363 4600 estates
1379 4551 1569 4614 passed
1588 4555 1645 4601 to
1659 4551 1834 4612 John·
1935 4561 2060 4604 enen
2091 4559 2142 4605 ια
2173 4559 2358 4605 stam
2389 4562 2443 4606 a
2460 4558 2735 4621 PAumche,
2754 4560 2820 4610 i.
2838 4566 2893 4624 p:
2939 4565 3088 4614 xxvi.

683 4617 794 4665 and
840 4632 910 4666 on
955 4616 1105 4666 their
1139 4616 1362 4667 father-'s
1394 4616 1558 4667 death
1599 4618 1661 4667 in
1707 4619 1836 4681 1516
1934 4619 2180 4670 william
2227 4636 2338 4671 was
2381 4622 2663 4687 evidently
2702 4623 2959 4690 destined
2999 4628 3092 4680 for

685 4681 879 4744 Henry
901 4682 1190 4733 succeeded
1213 4684 1270 4732 to
1294 4681 1484 4744 Breda,
1510 4683 1619 4733 and
1649 4683 1722 4747 by
1744 4683 1834 4734 his
1936 4683 2033 4734 the
2055 4685 2291 4751 Church,
2320 4688 2420 4737 but
2441 4688 2537 4739 did
2559 4690 2657 4739 not
2678 4692 2837 4740 enter
2858 4692 2922 4743 it.
2981 4698 2990 4707 '
