3355 5380
263 400 447 482 1513]
929 400 1038 462 'ro
1095 396 1486 460 ANDREW
1538 396 2001 459 Ammomns
2542 400 2661 456 545

259 558 495 620 Haltus
522 561 733 619 noster
758 558 967 619 nescio
995 576 1151 635 quas
1177 555 1506 617 schedulas
1534 555 1614 615 de
1641 554 1831 615 nihili
1858 553 2043 615 rebus
2068 553 2160 614 sic
2188 551 2525 632 neglectim
2551 553 2665 614 abs

259 659 321 717 te
350 654 630 733 scriptas.
717 656 814 715 Ex
849 655 1076 715 harum
1113 658 1302 733 gustu
1342 652 1629 732 protinus
1671 655 2036 731 conceptam
2075 652 2563 713 admirationem
2602 656 2665 712 et

257 772 536 814 amorem
565 752 804 831 ingenii
831 753 928 815 tui
953 773 1203 814 mecum
1230 752 1300 813 in
1329 751 1584 817 Italiam
1610 752 1848 827 extuli3
1888 771 2150 829 eamque
2186 769 2404 812 rursus
2434 770 2664 812 venam

257 852 326 914 in
353 851 733 913 Montioiicis
758 851 963 912 literis
990 850 1239 930 agnoui,
1265 850 1515 912 tametsi
1534 870 1762 912 manus
1779 850 2035 928 penitus
2055 848 2388 910 exciderat.
2448 846 2664 909 Habes

258 950 641 1011 sententiam
671 970 879 1011 meam
909 950 986 1010 de
1027 950 1158 1011 tuis
1198 948 1509 1011 omnibus.
1598 947 1957 1009 Iucundum
1998 950 2209 1008 autem
2252 949 2349 1007 est
2388 948 2500 1007 tua
2536 966 2663 1006 non
2690 966 2750 1020 75

253 1047 522 1109 eruditis
538 1048 725 1108 modo
744 1048 1002 1125 placere,
1026 1047 1272 1126 quibus,
1295 1046 1419 1108 nisi
1439 1047 1568 1109 sint
1586 1045 2094 1122 inuidentissimi,
2119 1065 2249 1106 non
2266 1046 2668 1107 vehementer

257 1145 509 1223 probari
536 1165 665 1206 non
702 1148 980 1223 possunt,
1010 1146 1119 1207 sed
1147 1145 1571 1207 summatibus
1604 1146 1798 1206 etiam
1835 1143 1993 1205 viris
2032 1147 2221 1222 atque
2257 1144 2412 1205 adeo
2438 1143 2667 1204 Ebora·

257 1246 448 1305 censi.
502 1244 678 1320 Quod
707 1245 1096 1306 eruditorum
1124 1244 1380 1305 calculis
1407 1244 1789 1323 approbaris,
1818 1263 1948 1304 non
1976 1262 2232 1321 possum
2259 1242 2383 1304 isto
2408 1241 2667 1304 nomine

257 1346 324 1404 te
350 1362 571 1403 vocare
595 1343 859 1404 felicem.
929 1342 1391 1405 Felicissimum
1417 1347 1629 1404 autem
1657 1342 1793 1403 iure
1822 1341 2044 1423 dicam,
2071 1341 2180 1420 qui
2207 1340 2317 1402 isti
2343 1342 2668 1418 tantopere

257 1439 497 1519 placeas
522 1441 675 1516 viro,
705 1441 1179 1520 plurimumque
1207 1440 1391 1503 debes
1418 1440 1862 1503 Rhamnusiae.
2690 1448 2756 1497 80

338 1538 461 1600 Sed
494 1542 568 1599 tu
599 1538 968 1601 iamdudum
1003 1539 1308 1601 iudicium
1345 1539 1645 1619 efflagitas
1682 1539 1975 1615 exactius,
2009 1540 2197 1617 atque
2232 1537 2393 1600 hanc
2430 1538 2666 1599 clamas

256 1635 688 1699 laudationem
716 1657 867 1713 esse,
899 1658 1029 1699 non
1058 1657 1401 1699 censuram.
1470 1642 1622 1718 Age,
1652 1658 1736 1699 ne
1761 1658 1987 1717 parum
2012 1636 2313 1716 morigeri
2337 1636 2668 1698 videamur

256 1736 457 1798 amico
484 1736 589 1798 cui
616 1734 781 1797 nihil
810 1756 1035 1814 negare
1063 1737 1151 1798 sit
1175 1738 1284 1812 fas,
1319 1737 1423 1813 τὴν
1448 1741 1685 1815 Aeon-551*
1712 1737 2014 1814 ἐνδύσομαι
2037 1735 2352 1814 simulque
2392 1736 2669 1797 censoris

257 1836 325 1893 et
363 1834 682 1913 virgulam
728 1854 975 1896 sumam
1019 1839 1085 1896 et
1120 1836 1540 1914 supercilium.
1628 1835 1732 1897 Ita
1774 1855 1908 1897 rem
1944 1837 2188 1913 gestam
2225 1852 2439 1894 narras
2477 1836 2550 1893 vt
2590 1852 2666 1893 ex

262 1931 504 1994 nullius
558 1934 1026 1995 commentariis
1078 1935 1420 2013 potuissem
1476 1933 1727 2013 plenius
1773 1952 2156 2012 cognoscere.
2247 1932 2539 1993 Primum
2587 1932 2664 1993 de
2690 1941 2751 2007 85

257 2029 610 2094 latronibus
649 2032 1050 2110 interceptis3
1098 2033 1321 2094 deinde
1357 2031 1887 2112 quemadmodum
1923 2032 2158 2092 frustra
2190 2030 2423 2108 Regem
2461 2029 2670 2091 conati

258 2127 392 2188 sint
441 2128 653 2191 hostes
700 2129 1152 2206 intercludere;
1214 2130 1438 2192 deinde
1485 2149 1632 2192 cum
1686 2129 1964 2192 reditum
2018 2133 2181 2191 esset
2234 2129 2313 2189 ad
2367 2147 2664 2207 pugnam,

258 2246 450 2303 quam
493 2228 765 2305 turpiter
806 2228 1088 2307 fugerint
1137 2229 1399 2291 ducibus
1446 2229 1601 2308 ipsis
1648 2228 1864 2308 captis.
1969 2228 2301 2289 Praeterea
2344 2226 2667 2287 Morinum

258 2327 530 2402 captum,
572 2326 791 2388 Scotos
832 2327 1091 2388 interim
1135 2327 1378 2389 duobus
1415 2327 1663 2406 praeliis
1703 2327 1781 2387 ad
1817 2324 2298 2387 internicionem
2334 2344 2493 2404 pene
2530 2344 2668 2385 con-

260 2422 459 2498 cisos3
502 2424 580 2484 ad
611 2425 764 2486 haec
792 2425 1104 2486 inuitante
1135 2424 1375 2487 scilicet
1401 2425 1558 2486 coeli
1584 2424 1918 2487 serenitate
1939 2424 2236 2502 quasique
2256 2421 2667 2484 suadentibus
2692 2441 2756 2493 90

260 2522 503 2600 superis
551 2529 807 2602 captum
856 2523 1251 2599 Tornacum3
1319 2544 1506 2601 super
1553 2523 1769 2585 omnia
1823 2522 2168 2584 maiestatis
2215 2520 2664 2599 Imperatoriae

258 2621 328 2682 in
366 2626 565 2684 castra
600 2625 734 2683 tam
768 2623 1144 2685 familiarem
1188 2624 1552 2685 aduentum.
1640 2623 1806 2684 Sunt
1839 2622 1950 2701 qui
1983 2640 2208 2701 poema
2246 2640 2377 2681 non
2418 2621 2662 2697 putent,

259 2718 388 2779 nisi
414 2720 559 2782 deos
588 2723 832 2783 omneis
857 2742 892 2782 e
919 2723 1089 2783 coelo
1116 2724 1278 2784 mari
1298 2727 1583 2800 terraque
1603 2721 1871 2784 subinde
1898 2720 2175 2796 aduoces‚
2196 2720 2321 2780 nisi
2345 2721 2670 2781 sexcentas

260 2817 554 2880 infulcias
593 2820 853 2882 fabulas.
936 2821 1100 2882 Mihi
1147 2839 1397 2899 semper
1442 2820 1683 2900 placuit
1730 2840 1981 2881 carmen
2026 2818 2195 2898 quod
2235 2837 2273 2879 a
2311 2837 2511 2896 prosa,
2556 2816 2666 2876 sed

260 2916 514 2995 optima,
540 2937 667 2979 non
696 2918 886 2998 longe
903 2920 1239 2982 recederet.
1279 2917 1821 2996 Quemadmodum
1845 2918 2237 2979 Philoxenus
2263 2915 2668 2977 suauissimos
2689 2937 2751 2987 95
2864 2911 2869 2916 ’

260 3015 564 3076 iudicauit
588 3016 792 3093 pisces
824 3018 933 3097 qui
971 3018 1172 3096 pisces
1211 3037 1339 3078 non
1376 3019 1604 3092 essent,
1633 3020 1701 3078 et
1735 3015 2222 3079 iucundissimas
2257 3034 2475 3076 carnes
2513 3033 2668 3093 quae

259 3134 481 3176 carnes
522 3133 652 3174 non
690 3119 915 3192 essent,
963 3136 1180 3178 rursus
1219 3115 1732 3178 amoenissimam
1774 3116 2164 3179 existimauit
2202 3113 2667 3193 nauigationem

260 3213 441 3274 iuxta
463 3211 668 3288 littus,
701 3213 1191 3275 ambulationem
1219 3213 1398 3276 iuxta
1432 3234 1604 3276 mare
1629 3234 1646 3287 ;
1691 3214 1782 3274 ita
1816 3233 1920 3275 me
1956 3213 2364 3274 vehementer
2399 3209 2671 3272 delectat

260 3329 486 3391 poema
512 3311 894 3371 rhetoricum
929 3315 991 3372 et
1018 3314 1232 3375 rhetor
1256 3312 1558 3391 poeticus,
1587 3314 1660 3373 vt
1687 3315 1752 3372 et
1779 3312 1848 3372 in
1878 3311 2159 3373 oratione
2186 3310 2391 3372 soluta
2416 3328 2667 3370 carmen

260 3429 558 3488 agnoscas
615 3411 678 3470 et
728 3409 797 3469 in
841 3410 1116 3471 carmine
1163 3411 1537 3473 rhetoricam
1579 3410 1860 3488 phrasin.
1963 3410 2128 3470 Aliis
2174 3409 2425 3488 longius
2470 3407 2669 3486 petita
2695 3424 2787 3461 100

261 3507 554 3588 placent;
614 3509 680 3567 at
726 3507 888 3567 mihi
930 3509 1036 3569 vel
1074 3510 1405 3588 praecipue
1452 3509 1752 3588 probatur
1796 3509 1963 3588 quod
2004 3508 2353 3570 orationem
2395 3527 2473 3567 ex
2513 3505 2670 3584 ipsis

260 3604 450 3665 rebus
492 3606 712 3682 sumis,
756 3626 868 3667 nec
911 3611 1045 3668 tam
1093 3609 1411 3670 studiosus
1453 3627 1520 3668 es
1560 3606 1920 3669 ostentandi
1963 3606 2204 3686 ingenii
2232 3625 2422 3685 quam
2465 3607 2670 3666 osten·
2776 3593 2779 3596 ¹

258 3702 500 3765 dendae
527 3704 632 3765 rei.

274 3804 280 3810 ’
342 3801 426 3863 In
474 3802 757 3881 pauculis
805 3804 1094 3866 versibus
1136 3805 1436 3882 desydero
1487 3804 2006 3883 compositionem
2043 3804 2230 3882 paulo
2275 3803 2668 3877 molliorem;

257 3920 484 3963 verum
512 3900 578 3961 id
606 3899 882 3962 accidere
909 3901 1080 3978 solet,
1103 3906 1213 3964 aut
1232 3906 1477 3982 quoties
1498 3923 1628 3964 non
1646 3907 1831 3965 vacat
1849 3903 2096 3982 saepius
2114 3903 2334 3965 eadem
2354 3903 2661 3975 recudere,
2697 3919 2784 3968 105

852 4062 930 4110 77.
971 4050 1388 4113 Archiepiscopo
1409 4056 1519 4100 ante
1541 4050 1863 4100 Eboracensi
1885 4054 2000 4101 aad.
2025 4054 2083 4100 F.

331 4198 407 4244 71.
447 4179 677 4245 Haltus]
704 4180 951 4243 Possibly
972 4181 1113 4231 John
1140 4180 1292 4244 Holt,
1318 4182 1415 4230 the
1515 4183 1846 4245 subsequent
1860 4181 2100 4232 editions
2116 4181 2379 4243 Wolsey's
2391 4180 2530 4229 later
2541 4180 2666 4229 title

265 4247 444 4297 friend
489 4249 549 4297 of
588 4248 753 4297 More.
822 4247 937 4296 The
981 4246 1231 4297 incident
1270 4249 1416 4296 must
1516 4247 1565 4297 is
1584 4247 1777 4297 added.

264 4311 402 4361 have
423 4313 677 4362 occurred
701 4314 761 4362 in
790 4315 1000 4374 1505-6.
1580 4314 1661 4364 88.
1712 4313 2007 4378 Morinum]
2065 4312 2170 4362 For
2221 4311 2320 4360 the
2375 4311 2668 4360 sui-render

332 4392 408 4440 74.
447 4379 775 4429 Montioiicis
798 4375 1000 4442 literis]
1025 4378 1119 4441 Ep.
1149 4390 1263 4440 ⁹15·
1517 4378 1577 4427 os
1598 4379 1926 4440 Terouenne‚
1955 4392 2019 4427 22
2050 4379 2279 4441 August,
2308 4377 2367 4425 of
2393 4377 2661 4439 Toumay,

333 4457 410 4505 77.
444 4443 789 4509 Eboracensi]
805 4445 1037 4508 Wolsoy,
1056 4445 1181 4492 who
1197 4445 1413 4494 became
1516 4458 1577 4493 at
1626 4445 1955 4507 September,
1996 4444 2105 4492 and
2151 4442 2235 4490 for
2280 4441 2666 4501 Maximilian's

266 4508 416 4556 Dean
447 4510 506 4557 of
521 4508 668 4558 York
695 4525 766 4560 on
795 4525 857 4572 19
880 4511 1001 4560 Feb.
1031 4525 1178 4572 1513.
1248 4509 1412 4559 Bain-
1515 4510 1673 4559 visits
1697 4515 1754 4559 to
1776 4510 1873 4560 the
1890 4509 2118 4571 English
2137 4522 2309 4571 camp,
2327 4522 2413 4557 see
2429 4509 2663 4568 Brewer,

266 4573 471 4636 bridge,
484 4574 579 4624 the
593 4577 750 4639 Abp„
767 4591 868 4625 can
882 4576 1079 4637 hardly
1097 4577 1160 4625 be
1174 4576 1413 4626 referred
1515 4575 1551 4624 i.
1578 4576 1725 4637 4284.

263 4644 335 4702 to,
363 4654 422 4688 as
453 4640 524 4688 he
559 4640 669 4690 had
703 4642 837 4691 been
870 4644 933 4690 in
968 4640 1114 4702 Italy
1149 4643 1233 4691 for
1265 4657 1412 4691 some
1578 4655 1662 4703 95.
1703 4636 2058 4701 Philoxenus]
2082 4654 2166 4702 ap.
2192 4637 2332 4688 Plut.
2361 4645 2430 4697 (ο.
2459 4653 2517 4698 14
2533 4639 2592 4703 n)
2612 4643 2667 4687 de

262 4718 436 4769 years.
524 4706 623 4756 See
678 4707 911 4768 Brewer,
961 4709 996 4757 i.
1089 4708 1160 4756 In
1209 4707 1253 4756 F
1301 4707 1413 4757 and
1509 4723 1660 4766 poem.
1685 4710 1943 4756 audiendis
1964 4705 2088 4755 init.
2116 4719 2132 4765 ς
2164 4706 2411 4766 οῆλααο.
2440 4718 2546 4765 191.
