3355 5380
233 397 423 482 1⁴99]
1080 401 1190 463 'ro
1246 402 1499 467 σοΗΝ,
1530 402 1801 464 com-:T
2510 410 2631 469 265

223 578 604 621 exercemur.
680 558 801 618 Sed
830 558 928 618 fac
955 577 1059 618 me
1085 562 1294 620 tecum
1321 559 1487 619 iusta
1514 558 1643 620 acie
1669 559 1994 620 decernere
2020 560 2309 623 maxime.
2385 562 2529 623 Non
2557 566 2631 625 tu

224 657 425 718 nostri
443 657 756 718 exercitus
770 657 1046 717 frontem
1061 657 1448 734 expugnasti,
1472 656 1578 717 sed
1597 657 1871 718 militem
1893 659 2102 719 nescio
2120 678 2304 736 quem
2320 660 2631 722 inermem

225 755 321 816 vel
338 755 537 815 lixam
555 755 771 833 pocius
789 775 828 816 a
846 754 1086 832 reliquo
1102 755 1375 817 exercitu
1395 754 1644 833 longius
1661 775 1733 815 ac
1750 756 2030 817 securius
2050 757 2370 834 palantem
2385 758 2632 821 insidiis

221 853 564 931 excepisti;
622 873 810 931 quem
856 856 931 914 vt
973 856 1201 914 tractes
1243 872 1372 914 non
1421 856 1555 917 tam
1599 873 1740 915 mea
1777 855 1970 917 refert
2015 875 2207 933 quam
2246 858 2376 918 tua.
2464 856 2631 919 Nam

220 952 385 1030 quod
423 973 462 1014 a
500 972 605 1014 me
642 952 846 1013 obiter
879 954 944 1012 et
982 971 1094 1029 per
1134 953 1520 1013 occasionem
1548 952 1792 1014 dictum
1831 956 1945 1028 est,
1978 973 2053 1014 ex
2095 955 2344 1016 arcanis
2382 955 2626 1031 litteris,
2664 974 2721 1024 15

220 1051 524 1127 quoniam
586 1050 1064 1111 fecundissimae
1122 1053 1292 1126 sunt,
1351 1050 1557 1111 varios
1617 1070 1840 1112 sensus
1900 1051 2041 1111 elici
2095 1071 2290 1129 posse,
2348 1056 2411 1114 et
2466 1052 2632 1115 nihil

220 1150 629 1211 reiiciendum
679 1151 844 1228 quod
892 1151 1079 1210 modo
1125 1150 1209 1209 sit
1254 1148 1577 1226 probabile
1625 1169 1740 1211 nec
1787 1169 1826 1209 a
1877 1148 2109 1226 pietate
2163 1150 2512 1228 abhorreat,
2563 1154 2630 1217 id

219 1268 432 1326 neque
470 1250 606 1310 sine
632 1248 1021 1327 argumentis
1047 1248 1198 1323 dixi,
1233 1267 1390 1326 quae
1430 1251 1500 1308 tu
1535 1268 1664 1309 non
1700 1248 2061 1325 redarguis;
2102 1252 2167 1311 et
2200 1250 2289 1310 rei
2320 1251 2631 1314 duntaxat

217 1347 608 1425 mitigandae
651 1366 839 1408 causa
877 1346 1025 1421 dixi,
1069 1366 1196 1407 non
1236 1346 1677 1421 affirmandae;
1733 1346 2002 1424 denique
2050 1366 2178 1407 non
2220 1368 2332 1426 pro
2373 1368 2478 1410 me
2519 1349 2630 1411 sed

214 1466 330 1523 pro
356 1450 438 1507 te.
526 1446 831 1508 Volebam
861 1465 1050 1524 quam
1082 1445 1355 1506 maxime
1389 1445 1784 1506 incruentam
1817 1465 1953 1507 esse
1990 1465 2268 1524 pugnam
2306 1467 2530 1522 meam,
2564 1453 2630 1511 et
2658 1463 2719 1499 20

214 1544 304 1605 ita
334 1565 455 1606 nos
493 1546 662 1606 tueri
693 1548 767 1606 vt
800 1564 1004 1622 neque
1042 1544 1460 1606 Hieronimus
1497 1565 1699 1623 neque
1735 1544 1914 1623 quisq
1923 1564 2067 1606 uam
2094 1546 2301 1607 vllum
2328 1547 2629 1625 acciperet

212 1643 468 1706 vulnus.
558 1646 650 1705 At
688 1647 777 1720 tu,
806 1647 879 1704 vt
913 1642 1109 1718 video,
1147 1642 1428 1704 maluisti
1462 1643 1695 1705 maiore
1732 1646 1964 1704 certare
1992 1644 2284 1721 periculo,
2315 1648 2385 1705 vt
2421 1645 2479 1706 si
2518 1649 2631 1707 aut

210 1745 285 1803 tu
327 1742 695 1804 Hieronimi
736 1742 1122 1803 sentenciam
1168 1741 1542 1819 probaueris,
1586 1741 1849 1820 reliquis
1894 1742 2189 1805 omnibus
2235 1742 2322 1804 sit
2368 1743 2630 1806 interni·

209 1840 388 1902 tione
442 1842 853 1920 pereundum,
911 1844 1020 1901 aut
1076 1841 1133 1901 si
1192 1859 1309 1901 nos
1354 1840 1708 1917 vicerimus,
1767 1844 1910 1902 tum
1969 1844 2080 1902 tuo
2136 1842 2485 1904 cadendum
2541 1843 2627 1904 sit

209 1938 613 2001 Hieronimo.
703 1938 868 2015 Quid
903 1940 959 1999 si
998 1958 1112 1998 nec
1139 1938 1590 2000 Hieronimum
1616 1938 1871 2017 quidem
1899 1942 2084 2001 tuum
2112 1939 2233 2002 ista
2262 1940 2625 2003 condicione
2654 1953 2715 2002 25

208 2038 417 2116 possis
455 2037 803 2111 defendere,
840 2036 969 2096 nisi
1008 2036 1299 2097 vulneres
1315 2038 1350 2097 Ῥ
1433 2036 1596 2112 Quid
1638 2037 1695 2097 si
1736 2037 2011 2115 plurima
2050 2037 2301 2116 infligas
2341 2040 2622 2116 vulnera,

208 2138 285 2196 vt
313 2133 430 2196 hoc
454 2155 658 2197 vnum
683 2135 1134 2196 vulnusculum
1161 2136 1421 2196 arceas?
1498 2134 1707 2196 Semel
1744 2136 1864 2196 hoc
1897 2136 2075 2212 dixit,
2117 2156 2229 2197 nec
2264 2136 2328 2198 id
2367 2139 2626 2218 quidem

207 2233 293 2294 de
334 2253 492 2308 sno;
545 2237 612 2295 at
652 2234 863 2310 sepius
900 2232 1231 2294 nobiscum
1267 2232 1478 2293 sentit.
1563 2233 1659 2293 'l'u
1700 2233 1910 2295 mauis
1948 2253 2095 2295 eum
2134 2235 2347 2313 sepius
2387 2256 2627 2297 errasse

207 2353 406 2411 quam
429 2333 643 2395 semel.
734 2333 865 2394 Nos
891 2351 1204 2409 nusquam
1238 2351 1479 2392 errasse
1505 2332 1959 2408 contendimus,
1992 2334 2101 2394 sed
2135 2336 2628 2397 commentantis

204 2433 503 2494 libertate
529 2452 601 2493 ac
630 2432 765 2492 iure
790 2431 1009 2492 eadem
1037 2431 1116 2491 de
1147 2450 1216 2490 re
1252 2450 1381 2491 non
1418 2430 1635 2492 eadem
1666 2450 2208 2493 commemorasse.
2289 2434 2522 2496 Vtrum
2549 2438 2623 2497 tu
2650 2443 2714 2494 30

207 2529 594 2591 Hieronimo
634 2531 851 2591 studes
896 2548 981 2590 an
1028 2530 1190 2607 ego?
1271 2529 1384 2603 Tu,
1432 2528 1714 2607 inquam,
1762 2529 1875 2607 qui
1913 2530 2226 2605 vulneras,
2275 2531 2502 2593 deinde
2552 2533 2624 2594 in

204 2629 437 2708 capitis
476 2629 826 2708 periculum
861 2647 1047 2689 vocas
1061 2629 1094 2688 ⁶?
1140 2647 1223 2688 an
1261 2646 1375 2705 ego
1413 2628 1523 2706 qui
1551 2628 1946 2706 (quocunque
1985 2649 2120 2690 raes
2148 2630 2349 2708 cadet)
2374 2630 2623 2694 saluum

202 2732 271 2789 et
316 2728 634 2807 integrum
675 2726 821 2789 volo
836 2729 871 2788 ⁴?
951 2727 1078 2788 Hic
1116 2727 1311 2805 igitur
1350 2746 1503 2805 qum
1545 2745 1794 2788 mecum
1829 2727 2056 2790 multis
2095 2728 2308 2790 verbis
2358 2750 2620 2809 pugnas,

200 2829 419 2887 tecum
457 2845 722 2905 pugnas,
752 2826 923 2886 haud
963 2845 1256 2900 mecum3
1312 2845 1517 2904 neque
1554 2845 1670 2904 ego
1708 2846 2006 2905 repugno,
2048 2826 2296 2904 quando
2335 2829 2502 2890 nihil
2540 2828 2620 2890 ad

199 2943 311 2985 me
350 2923 598 2985 attinet.
685 2924 831 2985 Non
871 2925 1036 3002 quod
1072 2923 1332 2985 omnino
1372 2924 1536 2985 desit
1572 2924 1740 3002 quod
1776 2925 2203 3002 respondeam.
2289 2926 2416 2988 Res
2445 2928 2620 2989 enim
2647 2931 2708 2981 ³5

198 3022 520 3084 eiusmodi
567 3025 663 3084 est
708 3026 796 3098 vt,
848 3023 904 3085 si
962 3023 1211 3083 nullum
1271 3022 1357 3084 sit
1406 3026 1867 3101 argumentum,
1919 3026 2131 3084 tamen
2183 3028 2507 3087 auctorum
2556 3030 2621 3088 et

198 3140 517 3183 consensu
535 3124 604 3182 et
621 3119 1034 3182 multitudine
1060 3121 1257 3198 possit
1276 3120 1606 3195 sustineri;
1645 3120 1953 3182 eiusmodi
1978 3123 2367 3199 argumentis
2392 3123 2622 3186 nititur

197 3223 274 3281 vt
331 3220 489 3280 citra
536 3238 791 3281 omnem
843 3218 1277 3280 auctoritatem
1325 3222 1472 3280 tuae
1519 3219 1802 3280 raciones
1854 3219 1911 3280 si
1957 3239 2089 3280 non
2138 3221 2397 3294 reuinci,
2454 3227 2618 3284 certe

199 3319 444 3396 queant
470 3317 848 3378 labefactari.
936 3317 1138 3394 Quare
1164 3335 1288 3394 quo
1316 3316 1677 3377 Hieronimi
1710 3317 1986 3394 periculo
2013 3318 2172 3380 velis
2207 3322 2444 3382 certare
2477 3341 2620 3385 mea

199 3415 369 3476 nihil
399 3416 629 3490 refert,
614 3437 630 3453 ·
669 3435 784 3494 ego
810 3416 880 3476 in
906 3419 1094 3494 portu
1124 3413 1368 3493 nauigo.
2641 3420 2711 3472 4Ο

282 3512 431 3574 Iam
455 3513 565 3573 vbi
607 3513 1077 3592 rogaciunculas
1116 3532 1303 3588 meas,
1333 3532 1488 3592 quas
1526 3532 1640 3590 ego
1679 3513 1853 3574 velut
1892 3514 2329 3592 exploratrices
2359 3517 2620 3594 praemi·

194 3630 432 3687 seram,
460 3630 690 3688 magno
718 3615 944 3673 conatu
972 3611 1180 3688 diluis,
1202 3611 1323 3673 tu‘
1302 3631 1433 3672 iam
1452 3614 1719 3689 vtroque
1744 3631 1935 3673 cornu
1962 3612 2314 3675 disturbato
2339 3615 2615 3677 mediam

192 3710 401 3771 aciem
442 3727 801 3788 expugnare
826 3714 890 3772 te
924 3714 1124 3788 putas,
1155 3729 1310 3789 qum
1343 3709 1609 3771 vixdum
1645 3710 1726 3772 ad
1763 3709 1986 3771 velites
2021 3714 2394 3789 perueneris.
2478 3714 2617 3791 Quo

193 3807 463 3887 quidem
500 3807 570 3867 in
607 3807 746 3868 loco
782 3808 994 3870 videre
1027 3808 1207 3883 mihi,
1239 3809 1470 3883 Colete,
1506 3828 1635 3869 non
1670 3808 2035 3886 theologum
2072 3829 2269 3889 agere,
2301 3812 2412 3872 sed
2439 3813 2616 3874 vafra

191 3907 477 3987 quadam
504 3909 689 3984 atque
714 3906 1022 3969 rhetorica
1057 3906 1398 3969 calliditate
1422 3907 1562 3981 vti;
1609 3911 1674 3969 et
1709 3907 1886 3969 iuxta
1923 3907 2101 3969 Fabii
2140 3909 2367 3988 dogma
2399 3914 2617 3974 nostra
2639 3936 2702 3985 ⁴5

193 4004 456 4067 om‘nsis
495 4005 1077 4068 confirmationibus
1117 4005 1459 4067 immunita
1495 4005 1767 4066 inermia
1805 4005 2099 4083 nudaque
2141 4008 2385 4085 repetis,
2426 4007 2613 4087 idque

190 4101 444 4181 frigide,
470 4106 584 4164 tua
604 4103 832 4165 dilatas
847 4103 1327 4182 amplificasque.
1380 4103 1518 4179 Qua
1536 4103 1793 4164 vafricie
1813 4104 1880 4163 in
1905 4102 2035 4163 tuis
2054 4105 2617 4167 commemorandis

190 4202 353 4264 adeo
378 4222 526 4264 sum
551 4221 706 4263 vsus
732 4205 809 4263 vt
833 4201 1181 4263 addiderim
1206 4201 1424 4279 pocius
1449 4221 1639 4279 quam
1665 4200 2057 4262 detraxerim.

278 4301 523 4362 Verum
562 4299 669 4361 hic
708 4298 789 4360 ad
831 4298 1083 4377 singula
1122 4298 1493 4377 respondere
1533 4299 1857 4376 (quoniam
1900 4302 2075 4362 extra
2121 4299 2611 4366 controuersiam

272 4537 345 4583 15·
380 4520 604 4588 littei-Ia]
631 4520 712 4572 Cf.
740 4521 848 4572 LB.
872 4535 923 4570 v.
959 4522 1082 4581 1267
1102 4536 1152 4571 a,
1519 4535 1602 4581 44.
1635 4518 1810 4586 vafra]
1836 4519 1916 4570 Of.
1935 4520 1951 4546 ‘
1969 4534 2080 4570 non
2102 4519 2254 4570 decet
2272 4520 2607 4572 Germanum

263 4602 345 4649 3ο.
380 4587 663 4650 libertate]
688 4586 822 4637 ibid.
850 4588 974 4648 1267
992 4600 1042 4637 n.
1455 4585 1741 4635 vafricies?
1808 4588 2015 4645 spon-oia
2040 4585 2143 4636 LB.
2165 4600 2216 4636 x.
2243 4587 2375 4646 ‚1⁶63
2388 4600 2435 4636 r.

263 4666 348 4714 39.
379 4653 645 4718 periculo]
670 4653 806 4702 ibid.
831 4654 955 4714 1267
970 4665 1021 4702 c.
1520 4663 1602 4712 4⁵-
1635 4649 1817 4714 Fabii]
1841 4651 2024 4713 Quint.
2048 4655 2170 4700 lact.
2195 4664 2244 4712 5.
2271 4665 2348 4712 ¹3·
2371 4664 2455 4713 ¹³7·

259 4735 345 4778 4ο.
383 4718 503 4786 ego]
525 4719 646 4769 Ter.
668 4721 827 4769 Andr.
850 4718 964 4779 480.
1522 4718 1603 4777 48.
1635 4714 1975 4781 addiderim]
2001 4715 2081 4767 Cf.
2103 4716 2212 4767 ΕΒ.
2240 4730 2290 4767 v.
2318 4718 2449 4766 12⁶6
2460 4731 2547 4769 nx.
