3355 5380
660 375 780 429 5³4
1365 367 1742 430 LErrERs
1797 367 1905 430 or
1957 367 2358 429 ERAsts
2871 364 3065 450 [1513

724 525 982 575 Erasmus
1018 524 1224 587 having
1260 523 1454 587 agreed
1490 526 1549 573 to
1587 526 1792 573 restore
1831 522 1929 573 the
1966 523 2088 586 boy,
2122 522 2273 571 John
2310 522 2513 584 Smith‚
2547 523 2606 570 to
2644 521 2735 571 his
2773 521 2958 571 father
2997 525 3070 586 by

659 591 753 640 All
788 590 986 640 Saints'
1010 589 1145 653 Day,
1171 605 1283 639 was
1313 590 1604 653 preparing
1636 592 1694 638 to
1726 589 1798 637 do
1828 602 1921 648 σος
1961 588 2071 638 and
2104 588 2267 651 being
2304 587 2505 636 unable
2538 590 2608 638 ιο
2626 587 2790 651 speak
2830 587 3067 652 English

659 656 914 719 fluently,
936 655 1048 705 and
1067 655 1362 718 unwilling
1387 657 1445 703 to
1467 669 1662 732 expone
1684 654 1912 703 himself
1929 654 2106 704 before
2129 667 2161 702 a
2187 667 2381 716 person
2411 653 2482 701 he
2515 652 2767 715 disliked,
2793 654 2864 702 he
2897 654 3071 703 asked

659 723 752 772 his
773 722 984 771 friends
1003 723 1061 770 ιο
1077 722 1235 770 write
1259 721 1377 770 him
1396 734 1429 768 a
1452 720 1652 770 letter
1636 734 1699 768 ιιι
1718 719 1964 782 English,
1984 720 2192 782 stating
2214 719 2339 768 that
2360 718 2431 769 he
2447 732 2559 768 was
2581 719 2834 783 carrying
2856 723 2955 769 out
2978 720 3070 770 his

575 802 581 808 ’
659 790 1044 902 zssffiffi‘ffi
1074 785 1876 901 ἐξίῗὲιῗέἲίιωῖἒιΐὼε
1898 785 2035 899 m
2059 784 3070 912 ffifflmixffifflffi

660 918 744 969 sor
765 934 800 968 a
818 869 987 968 whigle
1009 868 1213 981 longgr,
1240 917 1352 967 and
1375 916 1586 966 desired
1608 917 1700 966 his
1714 866 1863 965 {rien
1949 919 2007 965 ιο
2028 884 2299 978 ιιοςοιιειέι
2330 914 2415 965 for
2433 915 2549 965 this
2576 929 2839 979 purpos03
2873 918 2940 967 cf.
2963 916 3065 980 Ep.

660 999 774 1047 977.
842 984 900 1032 It
921 998 1145 1047 appears
1168 983 1310 1032 {rom
1334 983 1430 1046 Ep.
1453 997 1552 1045 979
1571 982 1696 1032 that
1719 981 1790 1030 he
1810 995 1924 1030 was
1945 984 2042 1031 not
2063 981 2369 1031 successful.

728 1050 929 1099 Robert
959 1049 1157 1111 Smith,
1182 1048 1317 1098 the‘
1330 1049 1524 1113 belua,'
1547 1051 1597 1098 ia
1629 1048 1862 1110 perhaps
1894 1062 1927 1096 a
1956 1062 2151 1111 person
2184 1048 2245 1095 of
2268 1047 2390 1097 that
2411 1061 2574 1096 name
2595 1046 2721 1096 who
2742 1059 2854 1096 was
2875 1043 3076 1097 namn

662 1114 723 1164 of
753 1114 1073 1177 Cambridge
1111 1085 1222 1164 ειιιᾱ
1261 1114 1582 1164 afterwards
1617 1112 1956 1174 Alderman3
2000 1112 2111 1161 and
2151 1113 2275 1161 who
2305 1127 2417 1162 was
2452 1113 2955 1162 excommunicated
2996 1115 3072 1176 by

660 1181 812 1230 John
848 1131 1060 1243 Fawnge,
1085 1181 1183 1229 the
1213 1179 1706 1242 vice-Chaucenor,
1740 1178 1908 1227 about
1940 1179 2167 1229 October
2201 1192 2328 1239 1512
2352 1177 2597 1241 (Cooper,
2624 1181 2820 1228 Armate
2848 1181 2908 1237 ot*
2930 1183 3071 1228 mno-

664 1251 834 1309 briaae,
862 1247 899 1295 i.
931 1262 982 1310 p.
1015 1247 1151 1308 994).
1221 1245 1309 1295 He
1343 1259 1513 1295 seems
1545 1247 1603 1294 ιο
1634 1244 1775 1293 have
1808 1243 1916 1292 had
1952 1258 2099 1293 some
2133 1245 2432 1293 connexion
2469 1242 2610 1292 with
2644 1242 2885 1305 Ῑιοιιᾶοιι,
2914 1245 3070 1294 since

664 1313 922 1361 Erasmus
955 1310 1210 1375 expected
1244 1308 1531 1360 Wentford
1562 1313 1622 1360 ιο
1654 1310 1793 1360 have
1826 1308 2099 1359 influenoe
2131 1309 2271 1358 with
2305 1309 2425 1358 him
2461 1308 2578 1373 (Ep.
2616 1311 2752 1372 977).
2820 1280 2928 1360 H'is
2967 1325 3069 1360 son

660 1377 812 1426 John
854 1391 979 1439 may
1012 1377 1150 1426 have
1185 1377 1321 1426 been
1361 1377 1424 1425 in
1464 1375 1734 1425 Erasmus'
1768 1376 1971 1424 service
2008 1389 2092 1489 aen
2105 1375 2217 1423 earl
2289 1389 2347 1424 as
2376 1390 2502 1436 1512
2538 1375 2657 1437 (Ep.
2692 1375 3065 1437 963ιιιιιοᾱ.)

661 1442 822 1493 After
841 1457 912 1492 an
937 1443 1176 1493 interval
1198 1443 1268 1491 he
1291 1441 1552 1491 returned
1573 1445 1629 1492 ιο
1652 1442 2053 1504 Erasmusagai
2137 1390 2287 1489 an'g
2270 1441 2331 1488 ιιι
2360 1454 2486 1502 ι5ι5
2509 1443 2659 1489 went
2681 1441 2820 1490 with
2854 1441 2978 1490 him
3010 1445 3069 1491 ιο

663 1509 837 1571 Basle,
863 1510 1047 1558 where
1078 1509 1148 1558 he
1177 1522 1299 1557 won
1332 1506 1528 1571 golden
1563 1507 1832 1570 opinions.
1905 1454 2053 1555 He
2024 1505 2217 1569 finally
2239 1506 2340 1556 left
2372 1507 2632 1556 Erasmus
2666 1506 2728 1555 in
2749 1507 2909 1569 April
2936 1507 3070 1569 1518

663 1576 797 1639 (LB.
821 1577 957 1638 App.
979 1573 1148 1639 311).]

1485 1654 1800 1704 EBASMVS
1843 1654 1966 1703 G.s.
2010 1654 2098 1701 ET
2142 1653 2261 1705 0.8.

747 1767 883 1828 Eoo
928 1736 1084 1827 cuns
1119 1766 1236 1826 hac
1281 1766 1465 1828 belua
1504 1765 1677 1843 loqui
1725 1785 1854 1825 non
1898 1784 2175 1843 possum.
2292 1765 2428 1826 Vos
2471 1763 2531 1824 ei
2579 1764 2942 1843 persuadete
2999 1769 3072 1827 vt

662 1865 978 1943 intelligat
1018 1883 1123 1924 me
1163 1864 1261 1923 illi
1301 1865 1635 1941 plusquam
1676 1866 1920 1941 patrem
1961 1862 2169 1938 fuisse,
2214 1866 2355 1923 tum
2399 1862 2469 1923 in
2510 1864 2723 1924 animo
2771 1864 3067 1939 curando,

664 1967 803 2024 tum
846 1983 1134 2041 corpore3
1191 1981 1305 2023 nec
1347 1961 1693 2041 perdidisse
1736 1964 1988 2040 tempus
2025 1982 2211 2023 suum
2249 1962 2355 2022 sed
2393 1962 2723 2039 profecisse
2758 1963 3074 2041 copiosius

663 2082 852 2141 quam
881 2062 951 2121 in
977 2061 1108 2121 vlla
1129 2060 1297 2121 scola
1320 2060 1695 2139 profecisset.

612 2179 640 2228 5
747 2159 816 2218 Si
849 2178 1007 2235 equo
1044 2178 1184 2219 meo
1222 2178 1377 2236 opus
1414 2162 1510 2219 est
1547 2158 1785 2232 calceis,
1820 2161 2029 2219 curate
2062 2161 2134 2218 vt
2170 2157 2496 2219 addantur.
2584 2158 2746 2220 Nam
2787 2159 3075 2222 fortassis

662 2257 816 2319 hinc
841 2256 1096 2333 longius
1122 2257 1254 2318 ibit.
1310 2258 1425 2318 Est
1446 2257 1774 2336 negocium
1803 2255 1964 2334 quod
1993 2276 2112 2317 nos
2129 2256 2242 2317 hic
2267 2259 2614 2318 remoretur
2639 2257 2784 2319 licet
2806 2259 3067 2321 inuitos.

665 2356 783 2417 Die
821 2354 1111 2416 Mercurii
1150 2356 1335 2418 adero
1373 2374 1519 2416 cum
1544 2354 1875 2417 Watsono.
1962 2355 2134 2416 Bene
2175 2356 2377 2416 valete
2417 2359 2481 2415 et
2521 2355 2699 2418 asino
2737 2356 2888 2418 huic
2929 2379 3075 2421 mea

666 2473 847 2515 causa
872 2452 1169 2513 nonnihil
1196 2453 1615 2514 humanitatis
1639 2453 1943 2514 exhibete.

749 2553 818 2613 Si
859 2554 1039 2613 vacat
1064 2550 1418 2626 Omfredus‚
1450 2549 1643 2611 velim
1672 2549 1942 2629 Anglice
1984 2550 2216 2611 scribat
2266 2551 2384 2611 hoc
2425 2558 2869 2630 argumentum
2896 2557 2963 2616 et
2989 2558 3073 2617 ad

584 2669 644 2706 ιο
667 2671 769 2712 me
795 2652 1010 2712 mittat
1037 2670 1147 2729 per
1172 2650 1474 2712 Ioannem
1501 2653 1573 2711 vt
1599 2648 1981 2726 subsignem.

753 2751 769 2778 ⁴
785 2749 986 2824 Salue,
1021 2750 1295 2810 Roberte
1320 2748 1549 2824 suaith,
1578 2749 1778 2809 amice
1805 2747 2158 2827 singularis.

756 2847 930 2909 ‘Non
982 2847 1142 2908 mihi
1189 2851 1583 2926 perspectum
1636 2847 1811 2925 (est)
1859 2849 1936 2909 de
1985 2846 2290 2908 ministro.
2379 2847 2543 2910 Nam
2592 2851 2650 2911 is
2696 2870 2883 2928 quem
2926 2856 3073 2915 tum

668 2950 908 3008 certum
961 2945 1418 3019 existimabam,
1466 2948 1715 3006 mutata
1768 2945 2084 3007 sentencia
2121 2945 2366 3007 traiecit
2410 2968 2599 3010 mare.
2714 2950 2954 3011 Tamen
2997 2955 3072 3013 vt

666 3045 827 3105 mihi
865 3046 1185 3105 decretum
1226 3047 1319 3104 est
1361 3043 1478 3104 tibi
1518 3063 1630 3121 per
1672 3044 1883 3105 omnia
1922 3064 2162 3105 morem
2202 3064 2428 3122 gerere,
2464 3046 2817 3108 Iohannem
2857 3049 3070 3127 mitto,

583 3159 642 3208 Ῑ5
667 3145 770 3206 cui
824 3163 955 3204 non
1021 3142 1183 3202 alius
1247 3141 1341 3202 fui
1410 3161 1598 3219 quam
1665 3145 1843 3220 pater
1895 3145 1958 3202 et
2015 3141 2347 3220 plusquam
2405 3148 2578 3221 pater
2631 3147 2701 3207 in
2749 3146 3069 3223 omnibus,

668 3243 785 3304 hoc
829 3245 924 3303 est
965 3245 1029 3302 et
1082 3241 1153 3301 in
1207 3260 1460 3318 corpore
1515 3242 1577 3300 et
1632 3240 1702 3299 in
1744 3240 1957 3301 animo
2005 3241 2293 3302 curand0.
2415 3243 2556 3305 Hoc
2602 3244 2846 3306 indoles
2892 3245 3076 3308 illius

667 3339 1028 3419 promeruit.
1117 3339 1338 3416 Itaque
1367 3359 1495 3400 ιιοιι
1529 3337 1773 3416 penitet
1814 3338 2011 3399 officii.
2099 3338 2242 3400 Non
2284 3341 2543 3403 omnino
2580 3343 2726 3403 fecit
2762 3343 3075 3406 iacturam

668 3439 965 3516 temporis
991 3436 1107 3498 sui.
1182 3436 1553 3515 Quanquam
1580 3436 1759 3513 pueri
1784 3437 2096 3513 profectus
2123 3457 2250 3498 non
2279 3440 2496 3500 statim
2524 3442 2894 3518 apparuerit,
2925 3443 3078 3519 plus

667 3536 856 3597 habet
907 3535 1070 3595 bone
1125 3535 1486 3596 Latinitatis
1551 3555 1739 3613 quam
1805 3535 1976 3595 intra
2034 3535 2386 3597 triennium
2452 3543 2729 3616 parasset
2797 3541 2866 3601 in
2919 3541 3075 3603 ludo

583 3649 647 3685 ²0
671 3634 1034 3712 RogerianO.
1141 3632 1320 3707 Quod
1362 3653 1488 3693 non
1528 3633 1864 3711 vapulauit
1896 3633 2060 3709 apud
2087 3653 2191 3694 me
2216 3654 2346 3696 non
2374 3639 2763 3713 commeruit,
2797 3642 2861 3699 et
2887 3658 3074 3716 gene-

668 3750 848 3792 rosus
871 3729 1123 3790 animus
1150 3730 1333 3808 longe
1360 3731 1589 3793 melius
1616 3730 1866 3791 ducitur
1893 3750 2083 3807 quam
2120 3732 2411 3794 trahitur.
2498 3736 2568 3796 Si
2602 3737 2929 3814 repperisti
2972 3736 3074 3798 illi

668 3827 1042 3905 magistrum
1061 3829 1265 3906 magis
1283 3829 1596 3905 idoneum,
1613 3827 1901 3907 equidem
1921 3830 1986 3889 et
2004 3830 2182 3907 pueri
2202 3833 2265 3890 et
2290 3834 2495 3892 vestro
2523 3834 2779 3895 nomine
2807 3834 3065 3912 gaudeo.

667 3926 784 3986 Est
800 3925 969 3986 enim
986 3925 1103 3986 hec
1119 3928 1344 3988 natura
1361 3927 1555 4004 digna
1570 3926 1808 4004 optimo
1824 3925 2068 3986 artifici.
2121 3926 2407 3990 Fortasse
2424 3930 2763 3992 doctiorem
2780 3932 3070 4010 reperioe,

667 4024 1086 4086 amanciorem
1125 4025 1392 4103 reperies
1418 4024 1756 4098 neminem,
1789 4022 1989 4084 eciam
2026 4025 2081 4083 si
2111 4023 2506 4088 Britanniam
2527 4031 2725 4091 totam
2751 4032 3066 4092 scruteris.

584 4136 642 4188 ²5
753 4126 768 4154 ⁴
784 4123 961 4184 Bene
986 4123 1127 4183 vale
1152 4142 1296 4183 cum
1325 4122 1564 4200 optima
1590 4122 1851 4199 coniuge
1878 4124 1990 4182 tua
2018 4123 2267 4199 totaque
2291 4125 2577 4187 familia!

751 4221 832 4283 M.
864 4223 939 4283 G.
972 4226 1038 4283 et
1065 4221 1438 4300 OmphredO,
1472 4220 1692 4281 amicis
1718 4219 1933 4281 vnicis.

734 4376 781 4409 9.
815 4365 1024 4424 patrem
1048 4365 1269 4411 Nichols:
1301 4364 1458 4424 pater
1479 4363 1583 4410 MS.
1717 4360 1915 4409 curado
1936 4365 2039 4412 HS.
2238 4379 2286 4425 3.
2321 4366 2587 4426 profuisse
2608 4368 2714 4416 MS.
2895 4385 2943 4430 4.
2978 4368 3073 4419 vla

666 4431 771 4476 MS.
899 4427 1193 4491 profuisset
1212 4431 1316 4475 MS.
1486 4425 1560 4475 18.
1597 4425 1870 4487 appar-erit
1893 4430 1997 4477 MS.
2149 4443 2228 4478 9ο.
2262 4430 2548 4493 vapulauit
2570 4435 2741 4489 scripsi
2764 4449 2778 4481 z
2809 4433 3070 4497 vapulaui

667 4496 772 4542 MS.
971 4508 1052 4554 94.
1088 4504 1374 4541 nemonem
1398 4495 1500 4540 MS.

697 4605 700 4608 ’
731 4623 779 4669 9.
837 4608 1144 4673 Omfredus]
1202 4608 1403 4658 Fellow
1452 4607 1513 4656 of
1581 4606 1809 4669 Queens'
1912 4609 2171 4660 Erasmus
2195 4612 2505 4675 frequently
2529 4613 2693 4663 sends
2715 4617 2991 4679 metings
3012 4621 3071 4667 ιο

668 4672 876 4736 College
931 4690 976 4725 c.
1029 4676 1154 4736 1506
1200 4674 1455 4737 (Knight,
1503 4689 1553 4736 p.
1585 4687 1673 4735 141
1713 4672 1808 4736 n.).
1909 4676 2030 4725 him
2053 4678 2115 4727 in
2136 4678 2227 4728 his
2249 4679 2389 4727 later
2410 4679 2600 4729 letters
2619 4684 2678 4729 to
2699 4680 3036 4746 Cambridge.
