3355 5380
700 401 775 459 76
1392 394 1769 456 LETTERS
1824 393 1930 455 or
1985 393 2381 456 ERASMUS
2888 391 3086 475 [1487

696 550 989 632 epistolae
1016 551 1373 613 scribendae
1408 552 1609 613 otium
1646 550 1846 613 amori
1879 554 2092 612 nostro
2132 551 2537 613 tribuendum
2574 571 2702 611 non
2740 554 2924 629 putas
2950 551 3090 627 (vix

696 651 1090 712 stomachum
1124 649 1347 727 teneo),
1379 653 1490 712 aut
1530 671 1643 728 ego
1680 671 1902 729 pamm
1935 650 2052 710 tibi
2090 649 2258 710 cordi
2300 669 2458 726 sum,
2492 652 2603 710 aut
2642 649 2919 727 profecto
2951 651 3088 711 iam

695 750 880 828 plane
918 749 1132 812 excidi.
1219 749 1290 810 Si
1330 769 1431 809 me
1473 749 1590 809 hac
1631 750 1982 827 suspicione
2023 748 2303 810 leuatum
2346 747 2535 825 cupis,
2564 747 2620 808 si
2660 746 2791 808 vlla
2832 748 3088 809 Erasmi

611 869 670 921 15
693 848 790 910 tui
816 848 933 909 tibi
961 868 1109 908 cura
1137 850 1248 924 est,
1276 848 1329 908 si
1357 847 1508 926 quid
1537 848 1606 907 in
1634 851 1700 909 te
1727 847 1940 910 fratris
1967 846 2278 925 reliquum
2298 848 2408 922 est,
2435 866 2584 907 cura
2611 846 3086 925 quamprimum

694 948 773 1008 ad
814 965 916 1007 me
957 946 1289 1024 scripseris.
1378 946 1480 1006 Ita
1520 949 1602 1021 te,
1649 946 1852 1021 Petre,
1904 948 2069 1005 recte
2112 944 2425 1005 valentem
2468 944 2827 1021 propediem
2873 944 3086 1005 laetus

693 1043 990 1121 aspiciam
1015 1065 1032 1117 3
1095 1046 1159 1103 et
1207 1064 1322 1122 ego
1368 1043 1530 1104 nihil
1581 1043 1710 1104 tuis
1757 1042 1955 1103 literis
2001 1042 2242 1103 habebo
2297 1062 2497 1121 neque
2550 1042 2827 1118 optatius
2877 1062 3086 1120 neque

693 1140 955 1203 charius.
1043 1140 1236 1203 Nulla
1261 1160 1328 1201 re
1354 1141 1477 1201 alia
1498 1141 1726 1202 certius
1751 1139 1911 1201 mihi
1937 1141 2130 1202 fidem
2155 1141 2374 1201 feceris
2410 1141 2475 1199 te
2505 1139 2708 1201 nostri
2734 1159 3086 1202 memorem

692 1260 843 1316 esse,
876 1241 940 1299 et
966 1240 1512 1317 germanissimum
1540 1242 1723 1300 tuum
1749 1259 1893 1317 erga
1920 1258 2022 1299 me
2051 1238 2350 1314 animum,
2383 1238 2733 1300 innumeris
2766 1238 2896 1299 iam
2924 1239 3086 1301 olim

608 1358 670 1394 20
693 1337 1080 1415 argumentis
1104 1336 1691 1415 perspectissimum,
1712 1337 1916 1397 adhuc
1938 1336 2135 1397 solide
2162 1339 2579 1414 perpetuoque
2605 1355 2876 1398 manere.
2962 1337 3086 1399 Sin

691 1457 839 1497 vero
867 1435 965 1496 illi
992 1435 1121 1496 iam
1149 1435 1281 1496 vlla
1307 1455 1436 1495 non
1463 1435 1601 1497 dico
1630 1435 1830 1512 culpa,
1857 1454 2045 1513 quam
2068 1456 2107 1496 a
2127 1454 2230 1495 me
2259 1434 2472 1495 abesse
2498 1434 2626 1495 scio
2653 1435 2943 1511 maxime,
2968 1437 3086 1497 sed

694 1535 912 1612 culpae
938 1533 1293 1611 suspicione
1321 1534 1628 1594 alienatus
1654 1553 1816 1610 sum,
1845 1533 1947 1595 vel
1973 1553 2144 1594 nunc
2171 1535 2386 1594 nostra
2412 1533 2780 1612 purgatione
2806 1537 3078 1613 accepta,

694 1633 943 1693 obsecro
965 1633 1042 1705 te,
1069 1631 1148 1692 ad
1177 1630 1503 1709 ingenium
1524 1631 1688 1707 redi;
1725 1651 1878 1692 exue
1898 1632 2217 1706 Demeam,
2241 1650 2492 1693 rursum
2508 1630 2839 1692 Mitionem
2858 1632 3083 1692 indue:

691 1733 757 1789 et
802 1729 909 1807 qui
954 1728 1117 1791 mihi
1170 1728 1553 1790 difficillimis
1597 1728 1983 1807 temporibus
2034 1728 2241 1806 (non)
2295 1729 2567 1805 defuisti,
2621 1749 2790 1791 nunc
2838 1749 3086 1808 quoque

606 1846 664 1896 25
692 1826 960 1902 fortuna,
988 1827 1106 1889 etsi
1133 1847 1265 1887 non
1283 1827 1566 1902 secunda,
1591 1826 1840 1888 mitiore
1858 1830 2074 1887 tamen
2100 1827 2266 1887 adsis
2295 1849 2312 1903 ;
2353 1826 2566 1888 adesse
2588 1829 2800 1887 autem
2820 1827 3086 1905 propius

692 1923 869 1985 nulla
903 1925 1028 1986 alia
1066 1944 1134 1985 re
1164 1928 1357 2002 potes,
1391 1924 1892 2003 quandoquidem
1933 1945 2260 2003 corporum
2294 1925 2620 1985 conuictus
2658 1928 2925 2003 negatus
2958 1929 3077 2002 est,

692 2022 813 2082 nisi
839 2023 967 2083 tuis
998 2022 1367 2083 creberrime
1393 2024 1472 2084 ad
1500 2043 1616 2085 nos
1651 2023 1813 2084 datis
1839 2022 2133 2101 epistolis.
2222 2023 2298 2084 Id
2327 2024 2536 2102 itaque
2569 2023 2625 2083 si
2661 2025 2910 2100 curaris,
2944 2028 3083 2085 tam

691 2124 866 2200 grato
894 2141 998 2182 me
1024 2121 1321 2182 beneficio
1347 2121 1624 2183 affeceris
1649 2125 1724 2182 vt
1748 2141 2001 2199 prorsus
2025 2121 2296 2199 gratiore
2323 2141 2450 2183 non
2478 2122 2695 2199 possis.

773 2219 842 2280 si
868 2219 1015 2297 quid
1044 2220 1301 2280 actitem
1345 2219 1640 2281 audiendi
1672 2218 1935 2296 cupidus
1960 2238 2041 2295 es,
2078 2221 2140 2279 te
2177 2222 2288 2279 tuo
2321 2219 2547 2280 merito
2575 2239 2862 2281 amamus
2888 2240 3081 2299 quam

603 2336 666 2386 30
692 2318 1003 2394 maxime;
1045 2322 1109 2380 te
1137 2339 1257 2394 ore,
1291 2321 1356 2379 te
1382 2322 1594 2379 animo
1621 2318 1921 2393 ferimus3
1963 2321 2025 2379 te
2066 2318 2429 2396 cogitamus,
2463 2321 2526 2378 te
2562 2319 2966 2396 somniamus,
2999 2321 3083 2381 de

690 2418 752 2476 te
781 2414 960 2475 nobis
985 2415 1435 2493 frequenssscum
1456 2415 1671 2477 amicis
1692 2436 1894 2476 sermo
1921 2418 2054 2490 est;
2095 2435 2319 2476 verum
2349 2432 2492 2475 cum
2514 2414 2767 2476 nemine
2788 2416 3075 2493 crebrior,

690 2512 1050 2574 familiarior
1085 2517 1271 2593 atque
1306 2513 1629 2575 iocundior
1665 2533 1854 2592 quam
1892 2534 2036 2575 cum
2073 2512 2358 2573 Seruatio
2397 2514 2799 2574 conterraneo
2838 2518 3074 2591 nostro,

688 2611 1075 2673 adolescente
1114 2632 1217 2672 me
1257 2613 1508 2673 hercule
1548 2612 1762 2674 indole
1808 2611 2231 2693 pulcherrima
2270 2610 2639 2690 ingenioque
2679 2613 3074 2692 suauissimo,

690 2730 1026 2789 earumque
1067 2711 1557 2790 disciplinarum,
1606 2733 1761 2792 quae
1809 2732 1954 2773 cum
2001 2731 2105 2772 me
2151 2714 2291 2771 tum
2341 2714 2405 2770 te
2454 2730 2492 2770 a
2540 2712 2751 2788 pueris
2794 2714 3082 2792 apprime

601 2826 661 2877 35
687 2808 1088 2886 delectarunt,
1123 2810 1594 2872 studiosissimo.
1671 2810 1797 2871 Hic
1824 2810 1919 2872 tui
1948 2809 2204 2871 videndi
2231 2808 2673 2886 cupidissimus
2700 2814 2811 2871 est.
2896 2812 3079 2887 Quod

687 2908 741 2968 si
784 2912 846 2970 te
892 2910 972 2971 ad
1020 2929 1135 2971 nos
1181 2910 1555 2988 propediem,
1596 2912 1668 2971 vt
1709 2929 1903 2987 spero,
1939 2907 2255 2986 receperis,
2287 2909 2386 2968 sat
2428 2907 2556 2968 scio
2603 2908 2897 2968 iuuenem
2946 2929 3079 2971 non

688 3007 869 3069 modo
910 3010 1017 3069 tua
1056 3008 1331 3069 amicitia
1373 3009 1634 3086 dignum
1669 3007 1989 3083 iudicabis,
2020 3025 2241 3069 verum
2269 3006 2461 3067 etiam
2496 3006 2662 3067 mihi
2688 3007 2867 3068 fratri
2893 3007 3079 3068 facile

687 3105 1055 3166 antetuleris
1083 3127 1098 3179 ;
1140 3105 1449 3183 siquidem
1476 3105 1668 3183 probe
1695 3108 1758 3165 et
1783 3109 1959 3166 tuam
1985 3104 2445 3165 humanitatem
2472 3106 2536 3164 et
2563 3104 2741 3165 illius
2765 3105 3078 3166 virtutem

688 3203 853 3262 noui.
937 3201 1005 3261 Is
1033 3203 1205 3263 enim
1232 3206 1328 3263 est
1353 3206 1427 3263 vt
1452 3222 1639 3264 nemo
1673 3202 1860 3263 illum
1893 3223 2020 3263 non
2049 3205 2231 3264 amet.
2318 3203 2738 3279 Quamobrem
2766 3203 3076 3265 maiorem

596 3324 662 3374 40
688 3301 755 3359 in
809 3299 1066 3361 modum
1120 3321 1159 3361 a
1213 3303 1275 3360 te
1328 3304 1472 3378 peto
1525 3303 1599 3360 vt
1657 3300 1981 3362 quenalis
2034 3301 2301 3378 Satyras,
2364 3321 2516 3379 quas
2572 3300 2805 3378 pusillo
2861 3301 3077 3362 codice

689 3396 1021 3474 descriptas
1061 3397 1265 3472 habes,
1299 3399 1393 3458 illi
1435 3398 1806 3460 commodes.
1890 3399 2109 3460 Fidem
2146 3398 2321 3474 habe,
2364 3399 2457 3459 mi
2494 3399 2698 3475 Petre‚
2743 3419 3078 3477 nunquam

686 3494 911 3555 rectius
966 3495 1335 3557 beneficium
1401 3497 1834 3558 collocaueris:
1918 3497 2150 3557 senties
2204 3496 2526 3558 hominem
2587 3499 2650 3557 et
2703 3500 2955 3574 gratum
3008 3503 3081 3560 et

686 3613 1042 3654 memorem.
1126 3594 1297 3670 Vale,
1332 3595 1422 3655 mi
1451 3595 1898 3658 iucundissime
1925 3596 2131 3655 frater.

685 3812 721 3860 d
750 3746 1155 3861 {d‘sigiL’g-wdg
1187 3750 1281 3799 ille
1308 3749 1379 3801 0¹.
1632 3766 1696 3812 24
1731 3751 2056 3813 difficillimi,
2087 3749 2173 3799 0¹:
2206 3766 2321 3799 corr.
2345 3754 2493 3799 Lami.
2688 3747 2878 3815 <nulla
2898 3751 2959 3800 in
2980 3750 3079 3819 re)

722 3827 752 3860 e
814 3828 831 3859 1
1015 3852 1027 3863 .

749 3996 830 4042 24.
863 3980 1113 4044 denunti]
1195 3984 1452 4034 Leclerc's
1526 3983 1825 4033 correction
1924 3981 2050 4032 who
2073 3996 2174 4031 can
2198 3981 2329 4044 only
2345 3981 2482 4031 have
2503 3981 2640 4029 been
2660 3980 2676 4006 ‘
2690 3979 2975 4043 magister’
2998 3982 3076 4046 by

684 4060 857 4095 seems
894 4049 1299 4111 unnecessarily
1329 4049 1553 4100 forcible
1592 4050 1652 4097 in
1686 4050 1826 4098 view
1926 4049 2197 4109 courtesy3
2218 4047 2351 4096 heis
2367 4050 2620 4096 addroeoed
2636 4046 2781 4109 here,
2801 4047 3069 4111 however,

685 4111 745 4160 of
794 4111 995 4161 Peter’s
1040 4112 1310 4164 desertion
1359 4117 1422 4164 in
1465 4114 1563 4163 the
1616 4115 1826 4164 contest
1925 4128 1984 4163 as
2020 4114 2033 4141 ‘
2052 4113 2350 4162 Dominus·
2416 4112 2527 4161 'l'he
2560 4111 2667 4160 MS.
2697 4125 2809 4161 was
2839 4113 3074 4176 perhaps

685 4178 823 4225 with
845 4176 943 4226 the
965 4178 1269 4240 guardians.
1341 4181 1440 4229 See
1461 4181 1598 4243 App.
1631 4194 1674 4227 1.
1925 4194 2027 4228 one
2066 4177 2126 4227 of
2163 4179 2318 4227 those
2349 4179 2571 4227 written
2609 4177 2683 4239 by
2716 4177 2920 4226 Gerard
2972 4178 3073 4227 the

747 4257 831 4304 32·
866 4243 1137 4307 Seruatio]
1161 4245 1259 4294 See
1283 4245 1377 4308 Ep.
1326 4260 1454 4308 p..4
1923 4244 2126 4306 father,
2161 4243 2344 4293 which
2386 4257 2533 4292 seem
2577 4245 2634 4291 to
2646 4192 2816 4292 yhave
2860 4242 3073 4293 formed

748 4323 831 4368 40.
866 4307 1826 4374 quenalis]1naletter1rom11aar-
1925 4313 2047 4373 part
2085 4309 2144 4358 of
2177 4309 2267 4358 his
2301 4308 2441 4357 sons'
2478 4308 2820 4371 patrimony;
2868 4310 2935 4360 cs.
2969 4309 3070 4372 Ep.

684 4373 810 4436 lem,
836 4389 867 4433 4
892 4373 1019 4437 May
1038 4371 1244 4441 <1490¹P
1306 4376 1516 4438 (Gouda
1544 4376 1649 4424 MS.
1682 4390 1822 4437 1323,
1927 4390 1970 4424 1.
2002 4377 2037 4424 8
2069 4374 2177 4423 and
2212 4390 2285 4437 13.
2363 4375 2520 4423 Peter
2552 4375 2599 4421 is
2632 4374 3028 4437 representedi
3008 4391 3072 4424 ιιι

685 4437 798 4500 fig,
825 4439 1053 4502 ctis),
1077 4440 1220 4489 Wm.
1304 4440 1821 4492 ermanasksCorn.
1926 4440 2095 4490 Lond.
2115 4439 3073 4504 xxiv.,5LB.Ap.442assecuring

684 4504 905 4567 Gerard,
930 4505 1066 4555 then
1089 4507 1146 4555 at
1168 4507 1392 4570 Lopsen,
1420 4513 1475 4556 to
1499 4507 1627 4555 lend
1650 4505 1769 4556 him
1793 4521 1826 4555 a
1925 4506 2020 4555 the
2065 4509 2273 4568 greater
2311 4508 2432 4568 part
2469 4520 2500 4553 o
2565 4506 2661 4554 the
2707 4505 3071 4556 inheritanee.

684 4584 782 4619 ms.
828 4569 1175 4621 ‘quenalem
1215 4573 1456 4635 magistri
1495 4572 1638 4621 Petri
1685 4573 1825 4622 Gou·
1924 4571 2096 4621 There
2141 4574 2188 4621 is
2232 4586 2302 4621 no
2356 4570 2621 4633 difficulty
2669 4572 2729 4620 in
2775 4573 3073 4635 supposing

684 4635 855 4685 dani.'
920 4636 1051 4687 This
1084 4638 1133 4686 is
1164 4639 1426 4701 probably
1446 4637 1697 4688 winckel
1731 4638 1817 4700 (cf.
1924 4638 2047 4687 that
2080 4636 2329 4686 Winckel
2369 4651 2428 4686 as
2466 4636 2726 4699 guardian
2767 4651 2894 4700 may
2931 4637 3071 4688 have

683 4701 779 4764 Ep.
809 4716 852 4752 1.
873 4702 1011 4769 tis),
1035 4703 1143 4752 and
1167 4707 1264 4754 not
1288 4703 1556 4754 Erasmus'
1578 4705 1817 4767 brother,
1924 4703 2244 4753 afterwards
2276 4703 2528 4764 acquired
2562 4703 2608 4751 it
2640 4703 2784 4753 from
2816 4703 2993 4754 Peter.
