3355 5380
673 375 790 431 342
1375 367 1754 429 LETTERS
1808 367 1916 428 or
1970 366 2368 428 ERASMUS
2884 360 3071 445 [1501

666 527 959 600 scribens,
1009 545 1137 586 non
1193 524 1387 586 Dauo.
1473 526 1751 586 Tantum
1800 526 2071 585 alterum
2120 524 2307 585 illum
2362 524 2627 585 Battum
2676 541 2863 600 quem
2917 521 3079 583 mihi

664 624 980 703 pollicitus
1005 643 1088 697 es,
1122 623 1287 700 apud
1327 623 1668 684 Dominam
1705 622 2023 701 paulisper
2057 621 2296 701 expedi.
2387 622 2560 683 Bene
2600 620 2756 682 vale.

577 742 639 778 20
746 724 982 785 Datum
1010 722 1302 783 Luteciae
1328 741 1443 784 vn.
1476 721 1727 783 Calend.
1760 720 2139 783 Februariae.
2231 718 2452 800 [Anno
2480 740 2547 782 ιι.
2576 739 2737 781 cccc.
2772 716 3036 800 xcvnn]

1285 959 1427 1021 145.
1518 956 1613 1019 To
1659 956 1862 1021 Axxs
1909 973 1994 1021 or
2040 955 2455 1019 BonssELEN.

735 1077 986 1147 Farrago
1010 1095 1064 1147 p.
1092 1091 1213 1146 293.
2600 1073 2776 1129 Paris.

734 1166 794 1220 F.
819 1185 872 1236 p.
898 1181 1035 1232 404:
1075 1163 1213 1219 ΗΝ.
1251 1163 1431 1218 Lond.
1457 1164 1532 1218 ix.
1560 1167 1661 1233 38:
1702 1163 1811 1218 LB.
1839 1178 1928 1233 92.
2427 1176 2493 1229 27
2520 1161 2777 1232 Jan'uary
2810 1165 2971 1236 1503.

732 1287 901 1351 [1501‚
928 1285 1284 1335 becausethe
1316 1301 1388 1335 an
1393 1287 1488 1334 niv
1489 1300 1671 1348 ersary
1707 1285 1767 1334 of
1792 1287 1886 1334 the
1921 1284 2137 1348 spoliati
2122 1299 2212 1334 ion
2249 1285 2308 1333 in
2344 1283 3082 1346 England‚Ep.119.For

666 1354 824 1401 Anne
848 1350 1204 1401 ofBorsselen
1230 1351 1436 1414 seeEp.
1458 1350 1778 1415 Bointrod.]

909 1493 990 1539 CI
995 1493 1374 1540 ARISSIMAE
1424 1490 1660 1538 ANNAE
1707 1492 2066 1539 BERSALAE
2115 1491 2432 1540 PBINCIPI
2477 1490 2836 1538 VERIANAE

1551 1595 1867 1642 ERASMVS
1911 1597 1962 1642 S.
2013 1596 2068 1640 P.
2114 1595 2180 1643 D.

743 1719 910 1779 Tuas
964 1719 1188 1778 Annas
1234 1721 1520 1778 veterum
1579 1717 1796 1778 literae
1850 1716 2260 1795 prodiderunt
2319 1715 2705 1794 posteritati:
2776 1736 2917 1778 eam
2973 1719 3077 1778 cui

662 1836 1006 1894 cognomen
1033 1815 1335 1889 Perenna,
1362 1836 1550 1896 quam
1580 1816 1662 1876 ob
1688 1815 2004 1894 egregiam
2031 1814 2103 1876 in
2124 1814 2441 1876 Didonem
2466 1833 2743 1875 sororem
2770 1814 3077 1891 pietatem

662 1914 728 1973 in
757 1913 1055 1974 coelitum
1083 1932 1418 1974 numerum
1449 1913 1712 1974 relatam
1740 1913 2087 1991 antiquitas
2113 1911 2418 1987 credidit,
2401 1933 2416 1948 ·
2457 1913 2719 1973 alteram
2748 1912 3077 1976 Helcanae

660 2032 932 2087 onrem,
973 2011 1150 2072 cuius
1191 2011 1268 2072 ad
1312 2011 1561 2072 laudem
1606 2011 1857 2072 abunde
1898 2011 2052 2073 satis
2092 2012 2189 2072 est
2227 2010 2391 2087 quod
2423 2013 2486 2071 et
2523 2030 2685 2072 anus
2716 2013 2785 2071 et
2820 2011 3072 2089 auspice

604 2124 633 2172 5
660 2111 791 2172 Deo
820 2109 1178 2170 Samuelem
1205 2109 1462 2186 peperit,
1492 2129 1622 2170 non
1659 2109 1879 2187 vtique
1912 2109 2052 2186 sibi,
2087 2108 2197 2170 sed
2236 2110 2368 2170 Deo
2396 2108 2649 2187 quidem
2685 2110 3074 2171 sacerdotem

661 2207 1220 2286 religiosissimum,
1274 2208 1502 2285 populo
1556 2228 1705 2268 vero
1762 2208 2029 2269 iudicem
2086 2206 2743 2285 incorruptissimum3
2812 2207 3073 2271 tertiam

658 2306 942 2385 Virginis
968 2306 1190 2367 Matris
1224 2309 1550 2383 parentem
1589 2326 1659 2367 ac
1690 2307 1837 2368 Iesu
1865 2306 1984 2367 Dei
2020 2310 2086 2368 et
2114 2306 2393 2367 hominis
2429 2305 2661 2381 auiam,
2693 2308 2765 2367 vt
2797 2325 2880 2368 ne
2918 2307 3075 2369 haec

660 2404 917 2482 quidem
963 2405 1087 2464 iam
1137 2404 1279 2465 aliis
1325 2407 1500 2481 egeat
1547 2405 1906 2481 praeconiis.
1994 2405 2078 2466 Et
2124 2405 2395 2482 primam
2444 2403 2703 2482 quidem
2746 2403 3077 2467 Romanae

656 2504 872 2564 Musae
911 2502 1374 2563 immortalitati
1412 2505 1871 2564 consecrarunt.
1954 2503 2304 2564 Secundam
2338 2501 2770 2564 Hebraeorum
2802 2503 3074 2565 annales

575 2615 633 2650 ¹0
656 2600 858 2662 multa
885 2601 1068 2661 laude
1101 2599 1458 2662 nobilitant.
1546 2600 1825 2661 Tertiam
1853 2601 2216 2664 Christiana
2251 2600 2450 2678 pietas
2486 2598 2718 2676 adorat,
2752 2599 3069 2678 Redolphi

653 2699 983 2779 Agricolae
1028 2700 1475 2779 Baptistaeque
1520 2700 1847 2761 Mantuani
1901 2698 2370 2762 facundissimis
2415 2699 2619 2760 literis
2664 2697 3067 2761 celebratam.

657 2800 838 2861 Nunc
880 2821 917 2860 o
958 2799 1012 2860 si
1054 2818 1230 2861 meae
1265 2817 1508 2877 quoque
1545 2802 1797 2860 tantum
1832 2798 2055 2861 literae
2090 2799 2341 2860 valeant
2380 2801 2452 2858 vt
2492 2803 2676 2859 tuum
2717 2797 2892 2860 istud
2932 2803 3069 2861 tam

655 2899 848 2976 pium,
900 2902 1033 2959 tam
1084 2897 1362 2972 niueum,
1403 2900 1537 2958 tam
1587 2901 1831 2958 castum
1876 2901 2094 2974 pectus
2137 2896 2474 2975 posteritas
2522 2896 2708 2971 norit,
2751 2899 2819 2958 et
2866 2897 3073 2960 tribus

656 2998 867 3059 Annis
906 3000 1194 3075 quartam
1238 2999 1300 3056 te
1339 3000 1753 3057 annumeret:
1810 2999 1874 3056 et
1914 2997 2024 3058 fiet
2071 2996 2360 3073 profecto,
2408 2994 2594 3056 modo
2644 2998 2793 3056 tuae
2842 2995 3069 3058 virtuti

575 3112 630 3161 ¹5
653 3102 943 3160 nostrum
972 3094 1360 3173 ingeniolum
1388 3095 1781 3170 respondeat.

713 3194 1046 3273 'Equidem
1088 3191 1362 3255 adducor
1395 3194 1466 3251 vt
1508 3192 1758 3253 credam
1797 3210 2030 3253 nomen
2066 3192 2237 3253 istud
2276 3211 2406 3253 non
2445 3192 2581 3254 sine
2608 3196 2842 3269 mente,
2876 3197 2951 3255 vt
2978 3193 3067 3255 ait

654 3294 848 3367 Maro,
883 3311 997 3354 nec
1033 3291 1170 3352 sine
1198 3289 1460 3350 numine
1488 3289 1711 3349 diuum
1740 3288 1861 3351 tibi
1887 3290 2263 3369 contigisse3
2304 3291 2458 3353 adeo
2496 3291 2699 3352 multa
2723 3290 2915 3353 video
2952 3292 3067 3353 tibi

655 3409 799 3451 cum
827 3388 954 3450 illis
987 3407 1120 3449 esse
1152 3386 1531 3449 communia.
1621 3387 2067 3451 Nobilissimae
2102 3388 2286 3465 illae3
2330 3389 2460 3451 tuis
2493 3409 2641 3451 vero
2676 3389 3070 3469 imaginibus

654 3488 805 3566 quid
843 3487 1030 3548 habet
1067 3491 1351 3546 nostrum
1391 3485 1508 3546 hoc
1543 3505 1812 3563 regnum
1849 3486 2212 3550 illustrius?
2298 3487 2458 3549 Illae
2484 3489 2713 3566 pietate
2740 3488 3068 3568 insignes3

570 3603 631 3636 ²0
653 3590 718 3646 et
753 3590 864 3646 tua
903 3583 1261 3663 gratissima
1298 3584 1466 3644 coelo
1507 3583 1721 3661 pietas.
1801 3583 2065 3646 Illarum
2107 3585 2531 3648 afflictissimis
2563 3585 2751 3648 rebus
2782 3587 3068 3649 multum

652 3685 894 3758 iactata,
942 3681 1218 3743 multum
1251 3685 1523 3758 spectata
1563 3683 1908 3760 patientia3
1964 3684 2130 3763 quod
2159 3684 2276 3745 tibi
2317 3704 2462 3746 cum
2500 3684 2629 3746 illis
2661 3685 3068 3747 communius

651 3782 842 3844 etiam
871 3798 1058 3859 quam
1086 3779 1334 3841 vellem.
1404 3781 1557 3841 Erat
1582 3781 1756 3842 enim
1783 3785 1894 3843 tua
1923 3781 2044 3843 ista
2070 3783 2398 3862 integritas
2424 3787 2491 3845 et
2516 3782 2801 3863 virginea
2826 3782 3071 3861 simpli·

652 3882 825 3956 citas,
855 3882 1064 3951 fateor,
1101 3882 1399 3955 perpetua
1434 3879 1844 3957 prosperitate
1881 3880 2271 3958 dignissima.
2357 3882 2597 3944 Verum
2632 3881 2783 3961 quid
2822 3882 3016 3944 facias
3032 3883 3071 3943 ⁴?

652 3978 778 4039 Hic
813 3980 908 4039 est
935 3980 1116 4037 vetus
1154 3976 1260 4037 ille
1297 3977 1585 4039 fortunae
1612 3978 1827 4053 luduS‚
1856 3979 2149 4058 indignos
2175 3981 2245 4042 in
2271 3980 2474 4044 altum
2504 3981 2767 4043 euehere
2793 3984 2863 4042 et
2891 3980 3071 4043 inno·

567 4094 624 4141 25
650 4076 890 4138 centias
929 4076 1253 4153 negocium
1296 4075 1610 4139 facessere.
1698 4077 1791 4137 Tu
1837 4097 2004 4154 vero,
2034 4098 2175 4140 mea
2221 4084 2498 4157 patrona,
2528 4079 2773 4158 palmae
2822 4079 3071 4141 arboris

650 4173 952 4254 exemp10,

1299 4272 1392 4333 Ne
1434 4272 1581 4334 cede
1623 4273 1828 4350 malis,
1871 4275 1981 4335 sed
2024 4280 2240 4338 contra
2276 4276 2605 4339 audentior
2644 4276 2735 4337 ito

1057 4372 1259 4448 Quam
1305 4374 1415 4432 tua
1455 4377 1517 4434 te
1557 4372 1811 4434 fortuna
1852 4373 2034 4438 sinat.

1241 4540 1351 4589 145.
1371 4553 1418 4600 5.
1455 4553 1584 4602 ptep
1560 4540 1812 4588 ehrertv.
2042 4541 2091 4587 6.
2125 4540 2467 4589 vemaMF.

718 4627 856 4721 145.
850 4687 920 4733 17·
963 4674 1088 4723 Mar
1089 4671 1134 4737 J]
1172 4679 1242 4723 Ae
1221 4690 1294 4723 m
1321 4689 1367 4737 5.
1396 4676 1476 4736 56.
1966 4689 2047 4734 27.
2086 4672 2166 4723 Ne
2189 4672 2343 4739 cede]
2379 4673 2536 4738 verg.
2564 4679 2687 4726 Aen.
2713 4676 2761 4725 6.
2788 4691 2873 4740 95,
2899 4679 2950 4725 6.
