3355 5380
287 354 470 439 1500]
899 360 1006 420 TO
1062 358 1449 421 F'AUSTUS
1502 358 2063 421 ANDRELINUS
2554 365 2670 421 313

273 515 534 593 quidem
563 514 630 575 id
656 518 721 576 te
745 534 917 576 orem
945 515 1110 593 quod
1139 515 1271 594 ipse
1298 519 1511 594 tuapte
1539 519 1764 594 sponte
1789 517 1991 577 facere
2018 536 2148 577 non
2175 515 2446 592 desinis;
2482 516 2671 579 orabo

273 619 490 674 tamen
544 617 617 674 vt
668 613 914 691 Adagia
966 618 1179 675 nostra
1233 634 1390 692 quae
1443 634 1643 693 nuper
1697 614 1917 676 abortu
1973 614 2139 691 eieci,
2188 635 2310 692 quo
2363 614 2674 676 maturius

273 711 724 782 distrahantur,
760 715 872 773 tuo
913 711 1274 774 testimonio
1308 712 1709 774 commendes
1744 716 1930 791 atque
1964 731 2265 788 exornes;
2322 712 2508 791 idque
2543 733 2671 775 non

274 813 410 870 tam
459 809 629 888 operi
672 809 926 887 quidem
975 810 1096 887 ipsi
1138 830 1328 888 quam
1377 815 1622 872 nostrae
1669 810 2118 872 neceoeitudini
2166 811 2373 871 dones.
2458 811 2673 888 Neque
2699 828 2761 881 35

273 907 448 968 enim
488 908 837 986 vsqueadeo
882 908 1176 970 mihimet
1218 912 1501 970 assentor
1541 912 1611 969 vt
1658 908 2011 970 cuiusmodi
2056 908 2184 969 sint
2234 928 2361 969 non
2401 908 2667 971 videam.

274 1005 516 1067 Verum
542 1025 767 1084 parum
792 1007 987 1085 proba
1011 1026 1187 1068 merx
1215 1026 1402 1085 quam
1430 1007 1587 1068 velis
1609 1007 1950 1082 extrudere,
1981 1008 2101 1068 hoc
2129 1007 2329 1085 magis
2354 1006 2671 1069 laudatore

275 1107 417 1181 eget
453 1123 576 1181 quo
616 1103 832 1165 minus
872 1108 1160 1167 meretur.
1247 1105 1331 1167 Et
1369 1125 1487 1167 nos
1528 1105 1652 1167 isto
1686 1105 1809 1166 tibi
1845 1105 2100 1167 nomine
2137 1124 2267 1166 non
2298 1104 2487 1183 paulo
2530 1105 2673 1184 plus

275 1200 657 1276 debebimus,
698 1202 754 1262 si
794 1206 978 1263 tuum
1026 1203 1394 1282 suffragium
1435 1223 1564 1265 non
1603 1207 1716 1265 tuo
1760 1203 2008 1279 iudicio,
2048 1204 2154 1264 sed
2199 1223 2386 1264 omne
2426 1208 2672 1265 nostrae

274 1299 750 1361 beneuolentiae
779 1301 1282 1363 accommodatis,
1366 1301 1463 1363 Ne
1491 1301 1692 1363 dicam
1726 1301 1982 1363 interim
2010 1302 2173 1382 quod
2211 1322 2325 1363 nec
2358 1302 2670 1380 integrum
2696 1321 2762 1372 40

273 1396 395 1457 tibi
436 1398 745 1475 reliquisti
785 1418 917 1461 non
951 1399 1207 1461 laudare
1244 1419 1444 1479 nugas
1482 1419 1668 1475 meas,
1705 1399 1935 1478 quibus
1976 1400 2106 1461 iam
2141 1400 2337 1461 semel
2373 1399 2672 1478 asscripto

273 1494 571 1573 epistolae
606 1500 752 1558 tuae
790 1497 992 1576 elogio
1029 1497 1194 1558 nihil
1230 1518 1358 1559 non
1393 1497 1674 1559 tribuisti
1699 1520 1715 1574 3
1762 1503 1831 1558 vt
1867 1499 2238 1559 alterutrum
2276 1498 2401 1559 iam
2433 1497 2553 1558 tibi
2587 1497 2673 1559 sit

272 1613 541 1669 necesse,
591 1599 699 1656 aut
754 1595 896 1657 illas
943 1600 1300 1658 constanter
1346 1596 1596 1658 laudare
1649 1600 1761 1657 aut
1806 1599 1870 1656 te
1925 1595 2341 1658 inconstantis
2392 1595 2674 1658 hominis

271 1696 495 1753 notam
522 1692 852 1755 incurrere.
943 1694 1228 1772 Denique
1253 1715 1291 1757 a
1315 1694 1502 1756 nobis
1523 1694 1705 1755 enixe
1732 1693 1984 1755 dabitur
2005 1713 2193 1772 opera
2217 1697 2289 1754 vt
2314 1693 2477 1755 illud
2503 1692 2671 1756 idem

268 1789 482 1868 prima
521 1811 716 1853 manu
760 1793 1182 1854 deformatum
1234 1813 1391 1872 opus
1437 1812 1565 1853 non
1607 1792 1899 1854 elimetur
1941 1793 2144 1867 modo,
2194 1811 2413 1852 verum
2456 1790 2670 1853 incudi
2695 1809 2757 1859 45

272 1888 592 1950 redditum
626 1894 833 1950 totum
875 1895 1183 1968 quantum
1225 1896 1319 1952 e&
1357 1891 1754 1969 diffingatur;
1795 1910 1986 1968 eaque
2022 1891 2278 1952 demum
2310 1889 2465 1952 facie
2492 1894 2672 1951 exeat

271 1989 343 2047 vt
391 2006 593 2064 neque
635 1991 701 2050 te
742 1988 1088 2050 testimonii
1130 1989 1228 2050 tui
1276 1988 1602 2067 poeniteat,
1655 2009 1853 2066 neque
1888 1988 2059 2049 illud
2108 1992 2250 2049 tuae
2296 1988 2672 2064 laudationis

267 2087 575 2161 tanquam
601 2105 828 2163 parum
853 2087 1286 2148 conuenientia
1309 2086 1674 2165 suppudeat.
1746 2087 1884 2162 Qua
1909 2086 2161 2165 quidem
2182 2086 2251 2147 in
2278 2106 2344 2147 re
2371 2087 2672 2149 Faustum

270 2201 404 2243 non
426 2184 613 2244 modo
629 2204 947 2245 censorem
964 2184 1837 2262 adhibebimus,verumetiam
1853 2184 2280 2246 architectum.
2324 2186 2496 2246 Bene
2510 2186 2666 2247 vale.

352 2280 670 2342 Postridie
698 2282 939 2344 Natalis
963 2283 1144 2345 diuae
1173 2283 1512 2345 Elisabeth.
1598 2283 1905 2345 Aureliae.
1988 2279 2201 2364 [Anno
2228 2281 2664 2364 meccedem}
2697 2299 2761 2351 50

1043 2490 1184 2554 135.
1278 2489 1374 2554 To
1419 2488 1654 2554 JAMES
1700 2489 1915 2555 BA'r‘r.

346 2588 596 2660 Farrago
622 2609 677 2661 p.
706 2592 825 2659 287.
2185 2590 2440 2648 Orleans.

346 2677 410 2732 F.
437 2697 493 2748 p.
518 2695 655 2746 400:
697 2678 835 2734 HN:
874 2679 1050 2735 Lond.
1077 2679 1153 2735 ix.
1181 2696 1279 2751 33:
1319 2679 1429 2735 LB.
1460 2695 1543 2748 74.
2028 2677 2374 2751 (November
2405 2679 2594 2751 1500.)

341 2798 709 2863 [Subsequent
731 2803 788 2849 to
810 2801 908 2864 Ep.
936 2815 1045 2863 133,
1072 2803 1293 2852 because
1314 2802 1410 2851 the
1433 2802 1646 2863 quarrel
1669 2802 1809 2851 with
1832 2801 2137 2864 Augustino
2162 2801 2209 2849 is
2231 2815 2371 2850 over.
2439 2800 2593 2851 Prior
2614 2804 2669 2851 to

271 2864 375 2926 Ep.
404 2879 513 2927 137,
541 2867 766 2916 because
781 2866 840 2916 of
857 2867 1057 2932 Louia]

976 3016 1291 3065 ERAsts
1336 3016 1586 3066 IACOBO
1632 3017 1756 3064 SVO
1801 3017 1854 3064 S.
1903 3016 1967 3062 D.

357 3136 527 3197 Boiu
553 3136 842 3197 consules
874 3157 987 3216 pro
1013 3138 1206 3200 veteri
1230 3142 1343 3199 tua
1367 3138 1776 3212 humanitate,
1809 3138 1974 3215 quod
2011 3156 2189 3199 secus
2224 3140 2411 3215 atque
2446 3140 2670 3198 statue·

273 3254 506 3302 ramus,
530 3235 633 3294 hic
661 3255 1112 3313 permanemus,
1139 3256 1267 3298 non
1296 3239 1529 3298 temere
1558 3239 1798 3298 mutato
1819 3235 2097 3297 consilio.
2172 3234 2336 3295 Nam
2363 3234 2671 3314 principio

273 3333 441 3394 nihil
459 3337 591 3394 erat
608 3332 834 3408 viatici,
860 3334 986 3395 nisi
1007 3335 1171 3412 quod
1193 3338 1488 3396 mutuum
1507 3333 1918 3412 sumpsissem
1941 3356 1956 3409 ;
1996 3333 2222 3395 deinde
2246 3334 2374 3393 iam
2394 3353 2432 3394 a
2449 3333 2670 3394 morbo

273 3430 761 3505 reualueramus,
799 3435 938 3492 tum
978 3433 1259 3511 hyberno
1300 3432 1524 3494 itinere
1566 3432 1860 3494 nonnihil
1904 3432 2194 3508 terrebar,
2235 3431 2508 3492 maxime
2550 3431 2669 3492 hoc

270 3549 440 3590 anno
466 3534 530 3590 et
558 3529 834 3591 multum
861 3533 923 3590 et
956 3530 1289 3593 infeliciter
1315 3530 1759 3610 peregrinatus.
1844 3530 1928 3591 Et
1964 3529 2172 3608 pestis,
2203 3532 2276 3590 vt
2311 3529 2512 3604 audio,
2543 3528 2668 3591 iam
2697 3546 2727 3597 5

273 3628 724 3705 propemodum
768 3628 1022 3706 sopitur.
1110 3629 1293 3690 Adde
1327 3629 1452 3689 huc
1488 3628 1824 3690 hominum
1856 3628 2370 3690 maleuolentium
2406 3627 2665 3704 fabulas,

273 3726 326 3787 si
383 3724 621 3786 totiens
675 3725 834 3786 istuc
889 3746 1284 3788 recurrerem.
1372 3728 1699 3788 Postremo
1746 3725 2011 3787 Iacobus
2056 3726 2161 3787 hic
2214 3727 2311 3787 tui
2359 3747 2485 3788 non
2533 3729 2666 3787 tam

273 3823 532 3885 nomine
582 3842 770 3900 quam
819 3824 1033 3886 animo
1088 3825 1316 3886 similis
1370 3845 1442 3887 ea
1495 3824 1797 3886 charitate
1850 3845 1950 3887 me
1993 3823 2443 3903 complectitur,
2494 3827 2567 3886 vt
2612 3824 2667 3885 si

271 3925 662 3983 caeterorum
717 3919 876 3982 nihil
923 3927 1101 3999 esset,
1157 3924 1272 3985 hac
1319 3943 1444 3984 vna
1488 3942 1737 4002 possem
1784 3923 2080 4001 compede
2125 3922 2367 3984 vinciri.
2452 3922 2669 3984 Abbas

269 4040 457 4099 porro
506 4020 660 4081 adeo
708 4040 809 4080 me
853 4020 1084 4082 inuitat
1123 4026 1194 4082 vt
1232 4042 1421 4100 prope
1460 4021 1654 4083 etiam
1699 4040 1779 4081 ne
1821 4021 2073 4081 veniam
2121 4020 2440 4082 deterreat.
2547 4021 2668 4096 Qui
2697 4038 2758 4076 10

271 4118 325 4180 si
361 4118 636 4179 maxime
677 4138 795 4179 nos
833 4124 1017 4195 amet,
1054 4119 1217 4180 haud
1252 4120 1442 4181 etiam
1480 4120 1610 4181 scio
1642 4138 1831 4198 quam
1871 4119 1940 4180 in
1979 4122 2219 4197 partem
2261 4119 2345 4180 sit
2381 4122 2667 4180 nostrum

335 4281 417 4327 so.
449 4265 615 4380 {lgna}
634 4269 716 4314 E:
748 4264 864 4314 diui
888 4269 953 4316 N.
1117 4271 1192 4318 F:
1226 4280 1601 4318 1.n.oooc.xcxx
1623 4270 1682 4315 Ε.
1919 4267 2032 4318 135.
2054 4265 2162 4315 Trr.
2196 4279 2291 4315 svo
2311 4270 2383 4315 E:
2418 4279 2577 4314 urm
2597 4268 2665 4315 Β.

271 4346 316 4393 3.
355 4346 449 4380 mu
515 4346 547 4380 o
611 4367 624 4380 .

334 4481 418 4530 33.
451 4467 689 4532 Adagia]
714 4471 924 4526 Famam
938 4465 1075 4515 adds
1093 4466 1224 4514 bere
1245 4467 1304 4513 in
1328 4466 1424 4515 the
1591 4466 1700 4515 135.
1715 4480 1763 4527 9.
1802 4463 2007 4528 Abbas]
2038 4462 2169 4513 Thio
2194 4462 2454 4528 probably
2474 4475 2665 4511 means

271 4535 500 4596 margin,
522 4537 824 4593 Adaqiorum
843 4535 1013 4580 coditio
1027 4537 1218 4593 primm
1252 4532 1422 4581 below
1522 4532 1645 4580 that
1669 4530 1922 4579 Erasmm
1947 4530 2057 4579 had
2086 4528 2331 4578 received
2356 4543 2427 4577 no
2455 4541 2665 4577 answer

270 4601 483 4662 against
508 4599 544 4648 l.
559 4614 622 4659 47
640 4600 685 4648 it
701 4597 852 4658 adds,
873 4601 1102 4645 &iliades
1113 4601 1421 4658 Adaqiomm.
1523 4598 1580 4644 to
1597 4597 1692 4646 the
1709 4597 1870 4645 letter
1887 4596 2200 4645 mentioned
2221 4597 2280 4645 in
2298 4594 2395 4656 Ep.
2414 4607 2522 4655 130.
2545 4605 2662 4653 1053

333 4679 414 4726 37.
449 4663 627 4728 merx]
664 4663 798 4713 Hor.
824 4667 914 4722 Ep.
938 4679 984 4714 2.
1012 4679 1057 4712 ο.
1087 4676 1160 4713 11.
1525 4663 1622 4712 but
1644 4662 1714 4712 cf.
1737 4661 1833 4724 Ep.
1866 4675 1971 4723 137·
1999 4675 2077 4722 75.

369 4764 530 4796 Aahx!
1441 4765 1486 4808 Υ
