3355 5380
254 357 439 441 1540]

651 360 997 423 BEATUS
1052 361 1528 424 RHENANUS
1581 362 1690 425 ΤΟ
1747 361 2142 425 CHARLES
2188 362 2249 425 V
2576 369 2653 427 63

247 517 324 581 ad
350 518 849 579 sacerdotiorum
875 516 1275 580 collationem
1302 519 1652 596 confugere,
1672 519 1750 581 ad
1768 539 1923 598 quae
1943 519 2303 597 accipienda
2322 522 2657 583 sectatores

249 615 730 693 disciplinarum
767 615 919 694 cogi,
950 618 1023 677 vt
1050 616 1257 677 ocium
1298 616 1652 679 literarium
1690 616 1856 677 tueri
1896 620 2145 694 queant.

250 714 632 775 Montioium
647 714 1051 791 inscriptione
1067 713 1555 777 Prouerbiorum
1569 713 1945 791 honestauit,
1958 717 2022 775 et
2031 714 2336 778 Ioannem
2353 717 2655 791 Coletum‚

250 833 443 874 nouae
469 813 732 874 scholae
758 812 1031 874 Londini
1070 812 1515 888 institutorem,
1544 812 1726 874 libris
1751 812 1978 890 Copiae
2014 812 2296 890 duplicia,
2325 812 2663 877 verborum

249 916 307 972 et
334 931 569 987 rerum,
605 911 687 972 ad
717 931 908 989 quem
933 910 1158 972 ludens
1197 910 1534 989 aliquando
1562 909 1726 972 dixit
1752 930 1820 971 se
1848 930 2186 988 pauperem
2213 911 2398 988 plane
2423 913 2662 974 factum

250 1012 475 1073 emissa
544 1012 818 1087 Vtraque
872 1008 1102 1087 Gopia3
1169 1008 1262 1072 ita
1325 1008 1937 1087 praestantissimum
1996 1007 2422 1070 Mecoenatem
2474 1028 2662 1071 suum

251 1109 675 1171 Guilielmum
724 1108 1116 1169 Vuaramum
1171 1107 1596 1186 recognitione
1643 1106 2294 1183 Hieronymianarum
2336 1108 2663 1186 praecipue
2691 1122 2784 1174 245

249 1207 768 1269 lucubrationum
793 1204 1256 1267 immortalitati
1284 1224 1637 1267 consecrare
1662 1203 1904 1266 statuit.

327 1308 506 1385 Opus
524 1305 934 1383 Adagiorum,
959 1303 1199 1365 Aldum
1226 1303 1589 1377 aemulatus,
1613 1301 2045 1380 flagitantibus
2072 1303 2368 1364 studiosis
2393 1302 2665 1365 Ioannes

250 1404 605 1465 Frobenius
678 1404 849 1479 typis
914 1401 1047 1463 suis
1112 1420 1242 1464 non
1311 1401 1645 1463 infeliciter
1715 1400 2084 1474 excuderat3
2166 1422 2288 1479 qua
2353 1401 2666 1462 arridente

251 1501 584 1574 seditione,
635 1499 831 1561 simul
877 1498 1155 1560 officinae
1211 1498 1631 1579 diligentioris
1673 1497 2033 1560 celebritate
2081 1503 2292 1562 motus
2346 1500 2663 1577 Erasmus,

251 1619 450 1678 quum
518 1599 795 1659 alterum
861 1597 1346 1661 Prouerbiorum
1415 1596 1728 1675 exemplar
1795 1617 1939 1660 cum
2011 1599 2357 1659 accessione
2421 1598 2666 1677 pridem
2693 1613 2791 1665 ²50

252 1698 452 1759 Badio
490 1696 873 1774 promissum
914 1698 978 1757 et
1014 1696 1412 1772 destinatum,
1446 1695 1758 1758 adiunctis
1796 1694 2035 1773 aliquot
2073 1695 2399 1757 Plutarchi
2436 1696 2669 1758 libellis

251 1797 536 1859 recenter
594 1794 810 1868 versis,
872 1794 1182 1856 Francisci
1235 1794 1603 1856 Pircmanni
1666 1793 1926 1854 consilio
1978 1793 2291 1856 Basileam
2350 1793 2669 1855 aberrasse

254 1893 667 1971 cognouisset,
741 1895 805 1952 et
875 1891 1006 1952 illic
1073 1911 1295 1955 omnes
1362 1891 1495 1953 diui
1563 1890 1943 1969 Hieronymi
2016 1890 2481 1954 lucubrationes
2550 1892 2669 1954 sub

252 1990 669 2053 Frobenianis
711 1990 940 2068 praelis
979 2010 1129 2066 esse,
1170 1990 1306 2068 ipse
1354 2009 1599 2068 quoque
1645 1990 1865 2050 eodem
1911 2008 1980 2049 se
2026 1990 2311 2067 contulit,
2365 1989 2669 2052 simulans

252 2090 379 2150 iter
446 2088 526 2151 ad
595 2088 834 2150 Vrbem
901 2089 1033 2150 voti
1085 2087 1370 2150 soluendi
1422 2088 1638 2166 gratia.
1729 2087 1859 2149 Neo
1911 2086 2113 2148 fuerat
2164 2107 2366 2150 vanus
2433 2108 2667 2150 rumor.
2695 2099 2793 2152 ²5⁵

253 2187 518 2249 Pridem
557 2187 735 2247 enim
782 2184 1053 2247 Ioannes
1090 2186 1548 2248 Amerbachius
1594 2185 1899 2247 absolutis
1939 2185 2264 2247 Ambrosii
2304 2187 2669 2265 Augustini·

255 2304 381 2363 que
449 2284 633 2345 libris
696 2287 905 2345 totum
964 2304 1030 2345 se
1086 2286 1550 2363 comparauerat
1607 2283 1685 2345 ad
1743 2283 2212 2363 castigationem
2265 2285 2670 2348 voluminum

256 2382 659 2459 Hieronymi,
714 2382 990 2460 Vndique
1042 2382 1408 2461 conquisitis
1461 2381 1731 2444 vetustis
1800 2381 2276 2461 exemplaribus,
2339 2387 2405 2444 et
2473 2384 2671 2446 doctis

256 2481 418 2545 viris
449 2481 777 2542 conductis
802 2480 912 2558 qui
940 2481 1202 2541 Graecas
1228 2480 1528 2541 dictiones
1554 2480 1793 2558 passim
1819 2480 2219 2542 restituerent
2243 2503 2260 2555 ;
2303 2480 2381 2541 de
2407 2500 2670 2558 quorum

257 2599 523 2641 numero
559 2579 683 2640 fuit
719 2579 990 2639 Ioannes
1025 2577 1413 2639 Reuchlinus
1451 2577 1929 2652 iureconsultus,
1962 2578 2070 2657 qui
2111 2599 2147 2638 e
2187 2578 2406 2639 lexicis
2443 2598 2669 2639 vacuas
2699 2574 2795 2626 ²⁶0

256 2677 515 2740 lacunas
553 2676 794 2755 replere
836 2675 1172 2738 conabatur
1199 2698 1215 2751 ;
1270 2677 1372 2737 cui
1411 2676 1709 2740 successit
1747 2676 1984 2738 felicior
2033 2677 2364 2756 castigator
2403 2675 2671 2738 Ioannes

260 2777 434 2838 Cone
498 2774 1055 2853 Nor-imbergensis,
1112 2774 1392 2836 instituti
1460 2773 1877 2850 Dominicani,
1936 2775 2043 2853 qui
2109 2775 2435 2837 meliorem
2501 2774 2673 2838 viam

260 2878 578 2952 sequutus,
624 2894 659 2935 e
698 2873 981 2951 vestigiis
1019 2872 1422 2951 antiquorum
1464 2874 1746 2935 codicum
1792 2892 1879 2947 ea,
1923 2892 2078 2952 quae
2125 2872 2227 2934 vel
2276 2872 2531 2932 deerant
2570 2870 2672 2932 vel

263 2977 441 3034 ermt
502 2972 856 3049 deprauata,
904 2971 1235 3049 diligenter
1287 2970 1638 3049 reponebat.
1744 2970 1942 3050 quue
1995 2973 2242 3050 poterat
2296 2968 2487 3031 homo
2542 2987 2676 3047 pro·

261 3071 601 3151 pemodum
632 3071 863 3131 Graece
890 3089 1079 3148 quam
1104 3068 1331 3131 Latine
1367 3069 1621 3145 doctior,
1655 3073 1939 3131 versatus
1975 3069 2280 3130 nimirum
2314 3069 2386 3129 in
2417 3066 2674 3147 optimis
2701 3059 2797 3126 2⁶5

260 3169 607 3246 autoribus,
657 3169 892 3247 aliquot
941 3169 1123 3230 annis
1164 3166 1830 3230 excellentissimorum
1883 3168 1953 3231 in
2009 3167 2199 3229 Italia
2255 3166 2672 3246 professorum

260 3268 508 3331 Husuri
576 3271 640 3328 et
710 3266 1035 3345 Scipionis,
1111 3286 1378 3346 quorum
1445 3270 1594 3328 ante
1661 3266 2086 3342 meminimus,
2159 3267 2346 3344 atque
2413 3263 2674 3326 Ioannis

261 3366 587 3430 Cretensis
641 3365 906 3426 minime
963 3365 1379 3443 poenitendus
1431 3363 1694 3427 auditor.
1808 3365 1895 3426 Et
1947 3365 2078 3425 iam
2132 3363 2426 3425 defuncto
2476 3365 2669 3443 patre,

262 3465 485 3526 Bruno
551 3466 619 3524 et
685 3462 964 3523 Basilius
1027 3462 1146 3524 filii
1212 3480 1338 3524 vna
1404 3482 1549 3523 cum
1618 3461 1859 3523 Ioanne
1917 3461 2227 3524 Frobenio
2294 3460 2675 3539 Hieronymi

261 3561 781 3624 informationem
807 3560 1082 3638 aggressi
1109 3562 1302 3636 erant,
1335 3563 1400 3622 et
1430 3561 1502 3621 in
1529 3559 1866 3637 Prophetis
1891 3559 2101 3639 aliquo
2127 3579 2320 3638 vsque
2346 3559 2667 3637 progressi.
2702 3562 2801 3618 ²70
2880 3568 2888 3578 “

263 3659 533 3720 Erasmo
581 3678 747 3720 nouo
792 3656 1030 3736 hospiti
1071 3657 1287 3720 statim
1332 3659 1404 3719 in
1445 3658 1627 3721 aedes
1673 3657 2094 3720 Frobenianas
2145 3659 2392 3737 recepto
2437 3656 2674 3735 placuit

264 3757 605 3819 aedItionis
650 3757 833 3833 nitor,
878 3756 984 3818 sed
1039 3755 1332 3835 inprimis
1376 3755 1761 3818 incredibilis
1806 3755 2076 3817 fratrum
2115 3754 2675 3817 Amerbachiorum

264 3855 335 3915 in
363 3853 729 3932 castigando
754 3853 1088 3934 sedulaque
1114 3853 1455 3932 diligentia.
1532 3854 1681 3934 Ipse
1709 3873 1854 3933 ergo
1880 3853 2183 3932 siquando
2214 3851 2669 3929 consulebatur,

336 4018 453 4066 2⁶0.
493 4016 635 4067 Beue
610 4017 888 4082 chlinus]1
868 4017 1073 4082 inJuly
1089 4019 1200 4069 and
1215 4020 1424 4082 August

274 4033 1424 4213 15ἒ8.8ῐ8ἒξ81“;]3881ῗ1ῗῐῖ11ἔ8ωᾞ1ἐ3ἑ·

270 4213 537 4276 ropoulos,
573 4228 608 4262 a
638 4215 825 4262 native
858 4215 919 4264 of
937 4215 1107 4279 Crete,
1138 4214 1322 4265 where
1352 4216 1424 4263 he

271 4278 1141 4342 wnapupilofAristobulusA
1295 4281 1422 4342 li,us

272 4341 591 4395 afterwards
622 4345 766 4408 Abp.
797 4345 857 4394 of
882 4345 1262 4397 Monembasia.
1336 4346 1425 4395 He

274 4423 423 4458 came
446 4412 505 4459 to
525 4411 675 4473 Italy
698 4425 759 4459 as
788 4425 821 4459 a
850 4412 1058 4474 copyist
1088 4411 1198 4460 and
1227 4410 1426 4461 settled

275 4477 331 4523 at
345 4475 561 4526 Venice.
621 4475 1022 4537 Gardthausen,
1042 4481 1217 4529 (iv-ioca.
1234 4481 1426 4527 Palaeo-

274 4545 481 4605 orephic,
505 4556 597 4605 pp.
621 4542 739 4603 326,
767 4555 813 4605 7,
838 4542 986 4604 gives
1018 4542 1209 4606 along
1241 4542 1340 4593 list
1372 4541 1434 4590 of

278 4604 426 4656 183.
447 4608 637 4670 copied
663 4608 736 4669 by
757 4577 878 4656 him
902 4607 1142 4657 between
1170 4622 1294 4669 1447
1316 4607 1427 4657 and

282 4683 422 4735 1580,
468 4673 581 4722 and
626 4672 849 4723 Horelli
894 4675 1166 4725 mentions
1219 4688 1324 4724 one
1374 4673 1434 4723 of

1522 4151 1779 4213 printers‚

1526 4032 1668 4080 1514.
1770 4017 1859 4068 He
1914 4032 2026 4066 was
2085 4032 2119 4066 a
2179 4016 2321 4067 close
2381 4015 2564 4066 friend
2619 4017 2681 4066 of

1525 4084 1798 4148 Musurus,
1823 4082 1934 4132 and
1954 4082 2172 4132 worked
2192 4082 2334 4132 with
2356 4082 2453 4131 the
2474 4082 2673 4132 Cretan

1855 4148 1971 4199 Nic.
2045 4148 2266 4198 Blastus
2332 4147 2443 4198 and
2513 4147 2672 4198 zach.

1524 4214 1677 4264 Kalli
1657 4228 1843 4278 181388,
1890 4217 1948 4263 to
1992 4214 2173 4263 whose
2223 4213 2433 4262 edition
2478 4212 2540 4261 of
2580 4212 2675 4262 the

1524 4284 1865 4340 Etymolomoon
1911 4282 2155 4342 lisanum,
2200 4280 2418 4342 Venice,
2466 4279 2499 4326 8
2541 4278 2676 4341 July

1530 4360 1673 4409 1499,
1714 4345 1786 4394 he
1829 4344 2174 4395 contributed
2220 4358 2410 4394 verses.
2493 4343 2675 4393 After-

1526 4410 1708 4460 wards
1745 4410 1816 4460 he
1849 4410 2038 4472 joined
2073 4409 2247 4460 Aldus
2285 4410 2395 4459 and
2429 4423 2540 4459 was
2571 4423 2675 4458 one

1528 4477 1588 4526 of
1604 4478 1701 4526 the
1721 4475 1874 4527 chief
1890 4475 2147 4526 founders
2168 4476 2228 4525 of
2245 4475 2341 4525 the
2361 4475 2671 4524 Academia.

1528 4542 1629 4592 See
1682 4542 1929 4605 Legrand
1977 4542 2134 4607 (ινδ),
2182 4542 2242 4603 11,
2289 4541 2472 4590 where
2524 4552 2677 4587 some

1527 4607 1716 4657 letters
1732 4611 1790 4657 to
1804 4608 1923 4658 him
1938 4605 2288 4670 areprinted·
2318 4605 2428 4655 and
2445 4603 2674 4666 Morelli,

1527 4677 1645 4724 Aldi
1665 4677 1762 4723 tria
1784 4679 1974 4736 mapa,
2000 4687 2089 4736 pp·
2112 4686 2256 4735 50-3·

2231 618 2558 680 Caeterum
2584 623 2657 682 vt
2689 637 2787 687 240
