3355 5380
677 363 795 428 384
1369 355 1758 428 amnas
1809 361 1919 426 oF
1971 359 2372 426 Erasmus
2882 353 3081 444 [1503

673 519 999 585 honestior
1040 522 1294 585 admitti
1335 522 1731 601 reprehensio
1777 541 1969 599 quam
2001 521 2056 581 si
2102 520 2329 581 dicaris
2367 518 2632 581 vtilibus
2677 518 3078 596 superfluere.

586 645 645 699 75
671 622 788 684 Est
815 622 990 682 enim
1025 621 1148 682 ista
1177 620 1418 698 ingenii
1454 619 1760 681 foeliciter
1803 619 2183 680 luxuriantis
2217 619 2356 680 laus
2395 618 2607 695 potius
2644 635 2834 695 quam
2873 616 3079 695 culpa.

673 720 870 781 Porro
898 719 1030 780 stili
1069 719 1499 783 humilitatem
1540 721 1793 779 tantum
1828 718 2006 782 abest
2036 720 2111 780 vt
2151 715 2620 796 reprehendam,
2661 717 2736 777 vt
2773 714 2936 775 illud
2977 713 3084 776 vel

669 818 1000 897 praecipua
1024 817 1207 879 laude
1248 817 1512 894 dignum
1549 818 1793 892 ducam,
1824 815 1991 895 quod
2031 816 2330 877 orationis
2368 814 2671 894 phaleras,
2712 832 2864 893 quas
2900 834 3083 892 argu·

671 914 873 977 menti
913 919 1137 978 natura
1172 913 1517 993 respuebat,
1564 933 1646 975 ne
1682 913 2068 976 affectaueris
2107 914 2379 993 quidem,
2412 933 2493 974 ne
2530 912 2718 991 plane
2755 911 2937 973 fieret
2974 911 3079 973 vel

671 1014 829 1076 illud
870 1016 938 1075 τὸ
967 1019 1025 1074 ἐν
1051 1015 1212 1092 φακῇ
1234 1015 1427 1091 μύρον,
1457 1012 1560 1073 vel
1588 1011 1747 1074 illud
1774 1013 2011 1089 πίθηκος
2051 1018 2109 1072 ἐν
2130 1014 2417 1091 πορφύρᾳ,

584 1127 648 1177 80
753 1112 875 1173 Sed
904 1110 1050 1191 quid
1077 1131 1192 1190 ego
1218 1112 1371 1172 haec
1396 1130 1517 1190 que
1544 1113 1614 1172 tu
1647 1130 1776 1171 non
1805 1130 1931 1172 vno
1957 1109 2093 1176 loco
2119 1112 2253 1171 tam
2281 1108 2446 1171 belle
2474 1108 2758 1170 defendis
2776 1111 2812 1170 ¹?
2892 1108 3079 1170 Vide·

671 1210 836 1272 beris
871 1211 1066 1290 igitur
1106 1229 1242 1271 rem
1285 1209 1610 1288 indignam
1651 1207 1865 1284 facere,
1904 1210 1962 1269 si
2004 1228 2165 1288 opus
2204 1208 2495 1270 omnibus
2537 1207 2827 1269 omnium
2867 1208 3077 1269 erudi-

577 1337 580 1342 ·
668 1311 886 1368 torum
941 1306 1196 1369 calculis
1236 1307 1580 1382 laudatum,
1630 1309 1703 1367 vt
1758 1307 2025 1385 dignum
2071 1307 2270 1368 oculis
2312 1311 2500 1385 atque
2546 1305 2801 1369 auribus
2842 1307 3080 1368 studio·

667 1425 902 1480 sorum,
965 1406 1227 1484 dignum
1297 1405 1448 1482 luce,
1522 1405 1790 1484 dignum
1858 1406 2236 1483 posteritate,
2307 1404 2571 1484 dignum
2641 1403 2911 1483 denique
2973 1406 3077 1468 vel

667 1504 1040 1565 charissima
1081 1503 1202 1565 tibi
1245 1502 1561 1565 Praesulis
1601 1503 1907 1564 memoria
1944 1503 2048 1564 vel
2087 1505 2225 1580 ipso
2266 1503 2482 1564 decore
2523 1504 2851 1566 Caesareae
2892 1505 3080 1566 maie·

580 1614 642 1676 85
668 1604 852 1664 statis
876 1621 1127 1680 premas
1153 1606 1340 1680 atque
1370 1603 1707 1678 oblitteres,
1737 1602 2064 1681 presertim
2104 1603 2174 1663 in
2214 1622 2340 1680 quo
2381 1605 2634 1663 tantum
2673 1602 2796 1664 olei
2834 1622 3079 1681 operae-

662 1722 786 1780 que
837 1702 1309 1779 consumpseris.
1425 1703 1564 1780 Age
1623 1701 1750 1761 iam
1806 1703 1905 1762 sat
1960 1720 2271 1779 superque
2335 1700 2745 1762 verecundiae
2814 1701 3077 1777 datum,

668 1799 908 1878 reliqua
943 1799 1049 1861 vel
1088 1798 1431 1861 amicorum
1460 1799 1640 1875 votis,
1677 1798 1781 1860 vel
1828 1798 2152 1860 doctorum
2197 1798 2459 1873 iudiciis,
2506 1798 2612 1860 vel
2656 1802 3078 1861 amantissimi

667 1897 990 1959 Praesulis
1028 1897 1340 1958 voluntati
1379 1897 1620 1976 larg-ire,
1668 1916 1867 1976 neque
1901 1897 2066 1975 quod
2113 1896 2358 1957 viuenti
2374 1935 2377 1940 -
2393 1898 2781 1971 consecrasti,
2825 1902 3077 1960 mortuo

662 1996 914 2075 eripias.
1013 1995 1247 2057 Patere
1299 1996 1559 2057 tandem
1605 1994 1727 2057 tibi
1767 1996 1975 2057 excuti
2025 2016 2062 2056 e
2116 1994 2428 2071 manibus,
2487 1999 2666 2056 exeat
2720 1996 2793 2057 in
2846 1996 3071 2072 lucem,

578 2117 643 2168 90
668 2093 925 2171 prodeat
957 2092 1140 2155 bonis
1174 2093 1416 2168 auibus,
1447 2098 1733 2155 versetur
1759 2094 1844 2154 -in
1888 2092 2173 2167 coronis3
2213 2095 2285 2154 vt
2326 2093 2623 2171 quoniam
2664 2093 2784 2155 tibi
2821 2098 3075 2157 tantum

666 2192 966 2267 amicum,-
992 2190 1152 2252 mihi
1180 2192 1534 2254 studiorum
1563 2212 1848 2254 meorum
1882 2192 2298 2253 Moeoenatem
2335 2211 2508 2252 mors
2546 2192 2800 2269 inuidit,
2846 2192 3075 2257 saltem

585 2329 586 2334 κ
667 2290 810 2351 hoc.
858 2289 1082 2352 solatio
1142 2290 1517 2353 desiderium
1596 2294 1887 2352 nostrum
1954 2290 2283 2351 leniamus.
2413 2289 2575 2350 Mihi
2641 2291 2734 2351 sic
2799 2294 3073 2372 presagit

663 2388 932 2465 animus,
964 2408 1099 2449 rem
1126 2389 1314 2450 istam
1342 2389 1462 2450 tibi
1488 2388 1738 2467 gloriae,
1769 2388 2066 2451 studiosis
2097 2389 2258 2465 vsui,
2288 2388 2407 2449 toti
2444 2390 2819 2451 Germaniae
2857 2391 3078 2471 volup-

661 2487 779 2548 tati
806 2490 993 2564 atque
1019 2489 1387 2548 ornamento
1409 2487 1709 2550 futuram.

576 2609 639 2661 95
671 2619 672 2622 κ
711 2621 714 2622 ⁷
749 2585 971 2647 Finem
1000 2585 1220 2646 faciam
1248 2585 1305 2645 si
1332 2586 1509 2664 prius
1546 2585 1667 2648 hoc
1694 2606 1896 2648 vnum
1923 2605 2241 2660 monuero,
2274 2604 2413 2646 eam
2440 2585 2786 2663 epistolam,
2809 2587 3072 2665 quicum

667 2684 788 2749 tibi
836 2687 1120 2764 suscepta
1159 2687 1264 2747 est
1306 2685 1642 2763 dimicatio,
1697 2684 2005 2748 Leonardi
2046 2684 2300 2746 Aretini
2339 2681 2501 2746 falso
2543 2684 2836 2762 inscribi3
2876 2707 3073 2766 quam

667 2785 920 2863 'quidem
958 2785 1038 2846 ab
1084 2785 1207 2846 alio
1242 2786 1512 2864 quodam
1566 2786 1831 2847 Aretino
1886 2785 2225 2863 profectam
2277 2803 2426 2862 esse,
2482 2804 2634 2863 qum
2687 2784 2840 2847 libri
2896 2789 3078 2851 casti·

668 2884 949 2963 gatiores,
1005 2887 1144 2945 tum
1187 2885 1374 2946 stilus
1414 2886 1548 2963 ipse
1588 2885 1979 2946 Leonardino
2018 2883 2204 2962 longe
2258 2882 2721 2946 dissimillimus
2759 2885 2943 2948 facile
2985 2888 3077 2949 in-

662 2982 834 3043 ·dicat
859 3005 875 3057 3
914 3002 1135 3044 verum
1163 3003 1506 3062 cognomen
1533 2982 1839 3044 ambobus
1856 3001 2191 3044 commune
2218 2983 2428 3044 locum
2444 2982 2592 3044 fecit
2615 2984 2831 3046 errori.
2893 2986 3069 3061 Vale,

546 3104 640 3141 100
668 3080 944 3141 multum
982 3081 1361 3143 obseruando
1404 3081 1656 3143 domine
1706 3084 1771 3141 et
1813 3080 2011 3142 amice
2055 3080 2407 3159 singularis,
2442 3099 2678 3159 nosque
2709 3080 2807 3142 tui
2842 3082 3075 3147 studio·

669 3178 950 3240 sissimos
986 3184 1206 3240 mutuo
1233 3179 1436 3258 dilige.
1522 3179 1605 3239 In
1628 3177 1831 3239 nobili
1856 3179 2345 3240 Louaniensium
2373 3179 2764 3254 Acadaemia,
2795 3181 2996 3243 Anno
3034 3202 3075 3242 a

667 3277 916 3340 Ohristo
944 3280 1107 3339 nato.
1142 3277 1482 3339 Millesimo
1509 3277 2013 3355 quingentedmo
2039 3277 2311 3338 secundo
2337 3276 2560 3338 Idibus
2577 3276 2928 3341 februariis.
3020 3320 3027 3325 ·

1365 3434 1543 3511 174„
1602 3430 1805 3498 Fsou
1848 3414 2081 3497 Jauss
2127 3430 2384 3499 Fiam.

740 3550 1053 3608 Alexandri
1079 3549 1252 3623 Regii
1275 3551 1544 3608 Carmina
1565 3551 1677 3610 Tit.
1702 3558 1782 3611 νο,
1984 3609 1990 3615 ,
2668 3552 2973 3619 Deventer.

2614 3656 2653 3712 9
2675 3642 2711 3699 J
2715 3642 2813 3715 1²15
2842 3658 3001 3716 1⁵03·

709 3702 874 3827 [The
894 3744 1104 3810 prefaoe
1127 3749 1184 3796 to
1200 3750 1464 3798 Amenda·
1479 3753 1623 3830 Ηοφ··
1642 3752 2037 3809 Omanadum-,hae
2059 3752 2344 3809 iampridem
2365 3752 2783 3801 Damam..
2807 3754 3073 3802 ‚ear-una

667 3818 710 3864 ct
727 3817 904 3882 grauia
925 3818 968 3861 et
986 3815 1108 3871 elwa
1111 3816 1182 3859 nt
1163 3828 1214 3860 ια
1235 3830 1339 3861 cum
1363 3819 1520 3864 ceteris
1540 3819 1643 3863 eius
1662 3818 1912 3878 opusculis,
1938 3813 2223 3877 Deventer,
2252 3814 2315 3863 R.
2339 3814 2585 3878 Paffraet,
2607 3830 2673 3878 ²9
2692 3788 2827 3878 Juiy
2856 3831 2878 3864 ι
2884 3832 2999 3879 503.

732 3872 917 3926 Jauies
938 3876 1108 3925 Faber
1129 3892 1191 3926 or
1212 3877 1371 3927 Fabri
1402 3880 1462 3928 of
1486 3879 1755 3929 Deventer
1782 3879 2444 3944 (19Aug.1473-p.1517)
2468 3895 2579 3929 was
2599 3895 2633 3930 a
2653 3881 2807 3945 pupil
2833 3883 2895 3931 of
2910 3884 3073 3933 Alex.

670 3945 879 4007 Hegius
900 3945 958 3991 at
978 3941 1267 4006 Deventer,
1286 3944 1469 3994 where
1491 3945 1559 3993 he
1583 3960 1694 3994 was
1714 3946 2015 3995 somewhat
2032 3944 2172 3995 later
2192 3945 2329 3995 than
2350 3946 2610 3996 Erasmus
2631 3947 2724 4011 (cf.
2748 3946 2785 3996 1.
2816 3949 2925 4013 ιο),
2945 3949 3074 4004 who

669 4008 769 4059 left
792 4011 852 4058 in
875 4008 972 4057 the
988 4022 1231 4057 summer
1247 4009 1307 4057 of
1328 4011 1487 4071 14843
1503 4024 1589 4059 see
1605 4011 1746 4074 App.
1767 4025 1813 4060 a.
1866 4009 2057 4061 Under
2074 4011 2283 4074 Hegius
2304 4011 2414 4060 he
2398 4026 2446 4060 ιε
2468 4011 2585 4061 said
2608 4015 2664 4062 to
2686 4012 2826 4062 have
2850 4014 3071 4063 become

732 4108 817 4168 96.
855 4111 930 4157 E:
969 4105 1299 4155 Iseonardini
1322 4107 1542 4157 Aretini
1562 4125 1631 4157 a:
1663 4108 1945 4159 Leonardo
1964 4109 2196 4159 Aretino
2216 4109 2523 4159 N’.102.
2561 4110 2755 4161 Idibus
2775 4110 3075 4211 februariis

669 4189 739 4223 a:
772 4172 906 4222 Idus
929 4170 1083 4221 Febr.
1109 4171 1256 4220 ΕΝΗ
1276 4188 1291 4222 =
1324 4173 1449 4223 idus
1472 4173 1790 4224 Februarias
1811 4178 1897 4223 Η.
1931 4172 2073 4224 Idus
2084 4174 2362 4225 Februarii
2385 4177 2475 4227 ΝΕ
2685 4214 2691 4223 .

670 4278 1815 4459 3n⁹imzpsssst⁰m¹⁸m³.¹;?3⁰²¹÷¹flz‘ffifgzzqg
1913 4281 2521 4409 ffifffflssssfssvss‘s’
2534 4297 2702 4397 223⁶?
2702 4282 2944 4409 itm
2958 4284 3075 4414 3¹13

672 4413 861 4477 ‘Regis
886 4426 1087 4462 nomen
1110 4412 1286 4461 maius
1315 4426 1429 4461 esse
1450 4425 1612 4473 quam
1644 4410 1812 4461 dicta-
1948 4414 2159 4476 msquis
2196 4413 2304 4462 fuit
2340 4412 2736 4475 (Leornardum
2770 4416 2925 4464 enim
2955 4430 3071 4466 nou

668 4480 817 4541 toris,
876 4477 1156 4528 dictatoris
1211 4479 1394 4527 autem
1447 4478 1815 4565 praestantius
1911 4427 2080 4527 {iisse
2110 4493 2286 4556 nuper
2311 4478 2794 4543 comperi).''1'he
2827 4480 3039 4531 letter
3020 4497 3075 4533 ιι

668 4544 1013 4609 imperatoris
1032 4544 1258 4593 nomine
1278 4540 1480 4593 fuisse’
1910 4542 2169 4599 included
2191 4545 2251 4592 in
2275 4545 2375 4596 the
2398 4559 2524 4605 147⁸
2543 4545 2656 4594 and
2676 4559 2804 4609 ¹4⁹⁵
2824 4546 3077 4600 editions

734 4613 816 4673 96.
853 4610 989 4660 falso
1042 4609 1292 4674 inscribi]
1338 4608 1368 4658 1
1413 4623 1515 4658 can
1570 4607 1688 4658 find
1738 4623 1811 4658 no
1911 4609 1971 4658 of
1990 4609 2236 4659 Aretino'
2239 4624 2265 4658 s
2286 4608 2489 4674 letters,
2505 4609 2616 4660 and
2638 4609 2752 4660 also
2773 4612 2834 4660 in
2856 4613 3077 4663 Rebus·

667 4675 1045 4726 confirmation
1069 4675 1129 4726 of
1143 4674 1259 4726 this
1274 4676 1591 4737 statement,
1626 4674 1810 4724 which
1907 4674 1969 4723 of
1990 4689 2127 4738 174¹·
2253 4704 2257 4709 -
