3355 5380
2003 133 2062 153 V*

281 402 453 488 ¹540]
674 406 1015 469 BEATUS
1068 404 1541 467 RHENANUS
1596 404 1705 465 ΤΟ
1758 403 2155 466 CHARLES
2203 405 2263 466 V
2589 409 2668 466 59

274 585 340 627 ac
388 562 678 626 nondum
729 583 955 624 nauem
1001 562 1317 642 ingressus
1365 561 1762 640 naufragium
1790 561 1950 637 fecit,
1998 562 2158 640 quod
2210 560 2667 640 complusculos

272 660 540 723 aureolos
577 660 753 723 vltra
779 660 1223 740 praescriptum
1263 680 1596 721 numerum
1632 662 1700 720 et
1735 659 1872 719 sine
1911 660 2079 737 regio
2114 659 2456 738 diplomate
2482 660 2667 737 (nihil

268 757 523 838 periculi
566 758 699 819 nisi
742 760 816 820 in
862 759 1227 821 Britannica
1267 761 1521 820 moneta
1561 778 1599 818 a
1642 756 1947 818 Montioio
1991 760 2055 818 et
2098 756 2268 818 More
2310 778 2661 836 persuasus,

267 856 637 935 imprudens
703 855 919 935 legum
986 853 1423 935 Anglicarum)
1483 856 1699 917 efferre
1768 857 2090 917 tentasset.
2203 856 2371 931 Quae
2439 857 2670 918 iniuria
2690 868 2754 931 85

263 960 581 1033 vtcunque
622 955 1012 1016 mussitanda
1035 955 1197 1029 fuit3
1237 974 1352 1015 nec
1385 953 1557 1014 enim
1591 957 1725 1014 erat
1750 953 1955 1013 vllum
1992 952 2341 1013 remedium
2379 952 2668 1016 obstante

259 1052 417 1131 lege.
507 1052 640 1113 Nec
681 1057 899 1114 tamen
939 1053 1057 1114 hoc
1099 1051 1403 1113 damnum
1446 1051 1549 1111 vel
1595 1050 1897 1112 alienauit
1942 1050 2230 1111 animum
2274 1051 2522 1112 Erasmi
2564 1052 2668 1114 vel

263 1150 571 1213 deterruit
604 1170 730 1229 quo
758 1149 973 1211 minus
1008 1150 1079 1210 in
1104 1150 1404 1227 Angliam
1441 1148 1686 1227 saepius
1722 1152 1934 1227 postea
1969 1149 2240 1209 redierit.
2325 1148 2668 1210 Abundare

259 1254 404 1310 tum
458 1252 748 1326 coeperat
798 1269 872 1310 ea
929 1248 1253 1326 prouincia
1304 1246 1461 1308 viris
1524 1246 1923 1322 doctissimis,
1979 1246 2321 1309 Guilielmo
2376 1247 2666 1325 Grocine,

256 1348 512 1408 Thema
554 1346 839 1423 Linacro,
886 1346 1225 1408 Guilielmo
1272 1346 1602 1422 Latimer0,
1647 1344 1757 1423 qui
1812 1344 1881 1404 in
1924 1344 2111 1406 Italia
2163 1343 2360 1405 literis
2415 1363 2667 1423 operam
2693 1372 2759 1424 90

257 1445 588 1521 dederant,
634 1445 954 1523 vtriusque
1006 1445 1254 1523 linguae
1307 1444 1534 1522 peritia
1586 1442 1895 1519 celebres;
1952 1443 2109 1503 item
2151 1443 2389 1503 Ioanne
2432 1444 2664 1521 Celet0,

256 1543 510 1604 Thema
574 1542 768 1618 More,
826 1542 1142 1605 Richardo
1196 1544 1433 1603 Pacaeo
1486 1545 1551 1604 et
1604 1541 1904 1602 Cutberto
1957 1539 2295 1614 Tonstallo,
2351 1561 2391 1601 a
2441 1541 2670 1618 quibus

259 1641 565 1703 omnibus
607 1641 894 1703 certatim
931 1642 1300 1717 amabatur;
1355 1644 1427 1702 vt
1468 1641 1544 1701 de
1584 1639 1888 1717 episcopis
1928 1639 2093 1699 nihil
2135 1639 2354 1715 dicam,
2399 1660 2668 1718 quorum

262 1743 335 1799 vt
362 1740 629 1817 quisque
670 1743 803 1800 erat
835 1739 1160 1801 literarum
1202 1738 1542 1812 callentior,
1572 1738 1664 1800 ita
1701 1737 1902 1816 pluris
1930 1738 2266 1798 Erasmum
2301 1737 2565 1800 faciebat
2603 1742 2669 1799 et

264 1836 604 1914 benignius
646 1837 963 1900 tractabat.
1055 1838 1137 1898 In
1162 1836 1473 1899 academia
1500 1834 2003 1913 cantabrigiensi
2032 1835 2243 1896 docuit
2269 1836 2629 1915 aliquandiu
2653 1859 2669 1913 ;
2692 1858 2755 1911 95

264 1936 434 1996 idem
467 1938 537 1996 et
564 1934 832 1995 Leuanii
857 1936 1021 2011 fecit,
1052 1957 1245 2015 quum
1285 1935 1450 2013 apud
1479 1935 1787 1995 Ioannem
1814 1932 2210 1995 Paludanum
2246 1935 2382 1996 eius
2418 1934 2670 1996 scholae

264 2033 585 2094 rhetorem
634 2032 1065 2096 diuersaretur.
1153 2034 1426 2095 Demum
1472 2051 1803 2110 persuasus
1844 2030 1922 2091 ab
1962 2031 2196 2106 amicis,
2243 2053 2366 2110 quo
2414 2032 2670 2094 tandem

268 2129 525 2191 Italiam
549 2130 814 2205 videret,
837 2133 1013 2193 cuius
1040 2132 1202 2193 miro
1228 2131 1532 2193 desiderio
1551 2149 1796 2207 semper
1821 2129 2152 2191 tenebatur
2167 2131 2305 2207 (nec
2332 2131 2665 2207 immerite,

269 2229 520 2305 quande
546 2232 721 2291 tetus
747 2229 853 2291 hic
872 2231 1039 2292 orbis
1060 2251 1132 2292 ea
1158 2230 1408 2309 regione
1436 2228 1601 2290 nihil
1619 2228 1827 2289 modis
1852 2227 2148 2289 omnibus
2176 2229 2407 2290 cultius
2434 2230 2663 2309 habet),

267 2345 412 2386 cum
457 2326 616 2387 filiis
670 2327 992 2406 Baptistae
1039 2328 1250 2390 Boerii
1298 2327 1663 2401 Genuensia
1714 2326 1867 2404 regii
1912 2325 1983 2386 in
2040 2326 2368 2389 Britannia
2419 2328 2664 2405 medici,
2697 2345 2792 2383 ¹00

267 2424 505 2487 Ioanne
550 2430 615 2487 et
664 2426 983 2488 Bernarde
1025 2426 1379 2489 Bononiam
1420 2426 1738 2504 profectus
1785 2428 1923 2500 est3
1969 2445 2097 2486 non
2141 2429 2216 2487 vt
2258 2427 2664 2506 paedagogus,

266 2542 414 2584 nam
456 2544 715 2585 morum
758 2545 973 2587 curam
1013 2528 1351 2603 exceperat,
1395 2544 1508 2585 nec
1553 2526 1624 2586 vt
1667 2526 2040 2602 praeceptor,
2088 2522 2197 2585 sed
2241 2528 2314 2585 vt
2355 2525 2672 2603 inspector

266 2622 517 2683 futurus
579 2643 652 2684 ac
708 2624 1059 2685 studiorum
1125 2624 1299 2684 viam
1359 2623 1979 2696 commonstraturus,
2038 2624 2197 2682 teste
2261 2621 2527 2700 epistola
2592 2624 2670 2684 ad

269 2721 756 2797 Betzhemium3
811 2722 922 2784 vbi
969 2722 1137 2794 inter
1183 2722 1559 2801 professores
1607 2721 1879 2782 Paulum
1931 2718 2342 2780 Bembasium
2396 2722 2672 2782 amicum

269 2817 507 2895 habuit,
551 2820 883 2882 hominem
932 2821 1104 2883 niuei
1149 2821 1415 2899 pectoris
1459 2823 1524 2881 et
1566 2818 1905 2894 eruditum,
1948 2818 2056 2896 qui
2098 2819 2377 2879 vicissim
2418 2819 2673 2897 ingenio
2700 2845 2791 2898 ¹05

269 2937 335 2978 ac
396 2918 686 2980 doctrina
748 2919 995 2981 Erasmi
1055 2919 1318 2982 mirifice
1381 2917 1725 2980 delectatus
1779 2920 1892 2977 est.
2008 2915 2149 2976 Iam
2202 2915 2376 2976 enim
2435 2915 2675 2976 obierat

272 3015 634 3092 Beroaldus,
696 3018 1122 3097 professorum
1185 3018 1283 3080 sui
1339 3015 1637 3095 temporis
1691 3013 1995 3090 Achilles,
2060 3017 2122 3074 et
2174 3013 2463 3092 Baptista
2515 3013 2672 3075 Pius

268 3114 713 3192 antiquitatem
753 3114 1089 3176 infeliciter
1127 3115 1479 3177 aemulatus
1507 3114 1698 3175 Oscos
1739 3115 1802 3173 et
1833 3111 2092 3174 Volscos
2131 3110 2500 3174 somniabat.
2589 3112 2671 3172 In

268 3212 495 3274 itinere
562 3234 710 3274 cum
777 3214 945 3276 socio
995 3215 1208 3292 Anglo
1275 3212 1537 3276 Taurini
1600 3213 1669 3273 in
1729 3211 2001 3289 Alpibus
2060 3211 2255 3273 Cotiis
2324 3211 2672 3290 theologiae

266 3311 482 3372 doctor
533 3311 739 3372 factus
793 3314 904 3373 est.
991 3312 1216 3391 Itaque
1270 3310 1646 3390 dignitatem
1703 3313 1768 3371 et
1821 3309 2234 3371 eruditionem
2286 3309 2359 3370 in
2413 3309 2668 3371 Italiam
2699 3339 2719 3375 ι
2732 3338 2793 3377 ιο

266 3409 650 3487 importauit,
682 3430 869 3488 quam
899 3412 1125 3472 caeteri
1152 3411 1297 3472 inde
1326 3411 1638 3488 reportare
1666 3411 2140 3469 consueuerunt.

342 3508 523 3569 Dum
578 3507 906 3569 Bononiae
957 3508 1256 3570 volumen
1308 3508 1698 3585 Adagiorum
1757 3507 2002 3584 pridem
2058 3508 2346 3584 coeptum
2398 3505 2671 3568 absoluit

265 3608 437 3682 (nam
488 3604 681 3666 breue
727 3609 792 3667 et
839 3608 990 3669 rude
1037 3607 1351 3685 specimen
1407 3606 1609 3684 operis
1654 3605 1854 3666 futuri
1901 3604 2186 3667 Lutetiae
2236 3608 2383 3667 ante
2437 3605 2671 3666 multos

266 3722 466 3765 annos
509 3702 867 3782 aediderat),
906 3705 1149 3767 cultum
1197 3705 1639 3766 canonicorum
1680 3703 2154 3779 coenobiticum,
2199 3723 2322 3781 quo
2364 3703 2671 3764 hactenus

266 3823 417 3864 vsus
458 3802 681 3878 fuerat,
713 3802 1079 3865 huiusmodi
1118 3804 1197 3865 de
1236 3823 1423 3865 causa
1463 3805 1706 3864 mutare
1745 3804 1992 3863 coactus
2035 3804 2146 3864 est.
2233 3802 2369 3863 Mos
2404 3805 2500 3864 est
2533 3800 2672 3862 eius
2700 3824 2790 3877 ¹¹5

264 3901 438 3964 vrbis
475 3902 965 3981 haudquaquam
1007 3900 1556 3980 reprehendendus
1595 3904 1669 3964 vt
1709 3901 1767 3963 si
1806 3900 2075 3978 suspicio
2114 3900 2199 3960 sit
2237 3900 2315 3962 de
2354 3919 2671 3978 quoquam

1244 4028 1328 4074 92.
1363 4012 1628 4062 Gutberto
1648 4028 1697 4060 a.

333 4131 510 4176 1ee3.
481 4113 784 4176 epistolai
788 4127 877 4175 ..p
904 4126 1124 4173 4.1.2-4
1520 4110 1596 4159 Mi
1599 4109 1758 4158 chael
1814 4108 2212 4171 Hummelberg
2278 4109 2471 4157 on18
2524 4107 2661 4170 Aug.

331 4183 442 4230 108.
471 4177 697 4243 Oscos]‘
765 4181 1007 4228 enstresa
1023 4177 1257 4227 oratio..
1284 4175 1419 4227 .-Ba
1521 4188 1647 4237 1514
1691 4175 1740 4222 is
1792 4177 1851 4223 at
1894 4174 2052 4224 Schle
2056 4173 2253 4222 ttstadt
2300 4175 2441 4238 (Cat.
2490 4173 2661 4223 Rhen.

266 4247 481 4309 phetae,
502 4245 812 4294 imitatrix.
864 4243 1019 4293 .eius
1042 4243 1340 4292 sermonis.
1522 4245 1658 4306 ¹97)·
1751 4240 1830 4289 Cf.
1885 4240 1997 4289 also
2048 4240 2271 4288 Froben’
2275 4255 2303 4288 s
2345 4239 2555 4302 preface
2611 4243 2668 4288 to

265 4326 369 4372 quo
380 4316 511 4361 ante
529 4311 879 4360 Decemuiros
894 4307 1207 4358 Volscorum
1226 4308 1363 4356 rusti
1345 4277 1418 4356 ici
1519 4305 1770 4355 Hadrian
1844 4305 1912 4354 de
1983 4303 2253 4354 Castello's
2323 4255 2389 4354 ἕο
2450 4310 2669 4354 Ser-mone

267 4379 345 4425 vsi
387 4379 556 4427 sunt!
627 4373 1036 4434 Melanchthon,
1072 4377 1276 4423 Doctum.
1309 4372 1415 4423 CR.
1516 4375 1703 4433 Latino,
1767 4371 2055 4421 addressed
2127 4373 2183 4419 te
2252 4371 2348 4420 the
2418 4370 2668 4430 Litai-ary

267 4443 356 4491 xii.
391 4444 507 4494 268.
576 4443 655 4491 At
698 4440 796 4488 the
833 4439 975 4488 Ludi
1012 4439 1244 4487 Romani
1288 4437 1417 4488 held
1518 4437 1636 4487 Soci
1619 4441 1733 4499 iety
1763 4438 1824 4486 ef
1851 4437 2059 4486 Schlett
2061 4436 2225 4498 s,tadt
2261 4451 2293 4496 4
2325 4437 2472 4485 June
2507 4436 2669 4495 1518:

270 4508 326 4555 in
363 4523 508 4569 1514,
543 4520 579 4555 a
614 4506 726 4555 skit
761 4519 833 4553 en
865 4504 996 4554 Pius
1031 4504 1119 4566 (cf.
1158 4504 1325 4567 Epa
1293 4506 1415 4564 256)
1522 4503 1707 4552 ‘scitis
1740 4502 2196 4564 quemadmodum
2228 4515 2428 4552 annos
2402 4499 2668 4562 superiori

269 4586 372 4622 vas
409 4571 727 4636 mblished,
771 4570 887 4619 enti
891 4570 1005 4618 tled
1047 4575 1149 4620 Osci
1184 4576 1228 4619 ot
1270 4573 1418 4618 Volsci
1518 4567 1690 4618 Roma
1723 4569 2026 4630 Baptistam
2064 4568 2242 4627 Pium,
2269 4566 2489 4615 delitias
2521 4579 2664 4625 suas,

268 4641 499 4701 manvu,
546 4638 646 4687 the
692 4635 943 4698 speakers
987 4638 1071 4685 usi
1052 4650 1146 4699 mg
1191 4635 1419 4698 pseudo·
1518 4634 1638 4683 Osci
1679 4637 1734 4684 et
1775 4633 1956 4683 Volsci
2001 4633 2209 4694 dialogo
2252 4646 2413 4691 quem
2462 4630 2670 4691 legistis

269 4706 474 4755 archaic
520 4702 773 4753 dialecte.
860 4700 969 4750 The
1012 4716 1146 4764 copy
1189 4702 1312 4750 sent
1359 4704 1417 4751 te
1518 4699 1689 4749 Ludis
1762 4699 2060 4748 Pontificiis
2128 4696 2346 4760 publice
2402 4696 2670 4744 recensito

265 4767 462 4820 Beatus
538 4769 841 4818 Bhenanus
910 4766 1049 4816 from
1112 4767 1283 4816 Reme
1345 4767 1416 4829 by
1518 4763 1676 4829 ὥσπερ
1710 4764 1760 4827 ἐξ
1792 4763 1973 4827 ἀμάξης
2007 4764 2227 4812 riserit)
