3355 5380
695 328 813 383 330
1381 317 1760 380 LETTERS
1816 317 1922 380 οι·
1975 316 2377 379 ERASMUS
2898 309 3092 395 [1500

691 479 853 528 when
888 476 1080 527 Rector
1112 477 1171 525 of
1200 475 1294 525 the
1330 475 1648 537 University
1684 474 1744 523 of
1771 472 2011 536 Orbana,
2047 472 2119 521 he
2153 471 2387 535 brought
2417 469 2689 521 Aleander
2723 471 2968 531 (Journal,
3006 469 3092 518 ed.

691 547 906 605 Omont,
930 558 1019 620 pp.
1052 544 1129 603 18,
1151 542 1208 606 9)
1235 540 1449 589 thither
1480 544 1538 589 to
1569 539 1727 589 teach
1751 538 1942 588 Greek.
2015 538 2100 587 He
2133 535 2429 586 continued
2463 541 2522 585 to
2552 536 2756 585 lecture
2789 550 2860 585 on
2897 534 3007 582 law
3036 538 3095 582 at

692 609 917 659 Orleans
938 607 1027 658 un
1054 620 1194 671 1515,
1220 607 1383 656 when
1405 607 1476 655 he
1497 620 1609 654 was
1636 602 1931 667 appointed
1962 603 2034 666 by
2058 602 2280 652 Francis
2300 617 2323 651 1
2346 617 2379 652 a
2400 603 2643 651 member
2663 601 2725 650 of
2750 600 2846 651 the
2866 600 3094 650 Oouncil

691 675 751 725 of
767 675 956 728 Milan.
1028 673 1116 723 He
1139 673 1353 722 became
1374 672 1529 721 there
1552 686 1585 721 a
1603 670 1785 721 friend
1808 670 1869 719 ot
1884 668 2106 719 Alciati.

757 739 864 791 His
901 739 1077 789 works
1111 753 1237 787 are:
1268 741 1508 787 Institutio
1540 739 1648 785 boni
1680 739 1998 797 maai-amm,
2036 734 2277 791 Orbana,
2311 734 2467 783 Peter
2499 731 2797 796 Asselinus,
2841 747 2972 793 1500
2990 732 3097 794 (?);

695 811 943 856 Commeat.
991 808 1047 852 in
1086 807 1156 854 tit.
1203 808 1259 852 do
1302 806 1492 864 Boaulia
1533 806 1655 851 iuris
1698 804 1830 860 apud
1870 803 2147 857 Ραηάεααε,
2183 798 2374 861 Milan,
2412 801 2479 849 A.
2530 798 2895 858 minutianus,
2935 811 3097 860 ¹5153

695 875 925 931 opuocula
969 869 1279 932 (including
1320 868 1675 918 translations
1717 867 1858 916 from
1901 864 2162 916 Plutarch
2212 864 2322 914 and
2364 865 2570 915 Lucian
2621 863 2736 915 and
2780 866 3097 924 Pas-enricus

694 936 955 999 Aureliae),
992 935 1162 994 Paris,
1193 933 1366 983 Andr.
1402 933 1625 994 Bocard‚
1664 947 1788 995 1517
1814 948 1827 994 ;
1860 934 2062 980 Militiae
2093 936 2380 980 hoscorum
2410 947 2570 991 reyum
2595 945 2686 990 pro
2717 945 2769 978 rc
2801 932 3092 988 ανίεὲίαπα,

695 1003 861 1065 Paris,
903 1003 954 1051 J.
994 1000 1214 1062 Badius,
1256 1000 1419 1061 15183
1452 1002 1647 1058 Aptuca·
1677 1001 1889 1059 Πονίάα,
1930 996 2098 1057 Paris,
2135 997 2186 1045 J.
2230 995 2450 1058 Badius,
2494 998 2652 1058 15183
2688 998 2797 1044 Proe
2825 998 3097 1054 posteriores

692 1073 805 1118 libri
840 1072 1008 1118 codicis
1039 1069 1331 1129 Iustiniani,
1367 1064 1608 1124 Orleans,
1639 1064 1691 1113 J.
1729 1063 1899 1127 Hoya,
1938 1064 2094 1124 1518:
2131 1061 2243 1112 and
2281 1063 2441 1111 other
2477 1061 2615 1126 legal
2646 1060 2917 1124 writings,
2951 1075 3097 1110 some

695 1133 982 1198 published
1004 1130 1431 1197 posthumously.
1490 1131 1589 1179 See
1607 1132 1691 1178 Les
1710 1133 1932 1178 Horam
1946 1132 2162 1177 Illustrat
2180 1133 2236 1177 dc
2250 1126 2524 1177 ΓΟι-Ιὰιπαίε
2539 1126 2736 1192 (1852),
2752 1126 2809 1175 ii.
2826 1141 2917 1189 pp.
2939 1129 3097 1186 61-43

694 1200 1000 1261 Bimbenet‚
1020 1214 1092 1257 op.
1114 1202 1309 1261 cit-,pp
1330 1211 1526 1258 352-45
1559 1193 1982 1257 missar-Quem.
2000 1196 2099 1244 Soc.
2119 1197 2264 1242 Arcu.
2285 1199 2345 1244 de
2359 1192 2770 1256 1⁹leQO
2791 1206 2884 1255 pp.
2906 1193 3096 1252 7⁴3-83

695 1265 1009 1327 Herluison,
1035 1267 1349 1323 Imm-imaum
1368 1262 1624 1323 αὈι-ιόαω,
1649 1275 1739 1324 pp.
1761 1260 1861 1309 6-8
1882 1276 1896 1321 ;
1929 1259 2039 1310 and
2061 1259 2109 1309 N
2114 1258 2253 1324 Bet]

780 1405 1096 1454 ERASMVS
1139 1400 1645 1452 ROTERODAMVS
1691 1399 1910 1448 Pmno
1956 1399 2471 1448 ANGLEBERMEO
2516 1399 2783 1448 MEDICO
2836 1400 2893 1447 Β.
2943 1399 3012 1448 D.

779 1528 1078 1589 Euoaun
1115 1525 1171 1588 si
1218 1525 1422 1586 vllum
1476 1525 1740 1586 deorum
1794 1524 2007 1584 nectar
2059 1522 2317 1585 suauius
2364 1542 2499 1584 esse
2545 1522 2815 1597 credam,
2859 1521 3097 1599 optime

698 1627 900 1701 Petre,
935 1644 1128 1704 quam
1167 1623 1391 1684 villum
1434 1621 1551 1684 hoc
1591 1625 1793 1699 tuum,
1821 1621 2169 1700 plurimum
2212 1620 2467 1700 quidem
2509 1619 2807 1682 aromatis
2849 1619 3101 1681 efficaci·

695 1725 814 1787 bus
840 1727 903 1784 et
930 1721 1269 1801 Apollinea
1291 1724 1442 1797 arte,
1475 1740 1599 1800 qua
1633 1724 1708 1782 tu
1743 1740 1871 1781 non
1900 1721 2115 1782 minus
2141 1739 2332 1798 quam
2356 1718 2752 1781 humanitate
2765 1709 3101 1780 ‘mortaleis

696 1823 941 1885 omneis
992 1821 1167 1897 albis,
1224 1823 1295 1882 vt
1347 1819 1545 1895 aiunt,
1600 1819 1778 1897 equis
1830 1819 2191 1896 praecurris,
2236 1838 2455 1880 verum
2510 1818 2713 1879 multo
2770 1818 3100 1895 multoque

642 1932 669 1978 5
696 1919 969 1998 amplius
1005 1919 1082 1980 de
1117 1922 1361 1997 pectore
1403 1920 1526 1980 isto
1568 1917 2016 1978 candidissimo
2054 1921 2119 1978 et
2157 1917 2498 1994 gratiarum
2535 1916 2724 1994 pleno
2766 1915 3099 1979 conditum

697 2017 1108 2095 aspidumque
1139 2039 1156 2093 ;
1236 2016 1414 2077 cuius
1476 2036 1591 2094 ego
1656 2016 1907 2076 niueam
1977 2015 2444 2093 simplicitatem
2510 2014 3099 2094 humanitatemque

695 2134 885 2194 prope
920 2113 1367 2188 incredibilem,
1401 2113 1529 2174 iam
1556 2113 1799 2192 pridem
1838 2134 1917 2174 ex
1954 2113 2299 2192 Augustini
2327 2114 2425 2174 tui
2460 2134 2751 2176 sermone
2782 2114 3103 2193 cognitam

696 2216 881 2291 atqoe
907 2212 1279 2286 adamatam,
1300 2230 1468 2273 nunc
1490 2212 1683 2273 etiam
1705 2233 1770 2273 re
1791 2212 1966 2290 prius
1993 2231 2183 2290 quam
2211 2213 2489 2274 oratione
2509 2212 2809 2290 experior,
2830 2213 3102 2274 donatus

696 2310 986 2373 videlicet
1021 2310 1131 2372 abs
1168 2313 1232 2371 te
1269 2311 1643 2373 munusculo
1679 2314 1813 2372 tam
1849 2309 2031 2385 belle,
2061 2314 2197 2371 tam
2232 2310 2421 2386 lauto,
2452 2315 2586 2373 tam
2623 2310 2895 2390 denique
2932 2316 3096 2390 apto.

616 2424 674 2459 ¹0
699 2410 887 2471 Recte
933 2409 1107 2470 enim
1146 2413 1210 2469 et
1250 2407 1367 2470 hoc
1408 2409 1634 2470 Seneca
1674 2412 1905 2483 monet,
1950 2409 2275 2487 permagni
2325 2409 2552 2471 referre
2600 2409 2742 2488 quis
2792 2411 2900 2470 cui
2950 2409 3099 2489 quid
3196 2446 3201 2451 ·

698 2507 982 2569 muneris
1034 2507 1266 2570 mittas.
1353 2508 1550 2568 Porro
1604 2527 1752 2568 cum
1799 2506 2119 2569 Bacchum
2167 2512 2240 2568 vt
2290 2507 2678 2585 eloquentiae
2731 2507 3101 2570 ministrum

698 2607 930 2685 passim
967 2605 1279 2667 celebrent
1315 2609 1639 2683 poetarum
1674 2605 1907 2681 literae,
1938 2608 2002 2666 et
2036 2608 2315 2666 aromata
2350 2606 2613 2684 spiritus
2649 2607 2878 2667 vitales
2912 2607 3103 2668 vires·

699 2726 820 2784 que
883 2706 1151 2783 pectoris
1203 2704 1489 2765 reficiant
1552 2706 2067 2783 instaurentque;
2135 2705 2286 2783 quid
2352 2705 2607 2766 obsecro
2670 2709 2921 2785 poteras
2988 2707 3101 2768 hoc

699 2805 949 2865 mittere
977 2803 1200 2882 aptius,
1231 2804 1422 2865 homo
1458 2804 1739 2865 medicus
1764 2803 2009 2865 homini
2041 2803 2297 2881 poetico,
2330 2806 2469 2864 tum
2500 2805 2567 2865 in
2595 2803 2796 2865 literis
2829 2804 3098 2879 assiduo,

616 2915 673 2964 ι5
699 2923 891 2981 quam
936 2902 1160 2963 vinum
1210 2903 1376 2979 quod
1424 2922 1462 2962 a
1509 2902 1701 2978 vulgo
1749 2901 2005 2979 quidem
2052 2901 2580 2981 Hippocraticum‚
2626 2922 2665 2962 a
2710 2901 2915 2963 doctis
2964 2906 3101 2963 tum

699 3001 957 3062 trimma
1002 3004 1143 3061 tum
1189 3000 1554 3061 aromatites
1601 3000 1848 3074 dicitur,
1897 2999 2023 3062 nisi
2071 3005 2145 3061 tu
2188 3000 2291 3060 vel
2340 3001 2663 3061 murinum
2707 3000 2812 3061 vel
2867 3021 3100 3062 aroma·

699 3099 935 3161 ticeum
984 3099 1190 3160 mauis
1206 3100 1240 3160 *Ρ
1310 3098 1411 3158 cui
1445 3097 1631 3159 xenio
1658 3097 1903 3158 vtinam
1952 3098 2252 3176 ἀντίδωρον
2288 3098 2541 3177 aliquod
2586 3097 2924 3176 rependere
2974 3104 3099 3160 tam

700 3196 879 3258 facile
920 3197 1233 3274 possimus
1273 3216 1462 3274 quam
1504 3196 1788 3274 impense
1831 3196 2136 3274 cupimus,
2167 3216 2366 3275 neque
2408 3196 2797 3258 voluntatem
2842 3197 3099 3276 flagran-

702 3294 1014 3356 tissimam
1056 3294 1426 3356 destitueret
1465 3295 1748 3356 facultas.

618 3407 679 3441 20
782 3392 1021 3453 Verum
1052 3412 1132 3452 ne
1160 3411 1411 3469 prorsus
1440 3393 1640 3470 ἅδωροι
1665 3391 2011 3469 videamur,
2042 3413 2203 3454 neue
2231 3413 2420 3470 quam
2455 3394 2837 3471 duplicatam
2866 3400 3100 3474 oporte·

702 3490 809 3550 bat
845 3489 1076 3551 redisse
1112 3490 1380 3567 gratiam
1417 3491 1595 3553 nulla
1633 3495 1987 3569 reponatur,
2016 3494 2342 3569 poetarum
2380 3512 2554 3552 more
2589 3492 2698 3570 qui
2736 3492 3097 3555 chartarum

702 3591 951 3648 tantum
1004 3591 1079 3650 vt
1131 3588 1362 3650 diuites
1417 3593 1582 3666 sunt,
1628 3590 1717 3650 ita
1770 3593 1921 3651 sunt
1974 3594 2037 3651 et
2092 3589 2395 3667 liberales,
2438 3590 2782 3652 literariam
2838 3594 3101 3671 gratiam

703 3685 1047 3762 referimus,
1076 3707 1190 3763 pro
1227 3707 1485 3749 munere
1525 3687 1855 3765 epistolam
1892 3688 2235 3757 reddentes,
2278 3709 2639 3768 quanquam
2676 3710 2807 3751 non
2846 3691 3103 3769 perinde

703 3783 1020 3845 conditam
1074 3803 1188 3844 nec
1250 3788 1384 3846 arte
1449 3785 1581 3862 pari
1648 3787 2105 3864 concinnatam,
2162 3787 2453 3849 videlicet
2510 3792 2579 3848 vt
2642 3788 2721 3849 ad
2777 3788 3100 3850 Homerici

620 3894 678 3942 25
706 3881 1031 3943 Diomedis
1069 3882 1447 3960 exemplum,

1262 4009 1478 4086 χρύσεα
1517 4010 1810 4087 χαλκείων,
1856 4007 2181 4086 ἑκατόμβοι’
2220 4012 2551 4087 ἐννεαβοίων

706 4132 1152 4207 permutemus.
1270 4130 1427 4191 Eam
1491 4132 2061 4209 compensationem
2124 4133 2180 4193 si
2243 4137 2314 4194 tu
2379 4154 2508 4195 non
2575 4131 2816 4211 recipis,
2877 4136 3103 4214 quippe

704 4228 1107 4289 vehementer
1168 4227 1467 4307 iniquam,
1527 4229 1671 4291 vide
1735 4230 1958 4308 ecquid
2011 4230 2131 4292 hoc
2194 4231 2387 4293 etiam
2443 4232 2791 4295 auctarium
2843 4234 3100 4312 placeat.

708 4326 899 4388 Hunc
948 4326 1436 4389 homuncionem
1491 4329 1834 4407 quantulus
1887 4330 2229 4408 quantulus
2280 4333 2376 4392 est
2421 4329 2542 4392 tibi
2596 4330 2856 4407 addico;
2919 4352 3107 4413 quem

1006 4475 1114 4525 Τιτ.
1150 4487 1523 4527 anomalum
1544 4481 1607 4528 N.
1810 4479 1884 4527 16.
1918 4478 2233 4528 aromatites
2253 4482 2351 4528 ΕΗ
2368 4495 2382 4528 =
2414 4479 2728 4529 aromatices
2750 4483 2809 4529 F.

710 4569 762 4577 ..-

780 4623 857 4657 το.
896 4606 1116 4671 Seneca]
1151 4612 1311 4669 Bmes.
1343 4624 1383 4659 1.
1410 4612 1458 4658 6.
1492 4626 1512 4657 1
1542 4610 1648 4660 and
1677 4626 1718 4658 ι.
1751 4624 1823 4659 ιι.
2027 4627 2106 4670 24.
2148 4610 2450 4676 Homerici]
2483 4615 2546 4660 11.
2570 4612 2619 4660 6.
2645 4615 2758 4675 236.
