3355 5380
273 382 456 469 1548]
676 387 1016 451 BEATUS
1071 384 1551 451 RHENANUS
1603 385 1714 450 ΤΟ
1767 385 2165 450 CHARLES
2218 386 2279 449 V
2593 390 2670 448 69

261 544 766 623 praesentissimi
780 544 1420 624 perspicacissimique
1440 544 1679 623 ingenii
1695 544 1897 622 magis
1913 543 2188 605 admiror
2207 563 2398 623 quam
2420 543 2673 623 quiduis

263 641 448 703 aliud.
538 642 815 704 Nullum
856 643 1031 704 enim
1070 642 1340 704 arbitror
1378 642 1573 704 fuisse
1611 641 1838 703 multis
1875 642 2003 703 iam
2042 641 2269 703 seculis
2300 642 2409 720 qui
2439 641 2671 704 iudicio
2694 646 2790 711 465

263 740 408 818 plus
451 740 744 817 valuerit,
799 740 865 803 id
914 740 1078 820 quod
1127 744 1598 803 consummatae
1644 739 1984 802 eruditioni
2023 742 2338 818 postremo
2379 739 2669 802 omnium

263 840 627 917 contingere
653 838 833 902 solet.
924 838 1312 916 Quibusdam
1353 839 1528 901 visus
1554 842 1652 900 est
1685 858 1815 899 non
1848 838 2003 899 satis
2039 857 2175 898 esse
2207 838 2665 912 Ciceronianus,

256 937 334 998 ad
360 941 755 1000 structuram
779 940 845 999 et
869 937 1062 1000 verba
1084 937 1410 1001 Tullianae
1437 936 1733 999 dictionis
1772 936 1987 998 omnia
2012 955 2227 997 seuere
2250 937 2663 1014 exigentibus.

258 1035 378 1097 Sed
407 1036 547 1115 ipse
574 1036 801 1098 stilum
827 1039 1132 1115 apertum,
1165 1035 1672 1115 extemporalem,
1708 1055 1957 1113 purum,
1985 1034 2250 1108 facilem,
2282 1037 2347 1095 et
2372 1039 2667 1113 argutum

259 1155 510 1213 semper
558 1136 844 1208 amauit;
896 1135 1221 1197 vocabulis
1259 1135 1633 1214 quibusdam
1677 1134 1776 1195 vti
1822 1136 2072 1194 coactus
2125 1136 2222 1193 est
2277 1132 2668 1195 Christianae
2692 1150 2790 1204 4⁷0

260 1233 588 1312 religionis
629 1233 930 1294 materiae
969 1253 1154 1312 quam
1196 1233 1503 1295 tractabat
1544 1231 1983 1295 seruientibus.
2071 1230 2284 1310 Neque
2323 1233 2496 1294 enim
2531 1253 2668 1311 pro·

259 1331 447 1393 habat
497 1350 725 1393 eorum
769 1332 1301 1410 superstitionem,
1350 1332 1460 1411 qui
1507 1331 1720 1394 verius
1765 1331 1988 1392 inanes
2030 1329 2318 1392 modulos
2368 1331 2667 1409 quosdam

257 1430 666 1509 antiquitatis
706 1430 988 1491 referunt
1026 1449 1217 1509 quam
1257 1429 1601 1492 sententias
1641 1428 1871 1490 densas
1910 1431 1975 1489 et
2013 1430 2418 1506 praestantes.
2502 1427 2666 1491 Sane

259 1529 535 1590 fatemur
567 1527 853 1590 seculum
879 1529 1198 1592 Ciceronis
1228 1530 1424 1591 fuisse
1458 1528 1876 1609 purissimum
1905 1531 1971 1589 et
1996 1527 2352 1588 imitatione
2378 1525 2661 1605 dignum,

259 1646 328 1688 ac
354 1625 629 1705 proinde
653 1645 950 1704 magnam
986 1627 1357 1690 felicitatem
1393 1627 1450 1688 si
1481 1627 1622 1706 quis
1653 1626 1966 1689 sinceram
1992 1624 2169 1686 illius
2196 1623 2513 1702 temporis,
2544 1644 2666 1704 quo
2690 1638 2784 1691 475

259 1725 478 1803 lingua
517 1724 752 1785 Latina
791 1723 1067 1786 maxime
1101 1726 1334 1803 floruit,
1372 1725 1653 1805 phrasim
1695 1726 2077 1802 assequatur.
2166 1722 2253 1784 Et
2291 1722 2666 1801 quibusdam

259 1841 389 1883 rem
431 1821 605 1883 belle
645 1822 973 1899 procedere
1013 1822 1344 1900 cernimus,
1381 1843 1496 1885 nec
1538 1822 1918 1893 inuidemus.
2003 1822 2095 1883 At
2123 1819 2448 1899 proferant
2482 1820 2666 1882 nobis

259 1922 327 1982 in
353 1920 648 1981 medium
675 1922 775 1981 tot
816 1923 1073 1999 tamque
1110 1921 1295 1983 vtilia
1330 1922 1581 1999 scripta,
1613 1924 1746 1983 tam
1789 1923 2022 1992 sancta,
2050 1924 2184 1981 tam
2216 1919 2484 1996 cordata,
2514 1922 2665 1999 quot

258 2018 337 2080 ab
389 2019 662 2081 Erasmo
718 2018 1114 2081 Christianus
1168 2019 1338 2082 orbis
1389 2019 1639 2098 accepit,
1694 2022 1758 2080 et
1812 2039 1960 2080 cum
2013 2017 2143 2080 illis
2197 2017 2541 2081 sentiemus
2594 2036 2665 2079 ac

261 2117 706 2181 Ciceronianos
729 2117 921 2178 etiam
940 2137 978 2178 a
1003 2117 1234 2197 pietate
1258 2117 1793 2198 sanctimoniaque
1819 2117 2335 2196 praedicabimus.
2690 2118 2787 2182 480

340 2216 599 2278 Horum
627 2216 935 2278 librorum
962 2236 1259 2297 magnam
1286 2222 1532 2298 partem
1559 2218 1843 2280 Basileae
1872 2218 1941 2278 in
1971 2217 2229 2279 aedibus
2256 2215 2666 2278 Frobenianis

260 2317 329 2377 in
355 2318 577 2376 monte
607 2314 738 2375 diui
765 2315 943 2376 Petri
969 2315 1126 2392 sitis,
1151 2320 1397 2394 partem
1422 2317 1616 2378 etiam
1645 2316 1943 2395 Friburgi
1969 2314 2443 2394 Brisigauorum
2462 2314 2665 2377 elucu-

260 2414 489 2475 brauit.
549 2412 657 2476 Ad
678 2411 797 2473 hoc
816 2414 991 2474 enim
1021 2413 1381 2492 oppidum,
1361 2435 1430 2475 111
1458 2414 1700 2476 ditione
1725 2413 1937 2475 fratris
1965 2413 2060 2474 tui
2088 2411 2254 2492 regis
2281 2411 2663 2474 Ferdinandi

260 2513 559 2591 positum,
609 2510 858 2572 monitu
898 2511 1201 2573 Bernardi
1243 2532 1281 2573 a
1322 2512 1473 2574 Gles
1520 2512 1854 2573 cardinalis
1895 2510 2252 2572 Tridentini
2299 2532 2446 2575 cum
2486 2511 2665 2573 sarci-

257 2611 429 2673 nulis
455 2610 593 2671 suis
619 2608 894 2686 migrare
920 2612 1168 2671 coactus
1194 2613 1307 2686 est,
1338 2611 1614 2673 verentis
1641 2630 1723 2672 ne
1748 2609 1897 2692 quid
1926 2609 2025 2670 illi
2050 2607 2354 2672 accideret
2379 2609 2661 2672 Basileae
2686 2608 2781 2672 485

257 2714 503 2772 mutato
528 2727 854 2770 sacrorum
879 2709 1055 2771 cultu
1082 2730 1099 2784 ς
1138 2729 1292 2789 quae
1320 2714 1534 2772 tamen
1561 2729 1659 2771 res
1687 2711 1873 2788 longe
1892 2708 2199 2787 placidius
2224 2710 2540 2770 transacta
2565 2709 2663 2769 est

258 2810 750 2889 magistratuum
777 2808 1111 2885 prudentia
1137 2827 1326 2887 quam
1353 2808 1543 2870 multi
1571 2808 1960 2884 diuinabant,
1989 2807 2244 2869 nemine
2271 2826 2348 2867 ex
2367 2805 2661 2868 vniuerso

260 2928 526 2970 numero
567 2905 959 2967 sacerdotum
991 2926 1104 2984 per
1139 2907 1587 2969 contumeliam
1626 2908 1875 2968 attacto.
1961 2904 2259 2983 Friburgi
2284 2905 2565 2982 primum
2589 2902 2661 2964 in

256 3007 510 3069 aedibus
537 3004 669 3066 illis
696 3004 1047 3082 magnificis
1074 3004 1404 3081 habitauit,
1428 3024 1583 3088 quas
1609 3025 1768 3067 auus
1792 3007 1943 3067 tuus
1971 3003 2161 3065 diuus
2187 3001 2660 3064 Maximilianus

253 3125 371 3184 pro
407 3102 755 3165 senectutis
794 3121 944 3163 suae
984 3101 1136 3165 nido
1175 3123 1288 3182 per
1328 3103 1629 3166 Iacobum
1669 3102 2096 3181 Villingerum
2136 3121 2286 3164 81188
2318 3101 2660 3163 Maiestatis
2684 3113 2782 3164 490

251 3224 290 3265 a
316 3200 640 3264 thesauris
666 3201 870 3279 parari
897 3201 1215 3278 quondam
1253 3201 1377 3263 sibi
1411 3201 1693 3265 iusserat.
1775 3200 2022 3264 Deinde
2048 3200 2371 3280 propriam
2398 3198 2659 3262 domum

252 3301 432 3363 emit.
525 3301 621 3361 At
645 3318 841 3377 quum
869 3298 948 3360 ab
977 3298 1407 3362 illustrissima
1432 3319 1644 3362 sorore
1669 3304 1782 3362 tua
1807 3299 2007 3362 Maria
2033 3298 2396 3377 Hungariae
2420 3297 2655 3377 regina,

250 3418 446 3479 quam
482 3401 558 3458 tu
590 3398 667 3458 ab
707 3396 881 3457 obitu
924 3396 1155 3459 amitae
1193 3400 1341 3459 tuae
1380 3397 1763 3477 Margaretae
1799 3396 2141 3477 prouinciis
2173 3395 2484 3458 inferioris
2511 3395 2658 3457 Ger-

251 3497 505 3559 maniae
535 3494 958 3573 gubernandis
985 3494 1354 3574 praefecisti,
1386 3495 1455 3557 in
1485 3496 1894 3559 Brabantiam
1921 3497 2329 3568 reuocaretur,
2362 3497 2429 3555 et
2454 3493 2658 3555 Eccle-

244 3597 487 3656 siasten
514 3613 703 3656 suum
730 3592 905 3672 prius
926 3595 1090 3655 esset
1115 3593 1448 3670 aediturus,
1473 3597 1545 3656 vt
1564 3614 1858 3674 praesens
1884 3594 2129 3656 adesset
2151 3593 2305 3655 dum
2332 3591 2659 3653 excuditur
2684 3605 2778 3656 495

245 3693 318 3753 111
361 3691 626 3764 officina,
675 3709 746 3750 ac
785 3689 956 3770 operi
1004 3691 1412 3770 colophonem
1454 3691 1642 3772 (quod
1683 3693 1885 3770 aiunt)
1925 3692 2179 3753 adderet
2232 3690 2406 3767 (118111
2448 3690 2657 3752 1188818

248 3790 402 3869 quid
429 3789 510 3850 ad
542 3787 773 3850 calcem
799 3788 1076 3850 restabat
1101 3790 1584 3868 adtexendum);
1625 3790 1819 3852 simul
1853 3793 1926 3852 vt
1965 3789 2122 3852 coeli
2149 3789 2499 3850 mutatione
2524 3786 2658 3850 reli·

250 3888 431 3968 quiae
474 3885 682 3948 morbi
724 3885 1162 3965 pertinaciores
1208 3889 1565 3965 discuteret,
1610 3888 1869 3951 vendita
1915 3889 2101 3950 domo
2149 3886 2470 3950 Basileam
2510 3906 2655 3948 cum

247 3987 550 4047 vniuersa
593 3984 982 4065 supellectile
1024 4004 1152 4060 sua,
1207 4006 1365 4064 quae
1410 3986 1587 4048 libris
1634 3987 1981 4047 maximam
2027 3990 2272 4065 partem
2314 3985 2651 4059 constabat,

249 4087 393 4163 post
438 4083 787 4161 septimum
831 4101 1074 4144 annum
1122 4103 1408 4145 reuersus
1454 4087 1566 4160 est,
1615 4084 1695 4145 ad
1749 4083 2219 4162 Hieronymum
2273 4083 2653 4145 Frobenium
2683 4094 2780 4147 500

248 4177 527 4239 amicum
597 4180 875 4238 veterem
944 4176 1171 4255 hospes
1236 4177 1633 4254 gratissimus
1694 4178 2028 4254 diuertena
2087 4176 2207 4240 hoc
2260 4176 2523 4239 consilio
2582 4180 2654 4237 vt

250 4277 614 4354 recuperata
640 4273 807 4335 bona
833 4273 1195 4336 valetudine
1229 4277 1296 4335 et
1333 4274 1640 4337 absolutis
1667 4275 1747 4336 iis
1776 4294 1933 4354 quae
1962 4274 2238 4338 habebat
2264 4275 2332 4335 in
2360 4274 2655 4336 manibus

252 4374 500 4453 nauigio
526 4393 645 4452 per
661 4373 957 4433 Rhenum
984 4373 1438 4434 in'inferiorem
1456 4373 1863 4435 Germaniam
1889 4374 2311 4436 descenderet.
2385 4372 2654 4434 Interim

250 4471 599 4534 articularis
656 4471 930 4548 morbus,
985 4472 1096 4551 qui
1139 4471 1503 4550 aliquandiu
1557 4472 2006 4551 conquieuerat,
2060 4492 2279 4534 rursus
2325 4471 2653 4533 hominem

256 4571 502 4652 corripit
542 4573 609 4631 et
648 4569 899 4631 miseris
939 4570 1146 4632 modis
1184 4572 1385 4645 vexat,
1416 4573 1488 4630 vt
1527 4589 1595 4631 88
1633 4570 1772 4631 1888
1804 4591 2058 4633 mouere
2090 4570 2389 4649 nequiret,
2421 4571 2653 4630 frustra
2680 4580 2775 4632 505

254 4668 415 4731 coelo
442 4670 710 4731 mutate.
796 4667 922 4730 Hic
947 4667 1417 4730 remittentibus
1442 4667 1816 4730 cruciatibus
1842 4687 1920 4729 ex
1947 4668 2170 4748 bipede
2194 4667 2475 4745 primum
2501 4686 2648 4744 qua-
