3355 5380
666 365 784 420 306
1351 359 1725 421 LETTERs
1781 358 1889 420 or
1945 358 2343 421 ERAsts
2862 352 3055 437 [1500

658 520 873 578 tamen
900 517 1038 594 ipso
1066 536 1303 577 recreer
1325 537 1396 578 ac
1433 536 1668 594 pascar.
1756 517 2085 579 Caeterum
2110 516 2517 578 vehementer
2552 514 2848 591 iniquum
2884 515 3064 573 ratus

602 648 629 697 5
658 614 782 675 tibi
800 615 931 676 vlla
952 615 1022 675 in
1045 635 1111 676 re
1129 614 1230 676 vel
1258 635 1483 693 parum
1503 636 1700 693 aequa
1725 614 2067 689 aduersari,
2093 613 2456 692 praesertim
2486 613 2554 673 in
2582 611 2768 673 rebus
2793 610 3053 684 afflictis,

660 713 928 774 Homeri
967 716 1213 791 partem
1241 714 1319 774 ad
1347 717 1409 774 te
1435 714 1642 788 mitto,
1676 716 1748 774 vt
1775 718 1839 774 et
1866 713 2091 774 medici
2124 712 2314 775 istius
2344 711 2733 789 improbitati
2766 709 3057 783 satisfiat,

656 815 721 871 et
758 831 842 872 ne
877 832 991 889 ego
1028 812 1205 872 omni
1238 812 1465 873 solatio
1501 812 1820 874 destituar.
1909 811 2073 872 Nam
2110 810 2199 872 ita
2233 811 2490 889 quidem
2528 830 2673 871 cum
2707 809 2792 870 M.
2826 807 3060 870 Iacobo

657 909 940 970 viuimus
967 913 1037 971 vt
1069 910 1191 970 soli
1220 910 1528 972 viuamus.
1603 910 1829 988 Itaque
1864 910 2060 971 miser
2090 913 2347 986 expecto
2379 909 2576 971 donec
2610 909 2682 970 in
2718 907 3061 985 pristinam

621 1032 627 1036 ¹
658 1009 1177 1069 consuetudinem
1230 1010 1572 1070 redeamus,
1663 1009 1740 1069 Id
1790 1008 2045 1086 quidem
2099 1008 2466 1086 propediem
2520 1008 2809 1068 futurum
2857 1005 3061 1078 video,

572 1133 633 1169 10
659 1107 1160 1184 quandoquidem
1214 1106 1401 1169 audio
1455 1105 1995 1168 adolescentulum
2036 1107 2444 1167 vehementer
2493 1108 2860 1166 recreatum.
2949 1102 3057 1163 In·

658 1204 848 1264 terim
888 1209 953 1266 te
989 1226 1097 1266 oro
1121 1208 1193 1267 vt
1219 1205 1324 1267 vel
1347 1205 1554 1267 literis
1580 1205 1825 1267 mutuis
1858 1208 2148 1266 mutuam
2179 1204 2498 1283 quandam
2532 1201 3059 1265 consuetudinem

661 1301 1095 1380 imaginemur.
2866 1357 2873 1362 e

735 1401 885 1461 :Non
920 1422 1179 1479 possum
1207 1404 1270 1462 te
1294 1422 1542 1464 exorare
1570 1406 1643 1462 vt
1671 1401 2098 1479 Epistularum
2125 1421 2281 1479 opus
2308 1401 2470 1462 mihi
2491 1400 2725 1474 mittas,
2747 1407 2897 1461 cum
2923 1401 3055 1458 tan·

563 1560 568 1565 .
660 1502 875 1577 tepere
913 1520 1052 1560 mea
1086 1499 1336 1562 intersit
1364 1504 1429 1561 et
1455 1503 1566 1562 tua
1591 1500 1901 1561 nonnihil.
1976 1500 2154 1576 Quod
2188 1500 2265 1560 ad
2295 1497 2597 1561 Iacobum
2624 1497 2920 1575 pertinet,
2942 1515 3059 1572 ego

576 1627 630 1676 15
661 1617 764 1658 me
806 1598 926 1659 tibi
966 1599 1192 1676 quouis
1234 1599 1509 1675 periculo
1555 1599 1859 1677 obligabo,
1905 1617 2008 1659 me
2047 1598 2148 1659 illi
2188 1618 2268 1658 ne
2308 1596 2559 1658 literam
2600 1595 2855 1673 quidem
2898 1613 3060 1655 com-

660 1716 924 1758 munem
951 1696 1278 1757 facturum.
1355 1698 1457 1758 Ita
1483 1697 1786 1758 assuefeci
1812 1697 2158 1772 hominem,
2181 1699 2253 1756 vt
2272 1695 2421 1774 quid
2449 1714 2633 1772 agam
2659 1714 2741 1754 ne
2767 1692 3061 1771 respiciat

658 1795 930 1872 quidem.
1018 1794 1222 1870 Salue,
1265 1795 1421 1871 vale,
1469 1795 1835 1857 charissime
1883 1795 2259 1873 Augustino,
2305 1797 2590 1856 nostram
2646 1811 3056 1855 communem

662 1893 982 1952 fortunam
1010 1893 1252 1953 sustine
1280 1895 1490 1955 animo
1517 1913 1640 1971 quo
1667 1895 1850 1954 soles.

743 1989 990 2050 Salutat
1031 1994 1094 2051 te
1131 1995 1279 2052 tuus
1317 1991 1598 2068 Iacobus,
1629 1995 1695 2052 et
1728 1992 1847 2053 hoc
1886 1990 2143 2051 nomine
2185 2010 2364 2068 meus
2407 2010 2666 2068 quoque,
2699 1990 2847 2067 quia
2888 1994 3053 2050 tuuS.

578 2114 640 2149 20
662 2087 1094 2163 Epistolarum
1122 2110 1280 2167 opus
1305 2094 1579 2167 expecto,
1609 2090 1664 2150 si
1694 2110 1822 2151 non
1850 2093 2078 2164 totum,
2109 2093 2174 2150 at
2210 2094 2375 2149 certe
2412 2090 2686 2150 codicem
2714 2108 2917 2149 vnum
2945 2090 3053 2148 aut

662 2185 950 2262 alterum,
974 2190 1049 2247 vt
1078 2187 1384 2264 auspicari
1410 2188 1636 2249 saltem
1661 2188 1845 2249 liceat
1868 2210 1884 2262 ς
1918 2191 1982 2248 et
2008 2188 2127 2248 hoc
2158 2208 2314 2265 opus
2343 2187 2603 2248 interim
2620 2187 2874 2248 videtur
2896 2207 2935 2246 a
2954 2205 3057 2245 me

661 2284 905 2344 absolui
943 2304 1157 2363 posse:
1207 2305 1356 2346 nam
1397 2287 1632 2364 reliqua
1672 2288 1809 2347 sine
1844 2306 2096 2347 summa
2130 2285 2439 2346 librorum
2479 2286 2654 2363 copia
2691 2285 2803 2363 qui
2843 2283 3060 2362 perfici

660 2382 922 2460 possint,
943 2403 1071 2445 non
1088 2384 1286 2446 video.
1352 2385 1515 2446 Cura
1533 2388 1607 2445 vt
1628 2385 1852 2459 valeas,
1878 2384 2115 2461 optime
2131 2384 2508 2463 Augustius.
2582 2378 3061 2466 [mecedxcm]

1135 2568 1278 2630 132.
1368 2565 1465 2629 To
1510 2584 1555 2629 A
1602 2565 1993 2630 Pnrsmnm
2039 2581 2170 2629 ron
2217 2582 2262 2629 A
2309 2581 2588 2630 samm).

732 2702 981 2774 Farrago
1005 2722 1062 2773 p.
1095 2719 1210 2758 100.
2526 2700 2856 2775 (Orbana.)

732 2790 792 2844 F.
819 2809 873 2861 p.
904 2795 1035 2863 258:
1072 2790 1209 2845 HN:
1247 2790 1422 2847 Lond.
1448 2809 1496 2845 v.
1525 2792 1591 2847 8:
1631 2790 1742 2844 LB.
1769 2790 1913 2861 App.
1942 2793 2063 2858 464.
2390 2788 2765 2863 <September
2794 2790 2991 2864 1500.)

728 2910 1049 2976 [Evidently
1071 2912 1234 2962 about
1256 2913 1351 2961 the
1371 2913 1577 2962 Homer
1600 2913 1719 2962 lent
1736 2915 1792 2961 to
1815 2913 1907 2961 the
1928 2913 2211 2975 physician
2232 2913 2281 2974 (P
2295 2912 2737 2976 d'Angleberme)
2752 2914 2815 2961 in
2831 2913 2927 2976 Ep.
2954 2928 3065 2975 131.

660 2975 774 3025 'l'he
795 2977 990 3040 friend,
1010 2978 1135 3027 who
1152 2993 1263 3027 was
1281 2985 1506 3038 tanquam
1526 2984 1586 3027 ab
1606 2983 1717 3027 orco
1734 2985 1992 3040 remeatus,
2014 2980 2061 3028 is
2083 2978 2344 3041 probably
2362 2978 2459 3027 the
2479 2978 2633 3041 pupil
2657 2980 2716 3027 of
2731 2980 3061 3041 Augu-tine,

661 3043 846 3092 whose
879 3045 1067 3093 illness
1089 3045 1135 3093 is
1158 3045 1472 3094 mentioned
1496 3046 1556 3092 in
1580 3044 1677 3107 Ep.
1707 3058 1811 3106 133.
1839 3059 1903 3106 23
1926 3058 2067 3105 seq.;
2101 3046 2332 3107 perhaps
2353 3044 2608 3093 Nicholas
2630 3045 2912 3107 Bensrott,
2938 3046 3067 3095 who

660 3122 770 3156 was
785 3124 818 3157 a
835 3110 1085 3159 collector
1101 3109 1161 3157 of
1178 3110 1342 3159 books
1360 3111 1469 3175 (see
1490 3111 1586 3172 Ep.
1605 3110 1741 3171 158).
1795 3110 1849 3159 It
1869 3125 2041 3159 seems
2058 3110 2244 3173 likely,
2264 3109 2554 3173 therefore,
2575 3111 2699 3160 that
2716 3111 2813 3159 the
2832 3110 3061 3173 Homer,

660 3174 890 3237 perhaps
911 3176 1010 3224 the
1041 3175 1354 3225 Florentiae
1383 3175 1591 3225 edition
1623 3177 1683 3224 of
1716 3176 1842 3237 1488
1867 3176 1927 3224 in
1947 3178 2058 3225 two
2080 3176 2339 3237 volumen,
2369 3176 2628 3238 belonged
2659 3179 2717 3225 ιο
2747 3177 2866 3225 this
2887 3177 3061 3239 pupil,

661 3239 787 3289 who
809 3242 971 3289 when
1001 3241 1072 3290 he
1103 3241 1380 3291 recovered
1413 3244 1534 3290 sent
1565 3241 1661 3289 the
1692 3240 1881 3300 whole,
1907 3245 2004 3291 not
2036 3241 2131 3290 the
2162 3244 2286 3305 part
2315 3242 2631 3290 mentioned
2655 3242 2716 3290 in
2738 3242 2839 3305 Ep.
2872 3257 2985 3304 13¹·
3011 3245 3063 3305 6,

661 3304 771 3353 and
793 3306 957 3354 asked
979 3306 1233 3354 Erasmus
1253 3310 1312 3355 to
1333 3308 1492 3356 write
1514 3306 1633 3355 him
1655 3322 1688 3355 a
1710 3306 1873 3355 letter
1893 3310 1950 3356 ιο
1970 3321 2304 3370 accompany
2326 3308 2390 3369 it,
2414 3307 2479 3356 cf.
2506 3307 2605 3370 Ep.
2628 3307 2734 3373 61.]

678 3402 970 3485 ΔΕΒΑΒΜῙ
1018 3438 1353 3486 EPISTOLA
1399 3440 1530 3487 PRO
1578 3439 1798 3486 AMIOO
1844 3440 2131 3493 QVODAM
2187 3440 2477 3487 SCRIPTA
2522 3440 2618 3486 AD
2663 3440 3018 3488 MEDIOVM.

743 3550 844 3610 Ex
870 3569 937 3611 re
965 3550 1221 3612 demum
1248 3552 1384 3630 ipsa
1411 3552 1719 3630 intellige,
1752 3552 1850 3614 vir
1875 3552 2311 3630 eruditissime,
2344 3558 2519 3630 grato
2555 3554 2767 3613 animo
2804 3553 3066 3615 nullum

661 3647 1131 3709 incommodum
1168 3651 1442 3711 accidere
1481 3670 1660 3729 posse
1699 3651 1982 3713 acerbius
2009 3670 2198 3728 quam
2225 3652 2282 3712 si
2306 3651 2386 3712 iis
2414 3652 2642 3729 quibus
2678 3653 3064 3714 immensam

661 3745 932 3823 gratiam
970 3746 1212 3824 debeat,
1251 3767 1333 3808 ne
1373 3750 1752 3811 mediocrem
1790 3749 2044 3829 quidem
2082 3749 2388 3811 referendi
2424 3753 2718 3828 suppetat
2756 3750 3066 3827 facultas;

659 3843 729 3902 id
769 3844 935 3921 quod
978 3844 1141 3907 mihi
1185 3846 1255 3907 in
1298 3849 1362 3908 te
1403 3867 1663 3925 prorsus
1705 3848 1955 3910 euenit:
2015 3848 2193 3909 cuius
2233 3868 2348 3926 ego
2389 3868 2536 3909 cum
2580 3849 2796 3911 diuina
2840 3850 3069 3911 merita

609 3959 637 4006 5
662 3942 876 4003 animo
911 3943 1423 4019 recolo,—-recolo
1448 3949 1660 4007 autem
1697 3946 1962 4021 assidue,
1994 3946 2376 4025 dispicioque
2411 3947 2635 4009 anxius
2660 3948 2716 4008 si
2743 3967 2871 4026 qua
2899 3948 3067 4009 forte

662 4039 901 4117 possim
928 4043 1170 4102 tantam
1201 4046 1376 4104 tuam
1404 4044 1473 4105 in
1499 4064 1617 4105 nos
1642 4044 2105 4106 humanitatem
2132 4066 2446 4123 reponere,
2476 4046 2532 4106 si
2567 4066 2700 4107 non
2736 4066 2814 4107 ex
2846 4067 3063 4126 aequo,

731 4201 776 4246 7.
812 4186 882 4236 M.
907 4203 995 4238 om.
1019 4191 1083 4237 H.
1325 4205 1398 4250 13.
1434 4193 1718 4253 tantopere
1739 4195 1786 4241 F
1804 4193 2006 4252 Gon-iffi:
2041 4193 2183 4242 tanti
2204 4194 2262 4243 Ε.
2503 4207 2578 4254 15.
2614 4207 2703 4242 me
2726 4194 2830 4243 tibi
2851 4199 2968 4244 aad.
2994 4200 3064 4245 H.

666 4264 747 4313 23.
784 4267 1107 4304 1.ccoc.xotx
1129 4258 1241 4305 add.
1268 4259 1335 4305 Η.
1618 4267 1621 4271 ’
1704 4308 1705 4311 ,

665 4387 967 4438 indication
1005 4402 1062 4437 as
1100 4391 1157 4437 to
1191 4388 1463 4438 Erasmus'
1495 4389 1813 4452 knowledge
1912 4390 2226 4443 Desideria·
2239 4391 2474 4443 feliciter
2486 4390 2762 4443 traduxit?
2796 4393 2897 4443 See
2910 4394 3068 4444 cuis—

664 4453 725 4501 of
742 4453 916 4503 Greek
935 4457 994 4503 at
1014 4453 1130 4503 this
1150 4454 1304 4503 time.
1372 4454 1451 4505 cf.
1480 4454 1578 4517 Ep.
1606 4469 1714 4516 143.
1729 4470 1809 4516 37.
1910 4456 2035 4509 sard
2070 4458 2133 4508 in
2164 4460 2304 4509 Μόνη.
2342 4461 2447 4511 800.
2486 4462 2630 4508 Arde.
2668 4462 2726 4513 do
2759 4459 3067 4521 rorum-nain,

665 4518 722 4568 It
744 4519 792 4568 is
816 4520 1142 4582 interesting
1167 4522 1226 4568 to
1253 4522 1381 4569 note
1409 4521 1534 4571 that
1566 4520 1815 4582 Pyrrhus
1910 4524 2017 4572 xix.
2044 4525 2152 4583 746.

664 4582 1079 4649 d'Angleberme
1115 4586 1234 4649 (Ep.
1266 4600 1361 4646 140
1382 4586 1610 4648 introd.)
1645 4587 1815 4638 refers
1977 4602 2026 4649 ⁷·
2078 4589 2153 4641 M.
2189 4587 2410 4653 boabo]
2441 4587 2630 4641 Jeme·
2660 4588 2885 4643 Veecht.
2981 4589 3065 4640 Cf.

665 4652 786 4699 ιο.ι
807 4651 1058 4715 Odyssea,
1102 4665 1270 4713 quam
1324 4655 1603 4715 preceptor
1657 4667 1813 4703 meus
1910 4653 2006 4716 Ep.
2038 4668 2147 4715 15²·
2454 4672 2457 4675 ·
