<?xml version="1.0" encoding="UTF-8"?>
<!DOCTYPE html PUBLIC "-//W3C//DTD XHTML 1.0 Transitional//EN"
    "http://www.w3.org/TR/xhtml1/DTD/xhtml1-transitional.dtd">
<html xmlns="http://www.w3.org/1999/xhtml" xml:lang="en" lang="en">
 <head>
  <title>
</title>
<meta http-equiv="Content-Type" content="text/html;charset=utf-8" />
  <meta name='ocr-system' content='tesseract 3.04.00' />
  <meta name='ocr-capabilities' content='ocr_page ocr_carea ocr_par ocr_line ocrx_word'/>
</head>
<body>
  <div class='ocr_page' id='page_1' title='image "./opusepistolarum00flowgoog_0108.png"; bbox 0 0 3355 5380; ppageno 0'>
   <div class='ocr_carea' id='block_1_1' title="bbox 674 369 3061 454">
    <p class='ocr_par' dir='ltr' id='par_1_1' title="bbox 674 369 3061 454">
     <span class='ocr_line' id='line_1_1' title="bbox 674 369 3061 454; baseline -0.003 -16"><span class='ocrx_word' id='word_1_1' title='bbox 674 383 751 440; x_wconf 90' lang='grc'><strong>80</strong></span> <span class='ocrx_word' id='word_1_2' title='bbox 1373 377 1749 439; x_wconf 83' lang='lat' dir='ltr'>LETTERS</span> <span class='ocrx_word' id='word_1_3' title='bbox 1804 377 1912 439; x_wconf 81' lang='lat' dir='ltr'><strong>OF</strong></span> <span class='ocrx_word' id='word_1_4' title='bbox 1965 374 2361 437; x_wconf 80' lang='lat' dir='ltr'>ERASMUS</span> <span class='ocrx_word' id='word_1_5' title='bbox 2866 369 2926 454; x_wconf 85' lang='grc'><strong>[1</strong></span> <span class='ocrx_word' id='word_1_6' title='bbox 2940 376 3015 447; x_wconf 85' lang='grc'><strong>48</strong></span> <span class='ocrx_word' id='word_1_7' title='bbox 3027 392 3061 449; x_wconf 78' lang='lat'><strong>7</strong></span> 
     </span>
    </p>
   </div>
   <div class='ocr_carea' id='block_1_2' title="bbox 588 530 3075 1003">
    <p class='ocr_par' dir='ltr' id='par_1_2' title="bbox 588 530 3075 1003">
     <span class='ocr_line' id='line_1_2' title="bbox 588 530 3064 617; baseline -0.003 -20"><span class='ocrx_word' id='word_1_8' title='bbox 588 564 644 617; x_wconf 85' lang='lat'><strong>15</strong></span> <span class='ocrx_word' id='word_1_9' title='bbox 755 533 914 610; x_wconf 89' lang='lat' dir='ltr'><strong>Quid</strong></span> <span class='ocrx_word' id='word_1_10' title='bbox 944 534 1008 594; x_wconf 92' lang='lat' dir='ltr'><strong>id</strong></span> <span class='ocrx_word' id='word_1_11' title='bbox 1038 554 1166 612; x_wconf 88' lang='lat' dir='ltr'><strong>ego,</strong></span> <span class='ocrx_word' id='word_1_12' title='bbox 1198 531 1290 594; x_wconf 91' lang='lat' dir='ltr'><strong>mi</strong></span> <span class='ocrx_word' id='word_1_13' title='bbox 1326 533 1583 609; x_wconf 80' lang='lat' dir='ltr'><strong>Seruati,</strong></span> <span class='ocrx_word' id='word_1_14' title='bbox 1613 552 1747 594; x_wconf 88' lang='lat' dir='ltr'><strong>esse</strong></span> <span class='ocrx_word' id='word_1_15' title='bbox 1785 532 2062 607; x_wconf 80' lang='lat' dir='ltr'>dixerim,</span> <span class='ocrx_word' id='word_1_16' title='bbox 2097 532 2470 594; x_wconf 88' lang='lat' dir='ltr'><strong>duritiemne</strong></span> <span class='ocrx_word' id='word_1_17' title='bbox 2507 550 2586 592; x_wconf 90' lang='lat' dir='ltr'><strong>an</strong></span> <span class='ocrx_word' id='word_1_18' title='bbox 2625 530 3064 609; x_wconf 73' lang='lat' dir='ltr'><strong>pertinaciam,</strong></span> 
     </span>
     <span class='ocr_line' id='line_1_3' title="bbox 670 630 3075 711; baseline -0.002 -17"><span class='ocrx_word' id='word_1_19' title='bbox 670 653 756 695; x_wconf 90' lang='lat' dir='ltr'><strong>an</strong></span> <span class='ocrx_word' id='word_1_20' title='bbox 799 632 1166 711; x_wconf 74' lang='lat' dir='ltr'><strong>superbiam,</strong></span> <span class='ocrx_word' id='word_1_21' title='bbox 1213 651 1294 692; x_wconf 90' lang='lat' dir='ltr'><strong>an</strong></span> <span class='ocrx_word' id='word_1_22' title='bbox 1337 631 1795 693; x_wconf 65' lang='lat' dir='ltr'><strong>contumaciam</strong></span> <span class='ocrx_word' id='word_1_23' title='bbox 1811 632 1846 693; x_wconf 72' lang='lat'><strong>⁸?</strong></span> <span class='ocrx_word' id='word_1_24' title='bbox 1901 651 1983 692; x_wconf 91' lang='lat' dir='ltr'><strong>an</strong></span> <span class='ocrx_word' id='word_1_25' title='bbox 2027 631 2190 692; x_wconf 79' lang='lat' dir='ltr'><strong>forte</strong></span> <span class='ocrx_word' id='word_1_26' title='bbox 2232 650 2305 691; x_wconf 92' lang='lat' dir='ltr'><strong>eo</strong></span> <span class='ocrx_word' id='word_1_27' title='bbox 2346 630 2597 708; x_wconf 88' lang='lat' dir='ltr'><strong>ingenio</strong></span> <span class='ocrx_word' id='word_1_28' title='bbox 2636 649 2719 705; x_wconf 74' lang='lat' dir='ltr'><strong>eS,</strong></span> <span class='ocrx_word' id='word_1_29' title='bbox 2768 649 2889 707; x_wconf 93' lang='lat' dir='ltr'><strong>quo</strong></span> <span class='ocrx_word' id='word_1_30' title='bbox 2932 650 3075 707; x_wconf 90' lang='lat' dir='ltr'><strong>per·</strong></span> 
     </span>
     <span class='ocr_line' id='line_1_4' title="bbox 670 728 3070 807; baseline -0.002 -15"><span class='ocrx_word' id='word_1_31' title='bbox 670 731 906 793; x_wconf 87' lang='lat' dir='ltr'><strong>tinaces</strong></span> <span class='ocrx_word' id='word_1_32' title='bbox 943 750 1076 792; x_wconf 88' lang='lat' dir='ltr'><strong>esse</strong></span> <span class='ocrx_word' id='word_1_33' title='bbox 1116 729 1360 807; x_wconf 86' lang='lat' dir='ltr'><strong>puellae</strong></span> <span class='ocrx_word' id='word_1_34' title='bbox 1399 730 1618 804; x_wconf 87' lang='lat' dir='ltr'><strong>solent,</strong></span> <span class='ocrx_word' id='word_1_35' title='bbox 1664 732 1737 791; x_wconf 89' lang='lat' dir='ltr'><strong>vt</strong></span> <span class='ocrx_word' id='word_1_36' title='bbox 1773 728 2085 807; x_wconf 85' lang='lat' dir='ltr'><strong>voluptati</strong></span> <span class='ocrx_word' id='word_1_37' title='bbox 2122 728 2245 789; x_wconf 89' lang='lat' dir='ltr'><strong>tibi</strong></span> <span class='ocrx_word' id='word_1_38' title='bbox 2291 728 2376 789; x_wconf 84' lang='lat' dir='ltr'><strong>sit</strong></span> <span class='ocrx_word' id='word_1_39' title='bbox 2412 728 2720 788; x_wconf 89' lang='lat' dir='ltr'><strong>cruciatus</strong></span> <span class='ocrx_word' id='word_1_40' title='bbox 2761 746 2954 801; x_wconf 90' lang='lat' dir='ltr'><strong>meus,</strong></span> <span class='ocrx_word' id='word_1_41' title='bbox 3001 733 3070 788; x_wconf 84' lang='lat' dir='ltr'><strong>et</strong></span> 
     </span>
     <span class='ocr_line' id='line_1_5' title="bbox 673 825 3071 906; baseline -0.002 -15"><span class='ocrx_word' id='word_1_42' title='bbox 673 829 900 891; x_wconf 88' lang='lat' dir='ltr'><strong>sodalis</strong></span> <span class='ocrx_word' id='word_1_43' title='bbox 948 830 1045 891; x_wconf 83' lang='lat' dir='ltr'><strong>tui</strong></span> <span class='ocrx_word' id='word_1_44' title='bbox 1084 828 1202 889; x_wconf 89' lang='lat' dir='ltr'><strong>tibi</strong></span> <span class='ocrx_word' id='word_1_45' title='bbox 1245 828 1469 906; x_wconf 89' lang='lat' dir='ltr'><strong>gaudia</strong></span> <span class='ocrx_word' id='word_1_46' title='bbox 1508 828 1686 889; x_wconf 92' lang='lat' dir='ltr'><strong>dolor</strong></span> <span class='ocrx_word' id='word_1_47' title='bbox 1725 826 2043 905; x_wconf 79' lang='lat' dir='ltr'><strong>risumque</strong></span> <span class='ocrx_word' id='word_1_48' title='bbox 2095 826 2339 905; x_wconf 87' lang='lat' dir='ltr'><strong>pariant</strong></span> <span class='ocrx_word' id='word_1_49' title='bbox 2395 825 2727 886; x_wconf 88' lang='lat' dir='ltr'><strong>lachrimae</strong></span> <span class='ocrx_word' id='word_1_50' title='bbox 2745 827 2778 887; x_wconf 70' lang='grc' dir='ltr'><strong>*Ρ</strong></span> <span class='ocrx_word' id='word_1_51' title='bbox 2860 826 3071 902; x_wconf 89' lang='lat' dir='ltr'><strong>Quam</strong></span> 
     </span>
     <span class='ocr_line' id='line_1_6' title="bbox 676 926 2086 1003; baseline -0.002 -14"><span class='ocrx_word' id='word_1_52' title='bbox 676 931 838 989; x_wconf 88' lang='lat' dir='ltr'><strong>recte</strong></span> <span class='ocrx_word' id='word_1_53' title='bbox 865 926 1314 989; x_wconf 79' lang='lat' dir='ltr'><strong>Terentianum</strong></span> <span class='ocrx_word' id='word_1_54' title='bbox 1348 927 1499 987; x_wconf 88' lang='lat' dir='ltr'><strong>illud</strong></span> <span class='ocrx_word' id='word_1_55' title='bbox 1528 926 1649 988; x_wconf 85' lang='lat' dir='ltr'><strong>tibi</strong></span> <span class='ocrx_word' id='word_1_56' title='bbox 1675 926 2045 1003; x_wconf 81' lang='lat' dir='ltr'><strong>ingesserim</strong></span> <span class='ocrx_word' id='word_1_57' title='bbox 2071 928 2086 987; x_wconf 76' lang='grc'><strong>1</strong></span> 
     </span>
    </p>
   </div>
   <div class='ocr_carea' id='block_1_3' title="bbox 588 1048 2657 1225">
    <p class='ocr_par' dir='ltr' id='par_1_3' title="bbox 588 1048 2657 1225">
     <span class='ocr_line' id='line_1_7' title="bbox 588 1048 2657 1124; baseline -0.001 -15"><span class='ocrx_word' id='word_1_58' title='bbox 588 1071 651 1109; x_wconf 83' lang='lat'><strong>20</strong></span> <span class='ocrx_word' id='word_1_59' title='bbox 1823 1049 1876 1110; x_wconf 95' lang='grc' dir='ltr'><strong>Ο</strong></span> <span class='ocrx_word' id='word_1_60' title='bbox 1905 1048 2012 1124; x_wconf 83' lang='grc' dir='ltr'>11ιί,</span> <span class='ocrx_word' id='word_1_61' title='bbox 2043 1048 2284 1111; x_wconf 83' lang='lat' dir='ltr'><strong>vtinam</strong></span> <span class='ocrx_word' id='word_1_62' title='bbox 2310 1050 2471 1109; x_wconf 87' lang='lat' dir='ltr'><strong>esset</strong></span> <span class='ocrx_word' id='word_1_63' title='bbox 2499 1048 2657 1108; x_wconf 90' lang='lat' dir='ltr'><strong>mihi</strong></span> 
     </span>
     <span class='ocr_line' id='line_1_8' title="bbox 1077 1146 2502 1225; baseline -0.002 -17"><span class='ocrx_word' id='word_1_64' title='bbox 1077 1167 1221 1225; x_wconf 89' lang='lat' dir='ltr'><strong>pars</strong></span> <span class='ocrx_word' id='word_1_65' title='bbox 1247 1168 1437 1225; x_wconf 86' lang='lat' dir='ltr'><strong>aequa</strong></span> <span class='ocrx_word' id='word_1_66' title='bbox 1464 1147 1696 1208; x_wconf 89' lang='lat' dir='ltr'><strong>amoris</strong></span> <span class='ocrx_word' id='word_1_67' title='bbox 1724 1150 1932 1208; x_wconf 82' lang='lat' dir='ltr'><strong>tecum</strong></span> <span class='ocrx_word' id='word_1_68' title='bbox 1960 1168 2030 1208; x_wconf 90' lang='lat' dir='ltr'><strong>ac</strong></span> <span class='ocrx_word' id='word_1_69' title='bbox 2055 1146 2284 1225; x_wconf 88' lang='lat' dir='ltr'><strong>pariter</strong></span> <span class='ocrx_word' id='word_1_70' title='bbox 2310 1146 2502 1220; x_wconf 88' lang='lat' dir='ltr'><strong>fieret,</strong></span> 
     </span>
    </p>
   </div>
   <div class='ocr_carea' id='block_1_4' title="bbox 1077 1244 2599 1420">
    <p class='ocr_par' dir='ltr' id='par_1_4' title="bbox 1077 1244 2580 1420">
     <span class='ocr_line' id='line_1_9' title="bbox 1077 1244 2148 1306; baseline -0.001 0"><span class='ocrx_word' id='word_1_71' title='bbox 1077 1247 1151 1306; x_wconf 82' lang='lat' dir='ltr'><strong>vt</strong></span> <span class='ocrx_word' id='word_1_72' title='bbox 1177 1244 1295 1306; x_wconf 90' lang='lat' dir='ltr'><strong>hoc</strong></span> <span class='ocrx_word' id='word_1_73' title='bbox 1321 1248 1431 1305; x_wconf 89' lang='lat' dir='ltr'><strong>aut</strong></span> <span class='ocrx_word' id='word_1_74' title='bbox 1458 1245 1676 1306; x_wconf 87' lang='lat' dir='ltr'><strong>itidem</strong></span> <span class='ocrx_word' id='word_1_75' title='bbox 1706 1244 1823 1306; x_wconf 89' lang='lat' dir='ltr'><strong>tibi</strong></span> <span class='ocrx_word' id='word_1_76' title='bbox 1850 1245 2148 1305; x_wconf 77' lang='lat' dir='ltr'><strong>doleret.</strong></span> 
     </span>
     <span class='ocr_line' id='line_1_10' title="bbox 1080 1341 2599 1420; baseline -0.001 -17"><span class='ocrx_word' id='word_1_77' title='bbox 1080 1344 1189 1403; x_wconf 86' lang='lat' dir='ltr'><strong>aut</strong></span> <span class='ocrx_word' id='word_1_78' title='bbox 1214 1362 1327 1420; x_wconf 88' lang='lat' dir='ltr'><strong>ego</strong></span> <span class='ocrx_word' id='word_1_79' title='bbox 1354 1343 1519 1403; x_wconf 88' lang='lat' dir='ltr'><strong>istud</strong></span> <span class='ocrx_word' id='word_1_80' title='bbox 1547 1343 1658 1403; x_wconf 89' lang='lat' dir='ltr'><strong>abs</strong></span> <span class='ocrx_word' id='word_1_81' title='bbox 1683 1344 1747 1403; x_wconf 91' lang='lat' dir='ltr'><strong>te</strong></span> <span class='ocrx_word' id='word_1_82' title='bbox 1772 1343 2010 1402; x_wconf 84' lang='lat' dir='ltr'><strong>factum</strong></span> <span class='ocrx_word' id='word_1_83' title='bbox 2038 1341 2223 1402; x_wconf 91' lang='lat' dir='ltr'><strong>nihili</strong></span> <span class='ocrx_word' id='word_1_84' title='bbox 2249 1342 2599 1420; x_wconf 88' lang='lat' dir='ltr'><strong>penderem.</strong></span> 
     </span>
    </p>
   </div>
   <div class='ocr_carea' id='block_1_5' title="bbox 588 1463 3082 3606">
    <p class='ocr_par' dir='ltr' id='par_1_5' title="bbox 588 1463 3082 3606">
     <span class='ocr_line' id='line_1_11' title="bbox 678 1463 3075 1544; baseline -0.002 -15"><span class='ocrx_word' id='word_1_85' title='bbox 678 1469 864 1544; x_wconf 86' lang='lat' dir='ltr'><strong>Quae,</strong></span> <span class='ocrx_word' id='word_1_86' title='bbox 910 1465 1176 1541; x_wconf 91' lang='lat' dir='ltr'><strong>obsecr0,</strong></span> <span class='ocrx_word' id='word_1_87' title='bbox 1220 1467 1399 1525; x_wconf 84' lang='lat' dir='ltr'><strong>tanta</strong></span> <span class='ocrx_word' id='word_1_88' title='bbox 1437 1484 1576 1526; x_wconf 88' lang='lat' dir='ltr'><strong>mea</strong></span> <span class='ocrx_word' id='word_1_89' title='bbox 1616 1464 1685 1525; x_wconf 88' lang='lat' dir='ltr'><strong>in</strong></span> <span class='ocrx_word' id='word_1_90' title='bbox 1725 1467 1791 1525; x_wconf 86' lang='lat' dir='ltr'><strong>te</strong></span> <span class='ocrx_word' id='word_1_91' title='bbox 1826 1464 2024 1543; x_wconf 87' lang='lat' dir='ltr'><strong>culpa,</strong></span> <span class='ocrx_word' id='word_1_92' title='bbox 2058 1466 2220 1543; x_wconf 92' lang='lat' dir='ltr'><strong>quod</strong></span> <span class='ocrx_word' id='word_1_93' title='bbox 2259 1463 2475 1539; x_wconf 77' lang='lat' dir='ltr'><strong>sceluS,</strong></span> <span class='ocrx_word' id='word_1_94' title='bbox 2507 1483 2662 1542; x_wconf 87' lang='lat' dir='ltr'><strong>quae</strong></span> <span class='ocrx_word' id='word_1_95' title='bbox 2699 1463 2952 1538; x_wconf 81' lang='lat' dir='ltr'><strong>offensa,</strong></span> <span class='ocrx_word' id='word_1_96' title='bbox 2999 1468 3075 1524; x_wconf 74' lang='lat' dir='ltr'><strong>vt</strong></span> 
     </span>
     <span class='ocr_line' id='line_1_12' title="bbox 590 1561 3079 1644; baseline -0.002 -17"><span class='ocrx_word' id='word_1_97' title='bbox 590 1584 650 1636; x_wconf 84' lang='lat'><strong>25</strong></span> <span class='ocrx_word' id='word_1_98' title='bbox 677 1585 869 1644; x_wconf 87' lang='lat' dir='ltr'><strong>vsque</strong></span> <span class='ocrx_word' id='word_1_99' title='bbox 925 1564 1076 1624; x_wconf 90' lang='lat' dir='ltr'><strong>adeo</strong></span> <span class='ocrx_word' id='word_1_100' title='bbox 1120 1561 1281 1623; x_wconf 86' lang='lat' dir='ltr'><strong>mihi</strong></span> <span class='ocrx_word' id='word_1_101' title='bbox 1325 1562 1640 1638; x_wconf 88' lang='lat' dir='ltr'><strong>obuersus,</strong></span> <span class='ocrx_word' id='word_1_102' title='bbox 1688 1582 1879 1641; x_wconf 87' lang='lat' dir='ltr'><strong>vsque</strong></span> <span class='ocrx_word' id='word_1_103' title='bbox 1923 1563 2077 1624; x_wconf 89' lang='lat' dir='ltr'><strong>adeo</strong></span> <span class='ocrx_word' id='word_1_104' title='bbox 2123 1563 2211 1624; x_wconf 89' lang='lat' dir='ltr'><strong>sis</strong></span> <span class='ocrx_word' id='word_1_105' title='bbox 2258 1561 2553 1622; x_wconf 90' lang='lat' dir='ltr'><strong>inimicus</strong></span> <span class='ocrx_word' id='word_1_106' title='bbox 2573 1563 2606 1622; x_wconf 77' lang='lat'><strong>⁰?</strong></span> <span class='ocrx_word' id='word_1_107' title='bbox 2689 1561 2850 1637; x_wconf 83' lang='lat' dir='ltr'><strong>Quid</strong></span> <span class='ocrx_word' id='word_1_108' title='bbox 2902 1565 3079 1621; x_wconf 78' lang='lat' dir='ltr'><strong>certe</strong></span> 
     </span>
     <span class='ocr_line' id='line_1_13' title="bbox 675 1659 3076 1741; baseline -0.002 -18"><span class='ocrx_word' id='word_1_109' title='bbox 675 1662 1056 1741; x_wconf 88' lang='lat' dir='ltr'><strong>peccauerim</strong></span> <span class='ocrx_word' id='word_1_110' title='bbox 1088 1681 1215 1721; x_wconf 92' lang='lat' dir='ltr'><strong>non</strong></span> <span class='ocrx_word' id='word_1_111' title='bbox 1242 1660 1424 1720; x_wconf 83' lang='lat' dir='ltr'><strong>video</strong></span> <span class='ocrx_word' id='word_1_112' title='bbox 1450 1682 1466 1735; x_wconf 68' lang='grc' dir='ltr'><strong>ς</strong></span> <span class='ocrx_word' id='word_1_113' title='bbox 1519 1660 1644 1720; x_wconf 88' lang='lat' dir='ltr'><strong>nisi</strong></span> <span class='ocrx_word' id='word_1_114' title='bbox 1671 1661 1790 1720; x_wconf 90' lang='lat' dir='ltr'><strong>hoc</strong></span> <span class='ocrx_word' id='word_1_115' title='bbox 1816 1680 2015 1721; x_wconf 81' lang='lat' dir='ltr'><strong>vnum</strong></span> <span class='ocrx_word' id='word_1_116' title='bbox 2041 1680 2321 1738; x_wconf 81' lang='lat' dir='ltr'><strong>peccasse</strong></span> <span class='ocrx_word' id='word_1_117' title='bbox 2353 1679 2532 1721; x_wconf 83' lang='lat' dir='ltr'><strong>voces</strong></span> <span class='ocrx_word' id='word_1_118' title='bbox 2558 1661 2721 1737; x_wconf 91' lang='lat' dir='ltr'><strong>quod</strong></span> <span class='ocrx_word' id='word_1_119' title='bbox 2760 1662 2854 1719; x_wconf 87' lang='lat' dir='ltr'><strong>est</strong></span> <span class='ocrx_word' id='word_1_120' title='bbox 2887 1659 3076 1719; x_wconf 78' lang='lat' dir='ltr'><strong>vnice</strong></span> 
     </span>
     <span class='ocr_line' id='line_1_14' title="bbox 675 1755 3076 1836; baseline -0.002 -15"><span class='ocrx_word' id='word_1_121' title='bbox 675 1779 928 1822; x_wconf 87' lang='lat' dir='ltr'><strong>amasse.</strong></span> <span class='ocrx_word' id='word_1_122' title='bbox 1018 1759 1139 1835; x_wconf 90' lang='lat' dir='ltr'><strong>Qui</strong></span> <span class='ocrx_word' id='word_1_123' title='bbox 1176 1759 1327 1819; x_wconf 87' lang='lat' dir='ltr'><strong>adeo</strong></span> <span class='ocrx_word' id='word_1_124' title='bbox 1363 1756 1631 1818; x_wconf 86' lang='lat' dir='ltr'><strong>crudelis</strong></span> <span class='ocrx_word' id='word_1_125' title='bbox 1662 1778 1730 1819; x_wconf 90' lang='lat' dir='ltr'><strong>es</strong></span> <span class='ocrx_word' id='word_1_126' title='bbox 1769 1757 2025 1833; x_wconf 83' lang='lat' dir='ltr'><strong>amanti,</strong></span> <span class='ocrx_word' id='word_1_127' title='bbox 2055 1758 2199 1836; x_wconf 91' lang='lat' dir='ltr'><strong>quid</strong></span> <span class='ocrx_word' id='word_1_128' title='bbox 2236 1777 2416 1832; x_wconf 84' lang='lat' dir='ltr'><strong>esses,</strong></span> <span class='ocrx_word' id='word_1_129' title='bbox 2445 1777 2568 1831; x_wconf 83' lang='lat' dir='ltr'><strong>ore,</strong></span> <span class='ocrx_word' id='word_1_130' title='bbox 2603 1755 2891 1817; x_wconf 77' lang='lat' dir='ltr'><strong>odienti?</strong></span> <span class='ocrx_word' id='word_1_131' title='bbox 2972 1757 3076 1816; x_wconf 85' lang='lat' dir='ltr'><strong>Tu</strong></span> 
     </span>
     <span class='ocr_line' id='line_1_15' title="bbox 674 1854 3069 1935; baseline -0.001 -18"><span class='ocrx_word' id='word_1_132' title='bbox 674 1854 838 1917; x_wconf 85' lang='lat' dir='ltr'><strong>mihi</strong></span> <span class='ocrx_word' id='word_1_133' title='bbox 861 1855 930 1915; x_wconf 92' lang='lat' dir='ltr'><strong>in</strong></span> <span class='ocrx_word' id='word_1_134' title='bbox 958 1875 1077 1931; x_wconf 87' lang='lat' dir='ltr'><strong>ore,</strong></span> <span class='ocrx_word' id='word_1_135' title='bbox 1109 1857 1180 1917; x_wconf 82' lang='lat' dir='ltr'><strong>tu</strong></span> <span class='ocrx_word' id='word_1_136' title='bbox 1207 1856 1277 1915; x_wconf 92' lang='lat' dir='ltr'><strong>in</strong></span> <span class='ocrx_word' id='word_1_137' title='bbox 1303 1857 1546 1935; x_wconf 76' lang='lat' dir='ltr'><strong>pectore</strong></span> <span class='ocrx_word' id='word_1_138' title='bbox 1573 1875 1836 1934; x_wconf 84' lang='lat' dir='ltr'><strong>semper,</strong></span> <span class='ocrx_word' id='word_1_139' title='bbox 1869 1858 1940 1915; x_wconf 84' lang='lat' dir='ltr'><strong>tu</strong></span> <span class='ocrx_word' id='word_1_140' title='bbox 1966 1876 2092 1916; x_wconf 81' lang='lat' dir='ltr'><strong>vna</strong></span> <span class='ocrx_word' id='word_1_141' title='bbox 2125 1875 2282 1933; x_wconf 90' lang='lat' dir='ltr'><strong>spes,</strong></span> <span class='ocrx_word' id='word_1_142' title='bbox 2321 1860 2395 1916; x_wconf 85' lang='lat' dir='ltr'><strong>tu</strong></span> <span class='ocrx_word' id='word_1_143' title='bbox 2433 1855 2678 1916; x_wconf 90' lang='lat' dir='ltr'><strong>animae</strong></span> <span class='ocrx_word' id='word_1_144' title='bbox 2710 1854 3069 1929; x_wconf 88' lang='lat' dir='ltr'><strong>dimidium,</strong></span> 
     </span>
     <span class='ocr_line' id='line_1_16' title="bbox 676 1952 3069 2031; baseline -0 -18"><span class='ocrx_word' id='word_1_145' title='bbox 676 1956 749 2013; x_wconf 83' lang='lat' dir='ltr'><strong>tu</strong></span> <span class='ocrx_word' id='word_1_146' title='bbox 791 1952 953 2014; x_wconf 77' lang='lat' dir='ltr'><strong>vitae</strong></span> <span class='ocrx_word' id='word_1_147' title='bbox 997 1952 1335 2028; x_wconf 86' lang='lat' dir='ltr'><strong>solatium;</strong></span> <span class='ocrx_word' id='word_1_148' title='bbox 1375 1956 1438 2013; x_wconf 91' lang='lat' dir='ltr'><strong>te</strong></span> <span class='ocrx_word' id='word_1_149' title='bbox 1487 1952 1758 2031; x_wconf 77' lang='lat' dir='ltr'><strong>absente,</strong></span> <span class='ocrx_word' id='word_1_150' title='bbox 1808 1953 1986 2014; x_wconf 87' lang='lat' dir='ltr'><strong>dulce</strong></span> <span class='ocrx_word' id='word_1_151' title='bbox 2035 1952 2193 2013; x_wconf 87' lang='lat' dir='ltr'><strong>mihi</strong></span> <span class='ocrx_word' id='word_1_152' title='bbox 2237 1958 2332 2016; x_wconf 85' lang='lat' dir='ltr'><strong>est</strong></span> <span class='ocrx_word' id='word_1_153' title='bbox 2376 1952 2575 2028; x_wconf 87' lang='lat' dir='ltr'><strong>nihi1;</strong></span> <span class='ocrx_word' id='word_1_154' title='bbox 2617 1956 2681 2014; x_wconf 89' lang='lat' dir='ltr'><strong>te</strong></span> <span class='ocrx_word' id='word_1_155' title='bbox 2721 1956 3069 2031; x_wconf 84' lang='lat' dir='ltr'><strong>praesente,</strong></span> 
     </span>
     <span class='ocr_line' id='line_1_17' title="bbox 588 2050 3077 2127; baseline 0.001 -18"><span class='ocrx_word' id='word_1_156' title='bbox 588 2073 653 2124; x_wconf 82' lang='lat'><strong>30</strong></span> <span class='ocrx_word' id='word_1_157' title='bbox 678 2070 963 2113; x_wconf 89' lang='lat' dir='ltr'><strong>amarum</strong></span> <span class='ocrx_word' id='word_1_158' title='bbox 1002 2052 1203 2127; x_wconf 87' lang='lat' dir='ltr'><strong>nihil;</strong></span> <span class='ocrx_word' id='word_1_159' title='bbox 1246 2071 1391 2112; x_wconf 90' lang='lat' dir='ltr'><strong>cum</strong></span> <span class='ocrx_word' id='word_1_160' title='bbox 1431 2051 1668 2112; x_wconf 88' lang='lat' dir='ltr'><strong>laetum</strong></span> <span class='ocrx_word' id='word_1_161' title='bbox 1703 2054 1768 2111; x_wconf 88' lang='lat' dir='ltr'><strong>te</strong></span> <span class='ocrx_word' id='word_1_162' title='bbox 1794 2050 2026 2126; x_wconf 81' lang='lat' dir='ltr'><strong>videro,</strong></span> <span class='ocrx_word' id='word_1_163' title='bbox 2061 2051 2396 2113; x_wconf 87' lang='lat' dir='ltr'><strong>obliuiscor</strong></span> <span class='ocrx_word' id='word_1_164' title='bbox 2432 2051 2714 2112; x_wconf 89' lang='lat' dir='ltr'><strong>dolorum</strong></span> <span class='ocrx_word' id='word_1_165' title='bbox 2746 2070 3035 2112; x_wconf 86' lang='lat' dir='ltr'><strong>meorum</strong></span> <span class='ocrx_word' id='word_1_166' title='bbox 3058 2074 3077 2112; x_wconf 88' lang='lat'>:</span> 
     </span>
     <span class='ocr_line' id='line_1_18' title="bbox 678 2148 3076 2228; baseline -0 -18"><span class='ocrx_word' id='word_1_167' title='bbox 678 2148 781 2210; x_wconf 90' lang='lat' dir='ltr'><strong>sin</strong></span> <span class='ocrx_word' id='word_1_168' title='bbox 809 2149 958 2228; x_wconf 92' lang='lat' dir='ltr'><strong>quid</strong></span> <span class='ocrx_word' id='word_1_169' title='bbox 984 2149 1102 2210; x_wconf 86' lang='lat' dir='ltr'><strong>tibi</strong></span> <span class='ocrx_word' id='word_1_170' title='bbox 1128 2149 1334 2212; x_wconf 80' lang='lat' dir='ltr'><strong>acerbi</strong></span> <span class='ocrx_word' id='word_1_171' title='bbox 1362 2149 1666 2225; x_wconf 87' lang='lat' dir='ltr'><strong>acciderit,</strong></span> <span class='ocrx_word' id='word_1_172' title='bbox 1697 2150 1785 2209; x_wconf 90' lang='lat' dir='ltr'><strong>sic</strong></span> <span class='ocrx_word' id='word_1_173' title='bbox 1826 2149 1914 2209; x_wconf 93' lang='lat' dir='ltr'><strong>dii</strong></span> <span class='ocrx_word' id='word_1_174' title='bbox 1952 2169 2051 2209; x_wconf 89' lang='lat' dir='ltr'><strong>me</strong></span> <span class='ocrx_word' id='word_1_175' title='bbox 2089 2152 2320 2225; x_wconf 85' lang='lat' dir='ltr'><strong>ament,</strong></span> <span class='ocrx_word' id='word_1_176' title='bbox 2355 2151 2411 2210; x_wconf 91' lang='lat' dir='ltr'><strong>si</strong></span> <span class='ocrx_word' id='word_1_177' title='bbox 2438 2148 2503 2210; x_wconf 92' lang='lat' dir='ltr'><strong>id</strong></span> <span class='ocrx_word' id='word_1_178' title='bbox 2533 2169 2658 2210; x_wconf 90' lang='lat' dir='ltr'><strong>non</strong></span> <span class='ocrx_word' id='word_1_179' title='bbox 2687 2148 2849 2209; x_wconf 88' lang='lat' dir='ltr'><strong>mihi</strong></span> <span class='ocrx_word' id='word_1_180' title='bbox 2881 2169 3076 2228; x_wconf 87' lang='lat' dir='ltr'><strong>quam</strong></span> 
     </span>
     <span class='ocr_line' id='line_1_19' title="bbox 678 2246 1615 2326; baseline 0.002 -20"><span class='ocrx_word' id='word_1_181' title='bbox 678 2246 795 2308; x_wconf 88' lang='lat' dir='ltr'><strong>tibi</strong></span> <span class='ocrx_word' id='word_1_182' title='bbox 823 2246 943 2326; x_wconf 87' lang='lat' dir='ltr'><strong>ipsi</strong></span> <span class='ocrx_word' id='word_1_183' title='bbox 968 2248 1137 2310; x_wconf 91' lang='lat' dir='ltr'><strong>dolet</strong></span> <span class='ocrx_word' id='word_1_184' title='bbox 1165 2247 1615 2309; x_wconf 71' lang='lat' dir='ltr'><strong>vehementius·</strong></span> 
     </span>
     <span class='ocr_line' id='line_1_20' title="bbox 759 2344 3068 2419; baseline -0 -12"><span class='ocrx_word' id='word_1_185' title='bbox 759 2345 1069 2407; x_wconf 84' lang='lat' dir='ltr'><strong>Haeccine</strong></span> <span class='ocrx_word' id='word_1_186' title='bbox 1096 2346 1328 2407; x_wconf 87' lang='lat' dir='ltr'><strong>faciens</strong></span> <span class='ocrx_word' id='word_1_187' title='bbox 1355 2349 1605 2406; x_wconf 83' lang='lat' dir='ltr'><strong>tantum</strong></span> <span class='ocrx_word' id='word_1_188' title='bbox 1633 2348 1819 2406; x_wconf 92' lang='lat' dir='ltr'><strong>tuum</strong></span> <span class='ocrx_word' id='word_1_189' title='bbox 1846 2344 1913 2405; x_wconf 89' lang='lat' dir='ltr'><strong>in</strong></span> <span class='ocrx_word' id='word_1_190' title='bbox 1943 2365 2043 2405; x_wconf 91' lang='lat' dir='ltr'><strong>me</strong></span> <span class='ocrx_word' id='word_1_191' title='bbox 2072 2346 2413 2407; x_wconf 90' lang='lat' dir='ltr'><strong>commerui</strong></span> <span class='ocrx_word' id='word_1_192' title='bbox 2445 2346 2656 2407; x_wconf 92' lang='lat' dir='ltr'><strong>odium</strong></span> <span class='ocrx_word' id='word_1_193' title='bbox 2677 2348 2710 2407; x_wconf 77' lang='lat'><strong>⁰?</strong></span> <span class='ocrx_word' id='word_1_194' title='bbox 2768 2346 2889 2406; x_wconf 88' lang='lat' dir='ltr'><strong>Sed</strong></span> <span class='ocrx_word' id='word_1_195' title='bbox 2917 2347 3068 2419; x_wconf 89' lang='lat' dir='ltr'><strong>iam,</strong></span> 
     </span>
     <span class='ocr_line' id='line_1_21' title="bbox 678 2442 3078 2522; baseline -0.001 -17"><span class='ocrx_word' id='word_1_196' title='bbox 678 2442 770 2505; x_wconf 87' lang='lat' dir='ltr'><strong>mi</strong></span> <span class='ocrx_word' id='word_1_197' title='bbox 816 2443 1077 2519; x_wconf 87' lang='lat' dir='ltr'><strong>Seruati,</strong></span> <span class='ocrx_word' id='word_1_198' title='bbox 1123 2464 1251 2505; x_wconf 91' lang='lat' dir='ltr'><strong>non</strong></span> <span class='ocrx_word' id='word_1_199' title='bbox 1299 2464 1442 2505; x_wconf 91' lang='lat' dir='ltr'><strong>sum</strong></span> <span class='ocrx_word' id='word_1_200' title='bbox 1482 2443 1726 2505; x_wconf 85' lang='lat' dir='ltr'><strong>nescius</strong></span> <span class='ocrx_word' id='word_1_201' title='bbox 1767 2443 1914 2522; x_wconf 89' lang='lat' dir='ltr'><strong>quid</strong></span> <span class='ocrx_word' id='word_1_202' title='bbox 1956 2463 2367 2522; x_wconf 85' lang='lat' dir='ltr'><strong>responsurus</strong></span> <span class='ocrx_word' id='word_1_203' title='bbox 2414 2442 2501 2505; x_wconf 89' lang='lat' dir='ltr'><strong>sis</strong></span> <span class='ocrx_word' id='word_1_204' title='bbox 2540 2444 2743 2504; x_wconf 85' lang='lat' dir='ltr'><strong>mihi:</strong></span> <span class='ocrx_word' id='word_1_205' title='bbox 2791 2444 2854 2505; x_wconf 92' lang='lat' dir='ltr'><strong>id</strong></span> <span class='ocrx_word' id='word_1_206' title='bbox 2896 2444 3078 2504; x_wconf 85' lang='lat' dir='ltr'><strong>enim</strong></span> 
     </span>
     <span class='ocr_line' id='line_1_22' title="bbox 592 2543 3076 2624; baseline -0 -20"><span class='ocrx_word' id='word_1_207' title='bbox 592 2573 652 2624; x_wconf 82' lang='lat'><strong>35</strong></span> <span class='ocrx_word' id='word_1_208' title='bbox 681 2544 844 2623; x_wconf 92' lang='lat' dir='ltr'><strong>quod</strong></span> <span class='ocrx_word' id='word_1_209' title='bbox 885 2563 1327 2622; x_wconf 83' lang='lat' dir='ltr'><strong>saepenumero</strong></span> <span class='ocrx_word' id='word_1_210' title='bbox 1367 2543 1568 2604; x_wconf 83' lang='lat' dir='ltr'><strong>soles:</strong></span> <span class='ocrx_word' id='word_1_211' title='bbox 1612 2546 1675 2604; x_wconf 89' lang='lat' dir='ltr'><strong>et</strong></span> <span class='ocrx_word' id='word_1_212' title='bbox 1713 2543 1878 2623; x_wconf 89' lang='lat' dir='ltr'><strong>quid,</strong></span> <span class='ocrx_word' id='word_1_213' title='bbox 1909 2543 2167 2623; x_wconf 84' lang='lat' dir='ltr'><strong>inquies,</strong></span> <span class='ocrx_word' id='word_1_214' title='bbox 2202 2564 2413 2604; x_wconf 89' lang='lat' dir='ltr'><strong>rerum</strong></span> <span class='ocrx_word' id='word_1_215' title='bbox 2451 2543 2567 2604; x_wconf 88' lang='lat' dir='ltr'><strong>tibi</strong></span> <span class='ocrx_word' id='word_1_216' title='bbox 2604 2543 2706 2605; x_wconf 86' lang='lat' dir='ltr'><strong>vis</strong></span> <span class='ocrx_word' id='word_1_217' title='bbox 2733 2543 2887 2620; x_wconf 89' lang='lat' dir='ltr'><strong>fieri,</strong></span> <span class='ocrx_word' id='word_1_218' title='bbox 2920 2544 3076 2622; x_wconf 90' lang='lat' dir='ltr'><strong>quid</strong></span> 
     </span>
     <span class='ocr_line' id='line_1_23' title="bbox 678 2641 3078 2722; baseline -0.001 -18"><span class='ocrx_word' id='word_1_219' title='bbox 678 2662 718 2704; x_wconf 91' lang='lat' dir='ltr'><strong>a</strong></span> <span class='ocrx_word' id='word_1_220' title='bbox 760 2662 864 2704; x_wconf 91' lang='lat' dir='ltr'><strong>me</strong></span> <span class='ocrx_word' id='word_1_221' title='bbox 905 2642 1151 2722; x_wconf 81' lang='lat' dir='ltr'><strong>exigis?</strong></span> <span class='ocrx_word' id='word_1_222' title='bbox 1191 2661 1348 2704; x_wconf 91' lang='lat' dir='ltr'><strong>num</strong></span> <span class='ocrx_word' id='word_1_223' title='bbox 1387 2643 1452 2702; x_wconf 92' lang='lat' dir='ltr'><strong>te</strong></span> <span class='ocrx_word' id='word_1_224' title='bbox 1495 2642 1638 2704; x_wconf 91' lang='lat' dir='ltr'><strong>odio</strong></span> <span class='ocrx_word' id='word_1_225' title='bbox 1679 2641 1928 2704; x_wconf 81' lang='lat' dir='ltr'><strong>habeo?</strong></span> <span class='ocrx_word' id='word_1_226' title='bbox 1969 2641 2115 2721; x_wconf 92' lang='lat' dir='ltr'><strong>quid</strong></span> <span class='ocrx_word' id='word_1_227' title='bbox 2160 2642 2411 2721; x_wconf 89' lang='lat' dir='ltr'><strong>inquam</strong></span> <span class='ocrx_word' id='word_1_228' title='bbox 2454 2641 2571 2704; x_wconf 89' lang='lat' dir='ltr'><strong>tibi</strong></span> <span class='ocrx_word' id='word_1_229' title='bbox 2611 2642 2708 2704; x_wconf 86' lang='lat' dir='ltr'><strong>vis</strong></span> <span class='ocrx_word' id='word_1_230' title='bbox 2727 2643 2760 2703; x_wconf 77' lang='lat'><strong>⁸?</strong></span> <span class='ocrx_word' id='word_1_231' title='bbox 2820 2641 3078 2719; x_wconf 78' lang='lat' dir='ltr'><strong>Rogas?</strong></span> 
     </span>
     <span class='ocr_line' id='line_1_24' title="bbox 679 2740 3077 2820; baseline -0.001 -18"><span class='ocrx_word' id='word_1_232' title='bbox 679 2761 810 2803; x_wconf 93' lang='lat' dir='ltr'><strong>non</strong></span> <span class='ocrx_word' id='word_1_233' title='bbox 862 2740 1026 2804; x_wconf 88' lang='lat' dir='ltr'><strong>mihi</strong></span> <span class='ocrx_word' id='word_1_234' title='bbox 1076 2762 1263 2820; x_wconf 89' lang='lat' dir='ltr'><strong>posco</strong></span> <span class='ocrx_word' id='word_1_235' title='bbox 1316 2744 1680 2819; x_wconf 83' lang='lat' dir='ltr'><strong>sumptuosa</strong></span> <span class='ocrx_word' id='word_1_236' title='bbox 1730 2760 2034 2816; x_wconf 90' lang='lat' dir='ltr'><strong>munera;</strong></span> <span class='ocrx_word' id='word_1_237' title='bbox 2101 2743 2351 2802; x_wconf 86' lang='lat' dir='ltr'><strong>tantum</strong></span> <span class='ocrx_word' id='word_1_238' title='bbox 2409 2741 2465 2802; x_wconf 91' lang='lat' dir='ltr'><strong>is</strong></span> <span class='ocrx_word' id='word_1_239' title='bbox 2516 2741 2585 2801; x_wconf 90' lang='lat' dir='ltr'><strong>in</strong></span> <span class='ocrx_word' id='word_1_240' title='bbox 2640 2761 2743 2802; x_wconf 90' lang='lat' dir='ltr'><strong>me</strong></span> <span class='ocrx_word' id='word_1_241' title='bbox 2796 2743 2944 2801; x_wconf 89' lang='lat' dir='ltr'><strong>tuus</strong></span> <span class='ocrx_word' id='word_1_242' title='bbox 2987 2741 3077 2800; x_wconf 78' lang='lat' dir='ltr'><strong>sit</strong></span> 
     </span>
     <span class='ocr_line' id='line_1_25' title="bbox 679 2837 3077 2918; baseline -0.002 -18"><span class='ocrx_word' id='word_1_243' title='bbox 679 2840 929 2900; x_wconf 86' lang='lat' dir='ltr'><strong>animus</strong></span> <span class='ocrx_word' id='word_1_244' title='bbox 953 2838 1062 2918; x_wconf 92' lang='lat' dir='ltr'><strong>qui</strong></span> <span class='ocrx_word' id='word_1_245' title='bbox 1099 2859 1245 2917; x_wconf 89' lang='lat' dir='ltr'><strong>erga</strong></span> <span class='ocrx_word' id='word_1_246' title='bbox 1279 2841 1345 2899; x_wconf 80' lang='lat' dir='ltr'><strong>te</strong></span> <span class='ocrx_word' id='word_1_247' title='bbox 1381 2858 1597 2913; x_wconf 89' lang='lat' dir='ltr'><strong>meus;</strong></span> <span class='ocrx_word' id='word_1_248' title='bbox 1638 2839 1766 2900; x_wconf 88' lang='lat' dir='ltr'><strong>iam</strong></span> <span class='ocrx_word' id='word_1_249' title='bbox 1804 2859 1907 2900; x_wconf 92' lang='lat' dir='ltr'><strong>me</strong></span> <span class='ocrx_word' id='word_1_250' title='bbox 1943 2839 2177 2899; x_wconf 84' lang='lat' dir='ltr'><strong>laetum</strong></span> <span class='ocrx_word' id='word_1_251' title='bbox 2213 2838 2567 2900; x_wconf 87' lang='lat' dir='ltr'><strong>reddideris.</strong></span> <span class='ocrx_word' id='word_1_252' title='bbox 2654 2840 2790 2901; x_wconf 89' lang='lat' dir='ltr'><strong>Aut</strong></span> <span class='ocrx_word' id='word_1_253' title='bbox 2827 2838 2883 2898; x_wconf 88' lang='lat' dir='ltr'><strong>si</strong></span> <span class='ocrx_word' id='word_1_254' title='bbox 2919 2837 3077 2897; x_wconf 86' lang='lat' dir='ltr'><strong>adeo</strong></span> 
     </span>
     <span class='ocr_line' id='line_1_26' title="bbox 679 2936 3077 3016; baseline -0.002 -17"><span class='ocrx_word' id='word_1_255' title='bbox 679 2958 936 2999; x_wconf 90' lang='lat' dir='ltr'><strong>auersus</strong></span> <span class='ocrx_word' id='word_1_256' title='bbox 969 2940 1065 2998; x_wconf 89' lang='lat' dir='ltr'><strong>est</strong></span> <span class='ocrx_word' id='word_1_257' title='bbox 1106 2938 1356 2998; x_wconf 84' lang='lat' dir='ltr'><strong>animus</strong></span> <span class='ocrx_word' id='word_1_258' title='bbox 1392 2939 1540 2998; x_wconf 84' lang='lat' dir='ltr'><strong>tuus</strong></span> <span class='ocrx_word' id='word_1_259' title='bbox 1575 2941 1647 2998; x_wconf 87' lang='lat' dir='ltr'><strong>vt</strong></span> <span class='ocrx_word' id='word_1_260' title='bbox 1683 2938 1878 2999; x_wconf 90' lang='lat' dir='ltr'><strong>nullis</strong></span> <span class='ocrx_word' id='word_1_261' title='bbox 1914 2938 2082 2998; x_wconf 88' lang='lat' dir='ltr'><strong>flecti</strong></span> <span class='ocrx_word' id='word_1_262' title='bbox 2115 2938 2400 3015; x_wconf 73' lang='lat' dir='ltr'><strong>pmcibus</strong></span> <span class='ocrx_word' id='word_1_263' title='bbox 2434 2940 2632 3016; x_wconf 88' lang='lat' dir='ltr'><strong>queat,</strong></span> <span class='ocrx_word' id='word_1_264' title='bbox 2663 2937 2727 2998; x_wconf 95' lang='lat' dir='ltr'><strong>id</strong></span> <span class='ocrx_word' id='word_1_265' title='bbox 2756 2956 2834 2997; x_wconf 82' lang='lat' dir='ltr'><strong>ex</strong></span> <span class='ocrx_word' id='word_1_266' title='bbox 2859 2936 3077 2996; x_wconf 89' lang='lat' dir='ltr'><strong>animo</strong></span> 
     </span>
     <span class='ocr_line' id='line_1_27' title="bbox 591 3034 3079 3114; baseline -0.001 -18"><span class='ocrx_word' id='word_1_267' title='bbox 591 3060 657 3111; x_wconf 81' lang='lat'><strong>40</strong></span> <span class='ocrx_word' id='word_1_268' title='bbox 679 3034 865 3110; x_wconf 88' lang='lat' dir='ltr'><strong>plane</strong></span> <span class='ocrx_word' id='word_1_269' title='bbox 906 3035 1148 3100; x_wconf 78' lang='lat' dir='ltr'><strong>edicito.</strong></span> <span class='ocrx_word' id='word_1_270' title='bbox 1238 3035 1565 3113; x_wconf 79' lang='lat' dir='ltr'><strong>Quousque</strong></span> <span class='ocrx_word' id='word_1_271' title='bbox 1605 3035 1770 3095; x_wconf 90' lang='lat' dir='ltr'><strong>mihi</strong></span> <span class='ocrx_word' id='word_1_272' title='bbox 1810 3034 2031 3096; x_wconf 86' lang='lat' dir='ltr'><strong>illudis</strong></span> <span class='ocrx_word' id='word_1_273' title='bbox 2050 3037 2083 3096; x_wconf 75' lang='lat'><strong>⁶?</strong></span> <span class='ocrx_word' id='word_1_274' title='bbox 2130 3054 2447 3114; x_wconf 87' lang='lat' dir='ltr'><strong>quousque</strong></span> <span class='ocrx_word' id='word_1_275' title='bbox 2486 3054 2855 3112; x_wconf 86' lang='lat' dir='ltr'><strong>suspensam</strong></span> <span class='ocrx_word' id='word_1_276' title='bbox 2895 3035 3079 3094; x_wconf 86' lang='lat' dir='ltr'><strong>tenes</strong></span> 
     </span>
     <span class='ocr_line' id='line_1_28' title="bbox 680 3131 3079 3210; baseline -0 -17"><span class='ocrx_word' id='word_1_277' title='bbox 680 3132 958 3193; x_wconf 89' lang='lat' dir='ltr'><strong>animam</strong></span> <span class='ocrx_word' id='word_1_278' title='bbox 978 3134 1011 3193; x_wconf 77' lang='lat'><strong>⁴?</strong></span> <span class='ocrx_word' id='word_1_279' title='bbox 1051 3151 1220 3193; x_wconf 91' lang='lat' dir='ltr'><strong>nunc</strong></span> <span class='ocrx_word' id='word_1_280' title='bbox 1257 3135 1321 3193; x_wconf 85' lang='lat' dir='ltr'><strong>te</strong></span> <span class='ocrx_word' id='word_1_281' title='bbox 1358 3133 1632 3197; x_wconf 89' lang='lat' dir='ltr'><strong>amicum</strong></span> <span class='ocrx_word' id='word_1_282' title='bbox 1665 3131 1943 3207; x_wconf 87' lang='lat' dir='ltr'><strong>simulas,</strong></span> <span class='ocrx_word' id='word_1_283' title='bbox 1977 3153 2148 3194; x_wconf 93' lang='lat' dir='ltr'><strong>nunc</strong></span> <span class='ocrx_word' id='word_1_284' title='bbox 2187 3153 2404 3195; x_wconf 88' lang='lat' dir='ltr'><strong>rursus</strong></span> <span class='ocrx_word' id='word_1_285' title='bbox 2444 3133 2846 3208; x_wconf 86' lang='lat' dir='ltr'><strong>dissimulas;</strong></span> <span class='ocrx_word' id='word_1_286' title='bbox 2888 3134 3079 3210; x_wconf 85' lang='lat' dir='ltr'><strong>atque</strong></span> 
     </span>
     <span class='ocr_line' id='line_1_29' title="bbox 681 3230 3079 3311; baseline 0.001 -22"><span class='ocrx_word' id='word_1_287' title='bbox 681 3248 795 3307; x_wconf 91' lang='lat' dir='ltr'><strong>ego</strong></span> <span class='ocrx_word' id='word_1_288' title='bbox 833 3230 998 3291; x_wconf 75' lang='lat' dir='ltr'><strong>inter</strong></span> <span class='ocrx_word' id='word_1_289' title='bbox 1036 3231 1189 3291; x_wconf 87' lang='lat' dir='ltr'><strong>haec</strong></span> <span class='ocrx_word' id='word_1_290' title='bbox 1229 3251 1383 3308; x_wconf 89' lang='lat' dir='ltr'><strong>quos</strong></span> <span class='ocrx_word' id='word_1_291' title='bbox 1424 3250 1551 3291; x_wconf 91' lang='lat' dir='ltr'><strong>non</strong></span> <span class='ocrx_word' id='word_1_292' title='bbox 1595 3230 1792 3291; x_wconf 87' lang='lat' dir='ltr'><strong>animi</strong></span> <span class='ocrx_word' id='word_1_293' title='bbox 1826 3231 2026 3308; x_wconf 90' lang='lat' dir='ltr'><strong>patior</strong></span> <span class='ocrx_word' id='word_1_294' title='bbox 2055 3233 2362 3294; x_wconf 85' lang='lat' dir='ltr'><strong>cruciatus</strong></span> <span class='ocrx_word' id='word_1_295' title='bbox 2381 3234 2414 3294; x_wconf 77' lang='lat'><strong>⁶?</strong></span> <span class='ocrx_word' id='word_1_296' title='bbox 2495 3232 2733 3311; x_wconf 83' lang='lat' dir='ltr'><strong>Itaque,</strong></span> <span class='ocrx_word' id='word_1_297' title='bbox 2764 3230 3079 3292; x_wconf 85' lang='lat' dir='ltr'><strong>sodalium</strong></span> 
     </span>
     <span class='ocr_line' id='line_1_30' title="bbox 681 3326 3080 3409; baseline 0.002 -21"><span class='ocrx_word' id='word_1_298' title='bbox 681 3326 1057 3403; x_wconf 83' lang='lat' dir='ltr'><strong>dulcissime,</strong></span> <span class='ocrx_word' id='word_1_299' title='bbox 1088 3327 1145 3388; x_wconf 90' lang='lat' dir='ltr'><strong>si</strong></span> <span class='ocrx_word' id='word_1_300' title='bbox 1182 3326 1353 3389; x_wconf 87' lang='lat' dir='ltr'><strong>vllus</strong></span> <span class='ocrx_word' id='word_1_301' title='bbox 1391 3327 1679 3405; x_wconf 90' lang='lat' dir='ltr'><strong>precibus</strong></span> <span class='ocrx_word' id='word_1_302' title='bbox 1718 3330 1877 3389; x_wconf 89' lang='lat' dir='ltr'><strong>meis</strong></span> <span class='ocrx_word' id='word_1_303' title='bbox 1916 3330 2079 3408; x_wconf 89' lang='lat' dir='ltr'><strong>apud</strong></span> <span class='ocrx_word' id='word_1_304' title='bbox 2121 3334 2184 3391; x_wconf 91' lang='lat' dir='ltr'><strong>te</strong></span> <span class='ocrx_word' id='word_1_305' title='bbox 2225 3332 2400 3393; x_wconf 87' lang='lat' dir='ltr'><strong>locus</strong></span> <span class='ocrx_word' id='word_1_306' title='bbox 2439 3334 2734 3409; x_wconf 72' lang='lat' dir='ltr'><strong>superest,</strong></span> <span class='ocrx_word' id='word_1_307' title='bbox 2766 3331 2831 3391; x_wconf 92' lang='lat' dir='ltr'><strong>id</strong></span> <span class='ocrx_word' id='word_1_308' title='bbox 2874 3351 3080 3393; x_wconf 77' lang='lat' dir='ltr'><strong>vnum</strong></span> 
     </span>
     <span class='ocr_line' id='line_1_31' title="bbox 681 3424 3082 3506; baseline 0.002 -21"><span class='ocrx_word' id='word_1_309' title='bbox 681 3424 1100 3504; x_wconf 83' lang='lat' dir='ltr'><strong>maximopere</strong></span> <span class='ocrx_word' id='word_1_310' title='bbox 1127 3428 1189 3485; x_wconf 88' lang='lat' dir='ltr'><strong>et</strong></span> <span class='ocrx_word' id='word_1_311' title='bbox 1217 3445 1325 3486; x_wconf 92' lang='lat' dir='ltr'><strong>oro</strong></span> <span class='ocrx_word' id='word_1_312' title='bbox 1352 3429 1414 3485; x_wconf 86' lang='lat' dir='ltr'><strong>et</strong></span> <span class='ocrx_word' id='word_1_313' title='bbox 1442 3426 1705 3500; x_wconf 88' lang='lat' dir='ltr'><strong>obsecro,</strong></span> <span class='ocrx_word' id='word_1_314' title='bbox 1738 3429 1811 3487; x_wconf 81' lang='lat' dir='ltr'><strong>vt</strong></span> <span class='ocrx_word' id='word_1_315' title='bbox 1844 3427 2042 3488; x_wconf 84' lang='lat' dir='ltr'><strong>animi</strong></span> <span class='ocrx_word' id='word_1_316' title='bbox 2081 3428 2177 3489; x_wconf 89' lang='lat' dir='ltr'><strong>tui</strong></span> <span class='ocrx_word' id='word_1_317' title='bbox 2209 3430 2588 3490; x_wconf 72' lang='lat' dir='ltr'><strong>sententiam</strong></span> <span class='ocrx_word' id='word_1_318' title='bbox 2626 3448 2755 3490; x_wconf 90' lang='lat' dir='ltr'><strong>non</strong></span> <span class='ocrx_word' id='word_1_319' title='bbox 2783 3427 3082 3506; x_wconf 86' lang='lat' dir='ltr'><strong>ambigue</strong></span> 
     </span>
     <span class='ocr_line' id='line_1_32' title="bbox 594 3521 2690 3606; baseline 0.003 -24"><span class='ocrx_word' id='word_1_320' title='bbox 594 3546 657 3596; x_wconf 81' lang='lat'><strong>45</strong></span> <span class='ocrx_word' id='word_1_321' title='bbox 683 3521 844 3583; x_wconf 90' lang='lat' dir='ltr'><strong>mihi</strong></span> <span class='ocrx_word' id='word_1_322' title='bbox 868 3522 1162 3600; x_wconf 88' lang='lat' dir='ltr'><strong>proferas,</strong></span> <span class='ocrx_word' id='word_1_323' title='bbox 1195 3541 1275 3583; x_wconf 91' lang='lat' dir='ltr'><strong>ne</strong></span> <span class='ocrx_word' id='word_1_324' title='bbox 1303 3543 1405 3584; x_wconf 90' lang='lat' dir='ltr'><strong>me</strong></span> <span class='ocrx_word' id='word_1_325' title='bbox 1434 3523 1671 3584; x_wconf 82' lang='lat' dir='ltr'><strong>diutius</strong></span> <span class='ocrx_word' id='word_1_326' title='bbox 1697 3524 1814 3585; x_wconf 89' lang='lat' dir='ltr'><strong>hoc</strong></span> <span class='ocrx_word' id='word_1_327' title='bbox 1841 3525 2080 3586; x_wconf 87' lang='lat' dir='ltr'><strong>crudeli</strong></span> <span class='ocrx_word' id='word_1_328' title='bbox 2108 3546 2323 3588; x_wconf 89' lang='lat' dir='ltr'><strong>eneces</strong></span> <span class='ocrx_word' id='word_1_329' title='bbox 2348 3527 2690 3606; x_wconf 86' lang='lat' dir='ltr'><strong>dispendio.</strong></span> 
     </span>
    </p>
   </div>
   <div class='ocr_carea' id='block_1_6' title="bbox 1089 3645 2650 3727">
    <p class='ocr_par' dir='ltr' id='par_1_6' title="bbox 1089 3645 2650 3727">
     <span class='ocr_line' id='line_1_33' title="bbox 1089 3645 2650 3727; baseline 0.001 -19"><span class='ocrx_word' id='word_1_330' title='bbox 1089 3645 1209 3708; x_wconf 84' lang='lat' dir='ltr'><strong>Sed</strong></span> <span class='ocrx_word' id='word_1_331' title='bbox 1238 3646 1384 3724; x_wconf 91' lang='lat' dir='ltr'><strong>quid</strong></span> <span class='ocrx_word' id='word_1_332' title='bbox 1413 3666 1528 3724; x_wconf 92' lang='lat' dir='ltr'><strong>ego</strong></span> <span class='ocrx_word' id='word_1_333' title='bbox 1553 3646 1669 3707; x_wconf 89' lang='lat' dir='ltr'><strong>has</strong></span> <span class='ocrx_word' id='word_1_334' title='bbox 1695 3646 2009 3709; x_wconf 87' lang='lat' dir='ltr'><strong>incassum</strong></span> <span class='ocrx_word' id='word_1_335' title='bbox 2038 3649 2293 3710; x_wconf 85' lang='lat' dir='ltr'><strong>effundo</strong></span> <span class='ocrx_word' id='word_1_336' title='bbox 2320 3649 2601 3727; x_wconf 88' lang='lat' dir='ltr'><strong>querelas</strong></span> <span class='ocrx_word' id='word_1_337' title='bbox 2617 3652 2650 3710; x_wconf 81' lang='lat'><strong>⁴?</strong></span> 
     </span>
    </p>
   </div>
   <div class='ocr_carea' id='block_1_7' title="bbox 596 3767 3091 4439">
    <p class='ocr_par' dir='ltr' id='par_1_7' title="bbox 682 3767 3082 4045">
     <span class='ocr_line' id='line_1_34' title="bbox 767 3767 3082 3847; baseline 0.002 -18"><span class='ocrx_word' id='word_1_338' title='bbox 767 3767 908 3829; x_wconf 88' lang='lat' dir='ltr'><strong>Iam</strong></span> <span class='ocrx_word' id='word_1_339' title='bbox 934 3768 1062 3830; x_wconf 91' lang='lat' dir='ltr'><strong>scio</strong></span> <span class='ocrx_word' id='word_1_340' title='bbox 1091 3772 1155 3829; x_wconf 84' lang='lat' dir='ltr'><strong>te</strong></span> <span class='ocrx_word' id='word_1_341' title='bbox 1180 3789 1395 3830; x_wconf 87' lang='lat' dir='ltr'><strong>aurem</strong></span> <span class='ocrx_word' id='word_1_342' title='bbox 1420 3768 1684 3829; x_wconf 90' lang='lat' dir='ltr'><strong>minime</strong></span> <span class='ocrx_word' id='word_1_343' title='bbox 1708 3769 2151 3847; x_wconf 84' lang='lat' dir='ltr'><strong>praebiturum.</strong></span> <span class='ocrx_word' id='word_1_344' title='bbox 2241 3771 2404 3847; x_wconf 83' lang='lat' dir='ltr'><strong>Quid</strong></span> <span class='ocrx_word' id='word_1_345' title='bbox 2445 3772 2621 3833; x_wconf 88' lang='lat' dir='ltr'><strong>inani</strong></span> <span class='ocrx_word' id='word_1_346' title='bbox 2657 3771 2865 3833; x_wconf 90' lang='lat' dir='ltr'><strong>studio</strong></span> <span class='ocrx_word' id='word_1_347' title='bbox 2891 3771 3082 3834; x_wconf 82' lang='lat' dir='ltr'><strong>littus</strong></span> 
     </span>
     <span class='ocr_line' id='line_1_35' title="bbox 683 3865 3080 3948; baseline 0.001 -19"><span class='ocrx_word' id='word_1_348' title='bbox 683 3886 856 3929; x_wconf 86' lang='lat' dir='ltr'><strong>arare</strong></span> <span class='ocrx_word' id='word_1_349' title='bbox 897 3870 1004 3929; x_wconf 83' lang='lat' dir='ltr'><strong>aut</strong></span> <span class='ocrx_word' id='word_1_350' title='bbox 1053 3867 1306 3929; x_wconf 90' lang='lat' dir='ltr'><strong>abluere</strong></span> <span class='ocrx_word' id='word_1_351' title='bbox 1348 3869 1606 3929; x_wconf 84' lang='lat' dir='ltr'><strong>laterem</strong></span> <span class='ocrx_word' id='word_1_352' title='bbox 1656 3868 1965 3928; x_wconf 84' lang='lat' dir='ltr'><strong>contendo</strong></span> <span class='ocrx_word' id='word_1_353' title='bbox 1982 3870 2014 3929; x_wconf 72' lang='lat'><strong>‘1’</strong></span> <span class='ocrx_word' id='word_1_354' title='bbox 2055 3869 2205 3946; x_wconf 91' lang='lat' dir='ltr'><strong>quid</strong></span> <span class='ocrx_word' id='word_1_355' title='bbox 2250 3889 2364 3948; x_wconf 90' lang='lat' dir='ltr'><strong>ego</strong></span> <span class='ocrx_word' id='word_1_356' title='bbox 2408 3865 2661 3931; x_wconf 75' lang='lat' dir='ltr'><strong>diutius&#39;</strong></span> <span class='ocrx_word' id='word_1_357' title='bbox 2689 3871 2806 3932; x_wconf 89' lang='lat' dir='ltr'><strong>hoc</strong></span> <span class='ocrx_word' id='word_1_358' title='bbox 2853 3890 3080 3931; x_wconf 85' lang='lat' dir='ltr'><strong>saxum</strong></span> 
     </span>
     <span class='ocr_line' id='line_1_36' title="bbox 682 3963 3082 4045; baseline 0.001 -18"><span class='ocrx_word' id='word_1_359' title='bbox 682 3963 869 4027; x_wconf 82' lang='lat' dir='ltr'><strong>voluo</strong></span> <span class='ocrx_word' id='word_1_360' title='bbox 885 3966 920 4027; x_wconf 68' lang='grc' dir='ltr'><strong>’ἲ</strong></span> <span class='ocrx_word' id='word_1_361' title='bbox 1001 3966 1071 4028; x_wconf 87' lang='lat' dir='ltr'><strong>Si</strong></span> <span class='ocrx_word' id='word_1_362' title='bbox 1110 3966 1321 4044; x_wconf 87' lang='lat' dir='ltr'><strong>itaque</strong></span> <span class='ocrx_word' id='word_1_363' title='bbox 1362 3968 1435 4026; x_wconf 83' lang='lat' dir='ltr'><strong>tu</strong></span> <span class='ocrx_word' id='word_1_364' title='bbox 1474 3969 1772 4045; x_wconf 84' lang='lat' dir='ltr'><strong>perpetuo</strong></span> <span class='ocrx_word' id='word_1_365' title='bbox 1813 3965 1883 4027; x_wconf 87' lang='lat' dir='ltr'><strong>in</strong></span> <span class='ocrx_word' id='word_1_366' title='bbox 1922 3969 2034 4027; x_wconf 87' lang='lat' dir='ltr'><strong>tua</strong></span> <span class='ocrx_word' id='word_1_367' title='bbox 2074 3968 2359 4045; x_wconf 88' lang='lat' dir='ltr'><strong>persistis</strong></span> <span class='ocrx_word' id='word_1_368' title='bbox 2401 3970 2724 4043; x_wconf 85' lang='lat' dir='ltr'><strong>sententia,</strong></span> <span class='ocrx_word' id='word_1_369' title='bbox 2757 3972 2830 4030; x_wconf 83' lang='lat' dir='ltr'><strong>vt</strong></span> <span class='ocrx_word' id='word_1_370' title='bbox 2872 3969 3082 4029; x_wconf 87' lang='lat' dir='ltr'><strong>odisse</strong></span> 
     </span>
    </p>

    <p class='ocr_par' dir='ltr' id='par_1_8' title="bbox 596 4064 3091 4439">
     <span class='ocr_line' id='line_1_37' title="bbox 596 4064 3091 4146; baseline 0.002 -23"><span class='ocrx_word' id='word_1_371' title='bbox 596 4087 661 4138; x_wconf 84' lang='lat'><strong>50</strong></span> <span class='ocrx_word' id='word_1_372' title='bbox 683 4083 873 4141; x_wconf 89' lang='lat' dir='ltr'><strong>quam</strong></span> <span class='ocrx_word' id='word_1_373' title='bbox 913 4083 1154 4126; x_wconf 87' lang='lat' dir='ltr'><strong>amasse</strong></span> <span class='ocrx_word' id='word_1_374' title='bbox 1196 4065 1395 4140; x_wconf 88' lang='lat' dir='ltr'><strong>malis,</strong></span> <span class='ocrx_word' id='word_1_375' title='bbox 1429 4065 1599 4125; x_wconf 87' lang='lat' dir='ltr'><strong>odito</strong></span> <span class='ocrx_word' id='word_1_376' title='bbox 1626 4067 1698 4126; x_wconf 84' lang='lat' dir='ltr'><strong>vt</strong></span> <span class='ocrx_word' id='word_1_377' title='bbox 1736 4064 1953 4139; x_wconf 80' lang='lat' dir='ltr'><strong>lubet3</strong></span> <span class='ocrx_word' id='word_1_378' title='bbox 1993 4085 2108 4142; x_wconf 92' lang='lat' dir='ltr'><strong>ego</strong></span> <span class='ocrx_word' id='word_1_379' title='bbox 2148 4068 2359 4127; x_wconf 87' lang='lat' dir='ltr'><strong>tamen</strong></span> <span class='ocrx_word' id='word_1_380' title='bbox 2399 4069 2463 4127; x_wconf 83' lang='lat' dir='ltr'><strong>te</strong></span> <span class='ocrx_word' id='word_1_381' title='bbox 2504 4087 2827 4146; x_wconf 88' lang='lat' dir='ltr'><strong>nunquam</strong></span> <span class='ocrx_word' id='word_1_382' title='bbox 2867 4087 3091 4128; x_wconf 75' lang='lat' dir='ltr'><strong>amare</strong></span> 
     </span>
     <span class='ocr_line' id='line_1_38' title="bbox 684 4163 3085 4244; baseline 0.002 -22"><span class='ocrx_word' id='word_1_383' title='bbox 684 4181 812 4222; x_wconf 92' lang='lat' dir='ltr'><strong>non</strong></span> <span class='ocrx_word' id='word_1_384' title='bbox 838 4166 1072 4241; x_wconf 87' lang='lat' dir='ltr'><strong>potero.</strong></span> <span class='ocrx_word' id='word_1_385' title='bbox 1160 4163 1541 4225; x_wconf 85' lang='lat' dir='ltr'><strong>Moderatius</strong></span> <span class='ocrx_word' id='word_1_386' title='bbox 1576 4168 1792 4224; x_wconf 88' lang='lat' dir='ltr'><strong>tamen</strong></span> <span class='ocrx_word' id='word_1_387' title='bbox 1830 4163 1894 4224; x_wconf 94' lang='lat' dir='ltr'><strong>id</strong></span> <span class='ocrx_word' id='word_1_388' title='bbox 1936 4163 2212 4225; x_wconf 84' lang='lat' dir='ltr'><strong>facturus</strong></span> <span class='ocrx_word' id='word_1_389' title='bbox 2250 4184 2410 4240; x_wconf 91' lang='lat' dir='ltr'><strong>sum,</strong></span> <span class='ocrx_word' id='word_1_390' title='bbox 2443 4185 2523 4225; x_wconf 89' lang='lat' dir='ltr'><strong>ne</strong></span> <span class='ocrx_word' id='word_1_391' title='bbox 2555 4166 2686 4244; x_wconf 87' lang='lat' dir='ltr'><strong>ipse</strong></span> <span class='ocrx_word' id='word_1_392' title='bbox 2712 4186 2815 4226; x_wconf 92' lang='lat' dir='ltr'><strong>me</strong></span> <span class='ocrx_word' id='word_1_393' title='bbox 2843 4167 3085 4227; x_wconf 83' lang='lat' dir='ltr'><strong>frustra</strong></span> 
     </span>
     <span class='ocr_line' id='line_1_39' title="bbox 684 4260 3080 4341; baseline 0.001 -21"><span class='ocrx_word' id='word_1_394' title='bbox 684 4260 1048 4337; x_wconf 86' lang='lat' dir='ltr'><strong>excruciem,</strong></span> <span class='ocrx_word' id='word_1_395' title='bbox 1100 4262 1601 4341; x_wconf 88' lang='lat' dir='ltr'><strong>quandoquidem</strong></span> <span class='ocrx_word' id='word_1_396' title='bbox 1644 4261 1756 4322; x_wconf 89' lang='lat' dir='ltr'><strong>abs</strong></span> <span class='ocrx_word' id='word_1_397' title='bbox 1802 4265 1864 4322; x_wconf 89' lang='lat' dir='ltr'><strong>te</strong></span> <span class='ocrx_word' id='word_1_398' title='bbox 1912 4261 2120 4322; x_wconf 85' lang='lat' dir='ltr'><strong>solatii</strong></span> <span class='ocrx_word' id='word_1_399' title='bbox 2168 4262 2587 4341; x_wconf 87' lang='lat' dir='ltr'><strong>proficiscitur</strong></span> <span class='ocrx_word' id='word_1_400' title='bbox 2630 4264 2808 4325; x_wconf 88' lang='lat' dir='ltr'><strong>nihil.</strong></span> <span class='ocrx_word' id='word_1_401' title='bbox 2896 4263 3080 4338; x_wconf 85' lang='lat' dir='ltr'><strong>Vale,</strong></span> 
     </span>
     <span class='ocr_line' id='line_1_40' title="bbox 684 4357 3026 4439; baseline 0 -21"><span class='ocrx_word' id='word_1_402' title='bbox 684 4357 896 4418; x_wconf 87' lang='lat' dir='ltr'><strong>anime</strong></span> <span class='ocrx_word' id='word_1_403' title='bbox 922 4360 1033 4435; x_wconf 91' lang='lat' dir='ltr'><strong>mi,</strong></span> <span class='ocrx_word' id='word_1_404' title='bbox 1063 4362 1125 4420; x_wconf 86' lang='lat' dir='ltr'><strong>et</strong></span> <span class='ocrx_word' id='word_1_405' title='bbox 1152 4362 1213 4419; x_wconf 91' lang='lat' dir='ltr'><strong>te</strong></span> <span class='ocrx_word' id='word_1_406' title='bbox 1241 4362 1560 4420; x_wconf 84' lang='lat' dir='ltr'><strong>amantem</strong></span> <span class='ocrx_word' id='word_1_407' title='bbox 1587 4360 1669 4436; x_wconf 85' lang='lat' dir='ltr'><strong>(si</strong></span> <span class='ocrx_word' id='word_1_408' title='bbox 1700 4359 1848 4439; x_wconf 93' lang='lat' dir='ltr'><strong>quid</strong></span> <span class='ocrx_word' id='word_1_409' title='bbox 1879 4359 1947 4419; x_wconf 92' lang='lat' dir='ltr'><strong>in</strong></span> <span class='ocrx_word' id='word_1_410' title='bbox 1975 4364 2039 4420; x_wconf 90' lang='lat' dir='ltr'><strong>te</strong></span> <span class='ocrx_word' id='word_1_411' title='bbox 2066 4361 2342 4421; x_wconf 90' lang='lat' dir='ltr'><strong>hominis</strong></span> <span class='ocrx_word' id='word_1_412' title='bbox 2366 4362 2485 4438; x_wconf 83' lang='lat' dir='ltr'><strong>est)</strong></span> <span class='ocrx_word' id='word_1_413' title='bbox 2514 4362 2793 4423; x_wconf 91' lang='lat' dir='ltr'><strong>redames</strong></span> <span class='ocrx_word' id='word_1_414' title='bbox 2818 4362 3026 4424; x_wconf 84' lang='lat' dir='ltr'><strong>facito.</strong></span> 
     </span>
    </p>
   </div>
   <div class='ocr_carea' id='block_1_8' title="bbox 1176 4503 2584 4566">
    <p class='ocr_par' dir='ltr' id='par_1_9' title="bbox 1176 4503 2584 4566">
     <span class='ocr_line' id='line_1_41' title="bbox 1176 4503 2584 4566; baseline 0.001 -11"><span class='ocrx_word' id='word_1_415' title='bbox 1176 4521 1258 4556; x_wconf 64' lang='grc' dir='ltr'><strong>σο.</strong></span> <span class='ocrx_word' id='word_1_416' title='bbox 1292 4520 1407 4555; x_wconf 82' lang='lat' dir='ltr'><strong>esse</strong></span> <span class='ocrx_word' id='word_1_417' title='bbox 1431 4503 1502 4557; x_wconf 84' lang='lat'><strong>0¹.</strong></span> <span class='ocrx_word' id='word_1_418' title='bbox 1704 4519 1784 4566; x_wconf 86' lang='lat'><strong>30.</strong></span> <span class='ocrx_word' id='word_1_419' title='bbox 1817 4521 2065 4556; x_wconf 82' lang='lat' dir='ltr'><strong>amarum</strong></span> <span class='ocrx_word' id='word_1_420' title='bbox 2088 4510 2184 4557; x_wconf 86' lang='lat' dir='ltr'><strong>LB.</strong></span> <span class='ocrx_word' id='word_1_421' title='bbox 2208 4525 2221 4555; x_wconf 89' lang='lat'>:</span> <span class='ocrx_word' id='word_1_422' title='bbox 2253 4509 2488 4556; x_wconf 83' lang='lat' dir='ltr'><strong>amicum</strong></span> <span class='ocrx_word' id='word_1_423' title='bbox 2514 4506 2584 4557; x_wconf 87' lang='lat'><strong>0¹.</strong></span> 
     </span>
    </p>
   </div>
   <div class='ocr_carea' id='block_1_9' title="bbox 757 4671 2935 4741">
    <p class='ocr_par' dir='ltr' id='par_1_10' title="bbox 757 4671 2935 4741">
     <span class='ocr_line' id='line_1_42' title="bbox 757 4671 2935 4741; baseline 0.003 -21"><span class='ocrx_word' id='word_1_424' title='bbox 757 4685 835 4736; x_wconf 83' lang='lat'><strong>19.</strong></span> <span class='ocrx_word' id='word_1_425' title='bbox 868 4671 1282 4737; x_wconf 78' lang='lat' dir='ltr'><strong>Terentianum]</strong></span> <span class='ocrx_word' id='word_1_426' title='bbox 1307 4677 1433 4723; x_wconf 75' lang='lat' dir='ltr'><strong>Eun.</strong></span> <span class='ocrx_word' id='word_1_427' title='bbox 1455 4687 1602 4738; x_wconf 79' lang='lat'><strong>91-4.</strong></span> <span class='ocrx_word' id='word_1_428' title='bbox 1995 4690 2074 4737; x_wconf 81' lang='lat'><strong>43.</strong></span> <span class='ocrx_word' id='word_1_429' title='bbox 2107 4676 2281 4741; x_wconf 87' lang='lat' dir='ltr'><strong>locus]</strong></span> <span class='ocrx_word' id='word_1_430' title='bbox 2306 4675 2384 4727; x_wconf 78' lang='lat' dir='ltr'><strong>Cf.</strong></span> <span class='ocrx_word' id='word_1_431' title='bbox 2411 4676 2566 4740; x_wconf 83' lang='lat' dir='ltr'><strong>Verg.</strong></span> <span class='ocrx_word' id='word_1_432' title='bbox 2592 4681 2716 4727; x_wconf 73' lang='lat' dir='ltr'><strong>Aen.</strong></span> <span class='ocrx_word' id='word_1_433' title='bbox 2743 4691 2789 4736; x_wconf 81' lang='grc'><strong>4.</strong></span> <span class='ocrx_word' id='word_1_434' title='bbox 2813 4691 2935 4738; x_wconf 87' lang='lat'><strong>319.</strong></span> 
     </span>
    </p>
   </div>
  </div>
 </body>
</html>
