3355 5380
667 374 788 428 290
1361 367 1739 428 LETTERS
1793 367 1903 430 oF
1957 366 2352 428 ERASMUS
2872 361 3060 448 [1500

668 524 773 573 LB.
800 524 941 586 602).
1009 523 1142 572 This
1176 522 1373 572 second
1407 523 1614 572 edition
1651 538 1763 572 was
1795 523 2084 585 published
2119 522 2191 586 by
2221 523 2271 572 J.
2311 521 2532 584 Badius,
2564 535 2628 580 24
2664 521 2789 570 Dec.
2823 522 2952 582 1506
2974 519 3072 582 (β).

670 590 773 639 For
794 589 892 638 the
915 590 1242 650 subsequent
1264 589 1477 650 history
1499 589 1557 636 of
1585 589 1681 637 the
1705 593 1901 648 Adaoia
1935 602 2021 637 see
2051 588 2184 651 Epp.
2213 602 2305 635 211
2336 587 2445 635 and
2468 590 2566 649 269
2589 586 2699 635 and
2724 585 2878 636 BEr².
2948 587 3077 635 This

672 655 906 770 1371er
931 670 1043 704 was
1087 654 1317 704 omitted
1361 654 1502 703 after
1545 655 1640 703 the
1686 655 2133 703 transformation
2182 652 2243 702 of
2285 653 2382 702 the
2427 652 2564 702 book
2614 653 2731 701 into
2779 656 3078 713 Adaqiorum

676 853 1107 901 DESYDERIVS
1146 852 1517 900 HERASMVS
1558 851 2029 900 ROTERDAMVS
2065 851 2458 899 GVILIELMO
2496 849 2798 897 MONIOIO
2834 849 3080 897 GOMI'rI

1161 956 1303 1003 CVM
1351 954 1604 1003 PRIMIS
1649 955 1977 1003 ILLVSTRI
2027 955 2345 1003 SALVTEM
2390 953 2608 1002 DICIT.

756 1053 854 1113 En
871 1052 1005 1126 tibi,
1029 1053 1118 1112 mi
1138 1052 1487 1124 Guilielme‚
1507 1071 1621 1128 pro
1637 1052 1904 1130 epistola
1918 1051 2265 1112 verecunde
2280 1051 2474 1111 etiam
2490 1051 2769 1129 flagitata
2784 1049 3082 1111 volumen

675 1154 826 1210 tuus
864 1150 1070 1211 mit-tit
1121 1150 1490 1225 Herasmus,
1530 1153 1592 1210 et
1637 1151 1894 1227 quidem
1926 1151 2209 1224 iustum;
2250 1150 2496 1210 vtinam
2530 1151 2740 1209 autem
2777 1147 3083 1209 eiusmodi

676 1250 843 1326 quod
892 1247 994 1308 vel
1043 1249 1171 1309 tuis
1218 1250 1287 1308 in
1332 1269 1434 1308 me
1492 1248 1737 1308 meritis
1782 1248 1885 1308 vel
1934 1270 2076 1309 meo
2124 1269 2271 1326 erga
2313 1251 2378 1308 te
2418 1248 2629 1308 studio
2675 1247 3084 1324 respondeat3

677 1346 945 1424 denique
984 1347 1147 1424 quod
1177 1346 1480 1407 iudicium
1509 1346 1682 1406 istud
1711 1351 1897 1407 tuum
1926 1367 2065 1407 acre
2101 1349 2512 1423 exactumque
2545 1366 2671 1405 non
2700 1346 3078 1406 extimescat.

622 1463 650 1512 5
678 1444 893 1522 Neque
939 1446 1111 1505 enim
1161 1445 1379 1520 ignoro
1426 1444 1874 1505 delicatissimo
1924 1449 2036 1507 tuo
2083 1445 2291 1524 palato
2333 1464 2524 1521 quam
2568 1444 2677 1505 vix
2725 1445 2919 1504 etiam
2971 1462 3085 1521 que

676 1543 866 1620 vulgo
910 1543 1261 1603 lautissima
1299 1544 1602 1604 videntur
1641 1543 2068 1618 satisfaciant;
2124 1546 2376 1603 tantum
2394 1542 2598 1623 ‘abest
2630 1545 2702 1602 vt
2743 1543 2860 1603 hec
2905 1542 3086 1621 placi·

677 1643 820 1702 tura
846 1643 976 1702 sint
1004 1642 1238 1716 fidutia,
1265 1663 1386 1719 que
1406 1662 1536 1702 non
1556 1643 1746 1702 modo
1775 1643 1853 1703 ad
1882 1661 2211 1703 seuaerum
2227 1661 2503 1718 vnguem
2527 1644 2738 1702 exacta
2760 1661 2889 1701 non
2918 1644 3081 1713 sunt,

679 1760 900 1803 verum
930 1760 1011 1799 ne
1045 1740 1318 1816 primam
1349 1740 1605 1817 quidem
1634 1760 1899 1800 manum
1926 1743 2125 1801 totam
2164 1740 2319 1799 dum
2356 1742 2738 1817 acceperunt.
2828 1739 3085 1799 Etenim

680 1858 833 1916 qum
875 1838 1186 1911 febricula,
1224 1858 1343 1915 que
1380 1841 1660 1898 nostram
1702 1838 2154 1917 profectionem
2187 1838 2407 1898 statim
2451 1840 2789 1914 exceperat,
2839 1838 3087 1898 afflicta·

593 1962 654 1999 ιο
679 1955 905 2010 remur,
940 1955 1068 1996 non
1097 1939 1228 1995 tam
1257 1936 1438 2013 graui
1461 1956 1652 2013 quam
1675 1936 1942 2012 diutina,
1964 1936 2342 1996 dictauimus
2370 1934 2500 2009 hec,
2525 1955 2654 1994 non
2682 1936 3088 2014 scripsimus3

681 2032 992 2094 medicum
1030 2034 1288 2094 interim
1328 2034 1634 2108 fallentes,
1679 2055 1758 2095 ne
1796 2036 1947 2112 quid
1987 2034 2246 2095 omnino
2289 2033 2598 2093 librorum
2638 2033 3109 2110 attingeremus*-

678 2131 1211 2192 interminantem.
1274 2133 1365 2192 At
1392 2152 1505 2209 ego
1534 2133 1712 2192 iuxta
1734 2132 2018 2194 Plinium
2044 2133 2249 2209 perire
2277 2134 2454 2191 ratus
2481 2152 2663 2192 omne
2694 2132 2759 2192 id
2789 2132 3093 2210 temporis

681 2230 846 2308 quod
875 2230 1086 2290 studio
1114 2251 1245 2291 non
1284 2231 1702 2308 impartiatur,
1731 2232 2253 2293 committendum
2289 2251 2419 2291 non
2447 2231 2668 2308 putaui
2693 2233 2764 2292 vt
2798 2251 2936 2291 rem
2965 2234 3093 2292 tam

680 2329 1024 2407 preciosam
1052 2330 1309 2389 morbus
1337 2330 1460 2390 sibi
1481 2332 1682 2390 totam
1704 2330 2013 2408 abriperet
2039 2352 2053 2404 ;
2087 2329 2359 2390 maxime
2380 2329 2546 2407 quod
2574 2330 2712 2390 sine
2738 2329 3094 2390 litterarum

599 2448 659 2501 15
685 2427 1058 2488 commercio
1079 2448 1207 2488 non
1235 2428 1420 2488 video
1448 2428 1597 2505 quid
1628 2428 1743 2488 hec
1765 2429 1988 2490 habeat
2018 2428 2150 2488 vita
2175 2447 2379 2488 suaue.
2467 2427 2857 2487 Intermissis
2886 2428 3095 2504 itaque

683 2526 993 2604 grauioris
1047 2546 1266 2603 operae
1317 2526 1859 2587 lucubrationibus
1912 2527 2032 2586 hoc
2078 2524 2432 2586 delicatiore
2477 2525 2675 2585 studii
2717 2545 2949 2603 genere
2990 2544 3098 2603 per

684 2624 891 2684 varios
933 2627 1261 2683 auctorum
1301 2622 1589 2684 hortulos
1637 2629 1914 2703 vagatus,
1966 2624 2330 2703 adagiorum
2378 2622 2814 2683 vetustissima
2856 2641 3099 2702 queque

685 2724 1080 2800 maximeque
1110 2722 1386 2800 insignia
1413 2723 1612 2784 veluti
1640 2725 2008 2801 omnigenos
2050 2723 2340 2784 flosculos
2379 2721 2656 2799 decerpsi
2693 2725 2756 2781 et
2794 2725 3097 2801 tanquam

684 2822 753 2882 in
802 2824 1040 2882 sertum
1097 2820 1490 2881 concinnaui.
1580 2821 1680 2881 Ad
1734 2822 1900 2898 quod
1949 2821 2203 2898 quidem
2253 2821 2578 2898 negotium
2626 2820 3097 2898 suscipiendum

598 2940 662 2977 ao
684 2920 918 2997 partim
950 2939 1053 2979 me
1090 2922 1231 2979 tum
1273 2923 1384 2979 tua
1420 2918 1715 2979 voluntas
1756 2921 1852 2979 est
1887 2919 2232 2995 adhortata,
2274 2921 2415 2979 tum
2452 2918 2752 2978 Richardi
2785 2918 3098 2979 Charnoci

687 3018 993 3078 antistitis
1042 3017 1445 3078 extimulauit
1492 3018 1728 3091 oratio;
1785 3017 1975 3078 deum
2019 3017 2459 3090 immortalem,
2509 3037 2632 3094 qua
2681 3017 3094 3091 humanitate,

686 3136 808 3193 qua
859 3115 1220 3192 integritate
1273 3115 1414 3190 viri,
1466 3118 1538 3175 vt
1587 3134 1776 3193 quam
1822 3118 1892 3175 tu
1940 3115 2304 3187 nobilitatis,
2358 3119 2490 3175 tam
2540 3115 2647 3175 ille
2696 3114 3097 3176 Britannicae

686 3209 1009 3288 religionis
1037 3210 1297 3270 Vnicum
1326 3213 1768 3270 ornamentum
1795 3230 1865 3270 ac
1893 3210 2082 3271 decus
2114 3209 2277 3269 mihi
2301 3209 2622 3270 videatur:
2665 3211 2905 3287 partim
2935 3209 3096 3288 quod

684 3328 1022 3386 augurarer
1060 3309 1233 3368 hunc
1273 3328 1488 3368 meum
1529 3309 1827 3383 laborem,
1872 3309 1927 3369 si
1968 3328 2099 3369 non
2137 3308 2483 3385 gloriosum
2524 3309 2777 3383 auctori,
2823 3313 2894 3369 at
2937 3314 3096 3370 certe

599 3428 659 3477 ²5
685 3405 961 3480 lecturis,
1015 3406 1096 3465 iis
1143 3405 1360 3483 vtique
1409 3406 1521 3483 qui
1576 3406 1814 3466 triuiali
1867 3407 1986 3467 hoc
2042 3426 2332 3467 sermone
2385 3406 2669 3467 fastidito
2715 3407 3098 3469 venustioris

686 3502 1119 3581 politiorisque
1175 3503 1471 3564 dictionis
1527 3507 1738 3565 essent
1794 3504 2075 3577 studiosi,
2137 3504 2266 3564 fone
2319 3524 2434 3565 nec
2488 3504 2934 3582 infrugiferum
2991 3524 3095 3566 nec

688 3601 1122 3662 iniucundum.

773 3698 991 3776 Neque
1019 3721 1121 3760 me
1152 3700 1408 3761 interim
1438 3703 1589 3761 ὄκνοι
1618 3703 1753 3777 ὄνοι,
1787 3702 1854 3762 id
1888 3704 1985 3762 est
2012 3701 2178 3779 pigri
2205 3700 2384 3777 asini,
2416 3700 2539 3773 isti,
2565 3701 2672 3778 qui
2699 3720 2765 3760 se
2795 3702 3103 3778 carpende

689 3797 959 3859 aliorum
988 3797 1335 3859 industriae
1372 3804 1558 3860 natos
1595 3803 1844 3877 putant,
1876 3799 1979 3861 vel
2014 3800 2340 3860 tantillum
2378 3799 2876 3876 commouebant,
2913 3801 3100 3861 modo

603 3917 667 3966 30
691 3896 889 3956 bonae
927 3896 1161 3958 mentis
1197 3897 1620 3959 adolescentes
1651 3898 1772 3958 hoc
1800 3897 2329 3959 cuiuscuiusmodi
2355 3901 2453 3958 est
2480 3896 2636 3957 boni
2664 3899 3103 3970 consulerent;

692 3995 860 4071 quod
904 3994 959 4054 si
998 4014 1129 4055 non
1162 3999 1233 4055 vt
1275 3995 1515 4055 multae
1556 3997 1714 4056 artis
1758 3996 2198 4071 admiraturos,
2232 3999 2396 4056 certe
2435 3997 2509 4056 vt
2548 3994 2860 4074 plurimae
2903 3996 3106 4074 frugis

690 4092 964 4153 libenter
1017 4093 1416 4171 amplexuros
1459 4094 1870 4154 confidebam.
1978 4094 2142 4169 Quid
2193 4094 2364 4154 enim
2419 4113 2611 4171 aeque
2667 4093 2960 4155 conducit
3024 4095 3107 4155 ad

691 4190 1039 4252 orationem
1079 4190 1180 4251 vel
1225 4190 1432 4268 lepida
1476 4191 1746 4269 quadam
1788 4193 2132 4252 festiuitate
2175 4192 2648 4264 venustandam,
2695 4191 2800 4252 vel
2841 4192 3113 4253 eruditis

690 4289 845 4350 iocis
898 4289 1379 4363 exhilarandam,
1431 4290 1534 4350 vel
1582 4290 1959 4352 vrbanitatis
1998 4290 2128 4351 sale
2185 4290 2620 4365 condiendam,
2673 4288 2776 4349 vel
2831 4290 3105 4351 transla-

600 4404 663 4455 35
689 4390 940 4449 tionum
1015 4388 1347 4465 gemmulis
1421 4387 1799 4465 quibusdam
1866 4389 2391 4468 distinguendam,
2465 4389 2567 4451 vel
2637 4389 3113 4449 sententiarum

755 4509 855 4543 m.
876 4507 1199 4543 »musana
1220 4507 1455 4541 nuans
1477 4506 1859 4543 msaonnws
1881 4496 1934 4549 β.
2205 4509 2252 4543 a.
2288 4494 2543 4544 Erasmus
2564 4495 2616 4548 β.
2896 4509 2945 4555 7.
2980 4496 3105 4544 sint

692 4564 865 4620 ccv-ipsi
878 4578 892 4611 :
928 4560 1000 4609 sit
1016 4561 1112 4612 αβ.
1314 4561 1396 4609 28.
1435 4559 1493 4610 id
1514 4564 1598 4609 est
1617 4562 1762 4624 pigri
1784 4561 1928 4610 asini
1950 4564 2064 4610 add.
2088 4562 2142 4615 β.

764 4691 842 4728 11.
880 4675 1175 4740 medicum]
1200 4676 1326 4739 Oop.
1357 4677 1435 4727 Cf.
1465 4677 1562 4739 Ep.
1593 4691 1700 4737 124.
1731 4679 1792 4726 16
1806 4692 1862 4726 n.
2047 4691 2123 4724 ιο.
2156 4675 2424 4739 Plinium]
2457 4680 2550 4735 Bp,
2570 4690 2620 4738 3.
2645 4686 2693 4735 5.
2723 4678 2802 4726 16.
