3355 5380
268 385 450 470 1497]

1052 391 1160 452 ΤΟ
1216 390 1566 452 'I'HOMAS
1619 392 1852 453 GREY

258 564 341 621 es,
400 545 619 622 ‘Quas
673 544 928 619 malum,
976 546 1137 606 mihi
1189 546 1433 608 fabulas
1479 551 1774 609 narras?’

2530 403 2638 458 191

1873 549 2239 627 Quanquam
2293 552 2649 630 prophanus

259 664 327 705 es
352 646 417 703 et
444 663 484 704 a
509 642 703 704 sacris
730 643 1071 721 theologiae
1097 644 1304 723 adytis
1329 646 1542 724 procul
1568 648 1890 724 arcendus,
1927 650 2142 708 tamen
2169 649 2312 711 vide
2343 655 2650 727 quantum

260 744 322 803 te
348 760 574 817 amem,
605 741 707 800 cni
736 761 869 801 rem
896 743 1027 801 tam
1059 761 1344 804 arcanam
1371 744 1659 820 aperiam.

342 840 512 900 Olim
547 839 953 917 Epimenides
994 840 1303 919 quispiam
1346 842 1484 915 fuit,
1526 841 1582 901 is
1624 842 1734 919 qui
1782 843 2030 921 scripsit
2069 844 2396 906 Cretenses
2432 866 2653 909 omnes

262 939 608 1012 mendaces,
642 937 775 1015 ipse
811 938 1144 1013 Cretensis,
1176 958 1377 1016 neque
1413 939 1746 1017 quicquam
1784 943 2001 1001 tamen
2029 942 2285 1002 interim
2321 946 2649 1006 mentiens.

262 1034 392 1095 Nec
461 1032 616 1094 satis
682 1035 817 1093 erat
883 1032 962 1092 ad
1030 1032 1300 1094 multam
1353 1052 1550 1111 vsque
1616 1036 2003 1096 senectutem
2065 1036 2313 1112 vixisse,
2373 1038 2526 1115 quin
2583 1043 2654 1101 et

260 1127 524 1190 extincti
569 1126 754 1204 pellis
795 1130 937 1205 post
982 1126 1260 1188 multum
1298 1131 1547 1206 tempus
1578 1132 1824 1207 reperta
1858 1133 1972 1205 est,
2004 1129 2328 1191 literarum
2367 1131 2655 1193 formulis

262 1224 495 1284 notata.
582 1221 743 1282 Eam
787 1220 1041 1298 quidam
1084 1222 1396 1282 affirmant
1444 1224 1508 1282 et
1548 1222 1872 1284 hodiernis
1913 1223 2299 1301 temporibus
2345 1225 2656 1286 adseruari
2682 1249 2741 1301 ²⁶

260 1322 556 1383 Luteciae
598 1320 665 1378 in
707 1324 1096 1381 sacrosancto
1137 1320 1482 1398 theologiae
1522 1320 1884 1381 Scotisticae
1925 1322 2161 1399 templo
2203 1321 2497 1397 Sorbona,
2540 1344 2655 1384 nec

258 1421 328 1481 in
360 1418 598 1480 minori
634 1416 850 1477 haberi
889 1417 1098 1496 precio
1135 1437 1322 1495 quam
1358 1417 1509 1478 olim
1550 1418 1742 1480 fuerit
1781 1418 1943 1496 apud
1972 1419 2301 1480 Cretenses
2327 1420 2659 1499 diphthera

259 1520 369 1579 aut
396 1517 563 1594 apud
607 1515 922 1576 Romanos
958 1513 1108 1574 libri
1144 1514 1478 1593 Sibyllini:
1540 1515 1853 1593 siquidem
1892 1515 1972 1576 ab
2012 1516 2128 1577 hac
2167 1518 2412 1579 oracula
2450 1524 2655 1597 petere

259 1617 576 1688 dicuntur,
629 1613 827 1673 sicubi
887 1612 1313 1674 destituuntur
1372 1613 1782 1691 syllogismis.
1891 1613 2020 1674 Nec
2073 1615 2167 1675 fas
2213 1614 2473 1691 obtueri,
2530 1618 2657 1679 nisi

260 1716 370 1794 qui
418 1711 781 1792 quindecim
823 1731 1021 1772 annos
1065 1714 1231 1772 totos
1277 1711 1362 1772 M.
1411 1712 1487 1774 N.
1533 1712 1792 1773 titulum
1840 1712 2113 1789 gesserit.
2201 1712 2271 1772 Si
2315 1714 2456 1790 quis
2498 1716 2658 1777 alius
2683 1738 2747 1790 30

257 1809 424 1870 ausit
464 1806 680 1868 oculos
710 1805 1063 1884 prophanos
1107 1805 1450 1882 intendere,
1485 1806 1782 1867 continuo
1822 1806 1896 1867 fit
1932 1805 2101 1884 talpa
2138 1807 2390 1868 caecior.
2479 1809 2658 1885 Quod

260 1927 445 1968 narro
489 1925 619 1965 non
660 1924 790 1965 esse
832 1904 1102 1978 naenias,
1148 1904 1250 1965 vel
1292 1904 1802 1981 antiquissimum
1846 1905 2216 1965 Graecorum
2256 1907 2657 1983 prouerbium

258 2006 487 2086 arguit,
499 2007 566 2066 τὸ
585 2003 914 2082 ἔπιμενίδιον
930 2003 1117 2080 δέρμα,
1143 2022 1265 2081 quo
1283 2023 1417 2063 rem
1437 2003 1785 2064 abstrusam
1806 2022 2006 2081 neque
2019 2003 2210 2080 vulgo
2224 2005 2658 2082 proferendam

256 2103 715 2183 significabant.

808 2102 977 2178 Quin
1017 2105 1079 2161 et
1128 2099 1323 2161 libros
1364 2100 1599 2161 aedidit
1642 2099 2056 2178 theologicos;
2117 2121 2267 2162 nam
2309 2101 2658 2178 theologiae

258 2202 647 2281 professione
701 2200 1102 2278 potissimum
1148 2198 1274 2258 fuit
1326 2198 1610 2276 insignis,
1659 2198 1911 2260 etiamsi
1959 2199 2135 2260 vates
2188 2200 2356 2261 idem
2404 2200 2660 2263 habitus
2683 2225 2746 2276 35

258 2305 359 2362 est
418 2304 483 2361 et
539 2302 739 2378 poeta.
822 2297 905 2358 In
965 2297 1068 2358 his
1123 2296 1430 2358 eiusmodi
1486 2296 1995 2375 syllogismorum
2053 2297 2251 2360 nodos
2308 2298 2538 2374 nexuit,
2587 2302 2660 2360 vt

258 2419 375 2460 nec
423 2399 555 2477 ipse
596 2415 874 2474 vnquam
915 2394 1187 2473 quiuerit
1228 2393 1607 2470 dissoluere3
1669 2414 1744 2454 ea
1789 2395 2090 2473 mysteria
2128 2397 2455 2473 congessit,
2504 2416 2659 2475 quae

257 2516 594 2576 nunquam
619 2496 753 2574 ipse
778 2494 967 2555 fuerit
994 2493 1440 2569 intellecturus,
1471 2493 1596 2554 nisi
1623 2495 1801 2554 vates
1832 2493 2068 2555 fuisset.

342 2596 414 2657 Is
454 2595 659 2657 fertur
696 2592 1029 2672 aliquando
1071 2590 1624 2670 prodeambulandi
1663 2590 1865 2668 gratia
1905 2591 2125 2651 vrbem
2167 2610 2461 2668 egressus,
2494 2592 2658 2668 quod

257 2696 438 2758 domi
477 2693 646 2755 nihil
687 2713 817 2754 non
859 2690 1229 2770 displiceret.
1320 2689 1600 2751 Tandem
1643 2709 1897 2768 specum
1939 2689 2247 2767 quendam
2296 2690 2661 2769 longissimo
2685 2718 2751 2769 40

256 2814 509 2856 recessu
550 2792 760 2866 subiit,
790 2791 923 2851 siue
962 2790 1163 2869 frigus
1202 2792 1476 2867 captans,
1508 2790 1637 2850 iam
1671 2791 1847 2849 aestu
1882 2787 2186 2864 laborans,
2219 2789 2352 2850 siue
2387 2789 2661 2867 quietem

258 2910 583 2973 quaerens,
644 2889 854 2950 labore
906 2888 1240 2967 fatigatus;
1306 2887 1440 2948 siue
1495 2887 1660 2965 quod
1718 2887 1827 2966 qui
1874 2906 1912 2947 a
1958 2887 2060 2948 via
2098 2888 2443 2949 aberrasset
2488 2890 2661 2965 (nam

260 2991 556 3054 aberrant
603 2991 667 3048 et
713 2986 1008 3063 theologi)
1055 2988 1361 3047 metueret
1406 3005 1488 3045 ne
1536 3005 1661 3045 nox
1702 2985 1771 3044 in
1810 2985 1976 3063 agris
2017 2985 2467 3063 deprehensum
2514 2986 2663 3049 feris

259 3089 600 3161 obiiceret;
662 3085 796 3146 siue
843 3082 1008 3162 quod
1057 3102 1204 3145 vero
1248 3083 1608 3161 proximum
1650 3085 1765 3157 est,
1812 3080 2019 3143 locum
2069 3085 2325 3161 captans
2375 3086 2449 3146 ad
2506 3084 2663 3162 cogi-

259 3189 530 3250 tandum
573 3185 887 3246 idoneum.
973 3182 1117 3243 Illic
1160 3201 1403 3260 vngues
1449 3181 1762 3243 arrodenti
1805 3181 2129 3259 multaque
2162 3183 2665 3244 comminiscenti
2687 3209 2750 3260 43

262 3287 343 3348 de
383 3282 787 3358 instantibus,
821 3281 897 3341 de
932 3279 1400 3359 quidditatibus,
1433 3279 1509 3340 de
1546 3279 2045 3354 formalitatibus,
2076 3299 2336 3341 somnus
2368 3280 2657 3357 obrepsit.

264 3385 410 3446 Non
465 3381 820 3443 crediturus
875 3398 955 3453 es,
1012 3378 1156 3454 scio,
1215 3378 1273 3438 si
1328 3377 1542 3439 dixero
1602 3397 1735 3439 non
1788 3377 1983 3439 fuisse
2035 3382 2464 3456 experrectum
2518 3383 2664 3441 ante

261 3501 592 3563 vesperam
648 3476 1115 3556 postridianam,
1174 3496 1319 3537 cum
1382 3475 1617 3537 diutius
1681 3476 1996 3537 dormiant
2049 3477 2242 3538 etiam
2308 3477 2657 3539 temulenti.

262 3583 407 3645 Imo
462 3596 728 3642 somnus
774 3576 884 3636 ille
932 3574 1314 3653 theologicus
1367 3573 1710 3652 productus
1760 3576 1872 3651 est,
1922 3578 1994 3636 vt
2047 3577 2402 3635 constanter
2452 3575 2663 3636 ferunt

261 3685 529 3754 autores,
561 3676 639 3738 ad
680 3694 920 3735 annum
961 3692 1157 3751 vsque
1192 3671 2078 3752 quadragesimumseptimum
2105 3695 2121 3747 ς
2176 3676 2241 3732 et
2275 3673 2393 3733 hoc
2434 3675 2666 3751 negant
2689 3696 2756 3749 30

261 3798 481 3842 vacare
537 3773 856 3854 mysterio,
904 3772 1068 3850 quod
1123 3790 1238 3831 nec
1290 3770 1476 3832 citius
1530 3791 1643 3832 nec
1691 3771 1888 3833 serius
1934 3772 2205 3833 dormire
2254 3773 2521 3834 desierit.
2608 3774 2661 3833 Ο

260 3878 591 3940 hominem
645 3875 985 3945 mortuum,
1036 3871 1301 3948 inquies.
1402 3869 1545 3929 Imo
1592 3869 1754 3930 mihi
1803 3870 2111 3948 praeclare
2157 3870 2406 3932 videtur
2455 3874 2665 3933 actum

1153 4011 1233 4056 42.
1272 3994 1526 4056 quiaE:
1558 3993 1776 4055 quiaH.

328 4113 409 4160 2⁶.
448 4107 715 4170 Boi-bona]
782 4107 835 4156 A
910 4103 1111 4166 college
1180 4099 1419 4152 founded

268 4186 482 4290 {11:⁹3
522 4175 603 4290 {ll
640 4173 836 4287 2¹:513*
880 4169 949 4284 {¹3
980 4169 1272 4297 esssgoboungem
1259 4167 1418 4281 ⁰¹¹?ss

265 4306 430 4372 study
463 4304 527 4356 of
554 4274 908 4366 theology’by
940 4301 1150 4350 secular
1183 4313 1418 4362 persons.

263 4371 374 4423 The
410 4371 766 4436 prominence
800 4366 981 4417 which
1017 4365 1063 4414 it
1094 4363 1323 4428 enjoyed
1357 4365 1419 4411 in

266 4443 379 4488 xV1c
418 4436 530 4487 and
568 4438 711 4485 xv11⁶
755 4449 813 4482 as
857 4434 952 4482 the
997 4433 1181 4481 centre
1224 4429 1284 4478 of
1323 4429 1417 4478 the

265 4501 606 4567 Theological
662 4498 891 4561 Faculty
944 4512 1054 4546 was
1119 4511 1242 4545 now
1299 4494 1417 4557 just

267 4569 601 4634 beginnin33
645 4565 976 4626 consequent
1008 4578 1080 4611 on
1115 4561 1280 4611 Leuis
1313 4562 1416 4609 xr's

266 4634 605 4686 destruction
695 4629 755 4681 of
836 4630 932 4679 the
1025 4627 1415 4677 internetione]

266 4702 546 4751 character
567 4698 628 4749 of
647 4696 798 4747 Paris
818 4694 1152 4757 Univeraity,
1190 4691 1415 4755 coupled

1520 4101 1657 4150 with
1676 4102 1772 4150 the
1789 4102 2233 4151 nationalization
2257 4102 2317 4151 of
2332 4101 2428 4151 the
2445 4102 2664 4153 Ohurch

1519 4166 2666 4295 fflss‘ssssi‘ffl‘ifusspssssfflffihff'sff‘affi

1516 4298 1870 4426 mthaelqufolit
1894 4300 2151 4412 iyuwdlsot
2164 4315 2222 4412 ιο
2258 4363 2412 4414 Prior
2455 4301 2524 4413 bos
2546 4315 2665 4415 ff

1517 4399 1814 4491 Sorbo'nne,
1850 4429 1994 4478 John
2030 4429 2295 4492 Heynlin,
2333 4430 2456 4479 who
2494 4431 2665 4479 intro·

1518 4489 1693 4544 duced
1739 4495 1988 4558 printing
2041 4495 2161 4544 into
2205 4495 2356 4544 Paris
2412 4497 2472 4544 in
2521 4498 2662 4558 1469.

1516 4560 1615 4610 See
1658 4559 1933 4622 Rashdall,
1983 4563 2295 4621 Univereitiea,
2336 4562 2369 4610 i.
2413 4561 2513 4622 489
2553 4560 2662 4611 and

1514 4638 1630 4689 553,
1669 4624 1780 4675 and
1814 4627 1877 4676 A.
1916 4625 2195 4687 Franklin,
2232 4631 2304 4675 Lo
2335 4631 2578 4675 Sarbane.

1577 4706 1659 4753 30.
1696 4690 1765 4741 M.
1792 4690 1890 4757 N.]
1916 4691 2170 4754 Magister
2191 4692 2399 4742 Noster.
