3355 5380
240 379 417 463 1⁴94]
929 383 1037 443 'ro
1091 381 1494 443 WILLIAM
1550 382 1921 443 HERMAN
2504 387 2619 442 139

235 540 502 599 numeris
551 559 803 617 prosam
859 538 1144 613 alternas,
1194 542 1266 599 vt
1313 539 1417 600 vel
1465 539 1872 618 improbitate
1917 543 2026 600 tua
2069 559 2106 600 a
2149 561 2251 600 me
2298 539 2620 618 quippiam

235 641 587 715 extorqueas
613 657 949 716 meumque
983 657 1238 715 rumpas
1274 636 1622 698 silentium.
1707 640 1842 716 Ego
1874 658 2023 699 vero
2060 638 2361 716 pristinae
2388 637 2622 699 oblitus
2652 653 2680 704 5

238 735 689 796 consuetudinis
714 735 966 814 (quippe
993 736 1103 814 qui
1121 739 1184 796 te
1204 734 1538 796 immodica
1556 737 1960 815 epistolarum
1980 736 2311 797 crebritate
2328 737 2623 797 lacessere

239 833 449 895 solitus
485 834 654 912 sum)
700 835 865 895 nihil
902 836 1119 894 contra
1160 836 1442 913 responsi
1483 834 1836 911 parauerim
1853 837 1886 895 ⁶?
1969 834 2051 895 Et
2078 834 2207 895 iam
2236 835 2444 895 nescio
2471 834 2622 913 quid

240 931 510 992 sinistrae
550 931 926 1010 suspicionis
971 931 1245 992 infausta
1289 931 1405 991 tibi
1445 931 1837 993 incantitarit
1878 932 2165 1005 volucris,
2209 952 2397 1010 quam
2443 931 2624 992 tectis

239 1031 523 1091 insedisse
564 1030 694 1091 tuis
735 1050 1060 1105 memoras,
1107 1030 1403 1091 horrendi
1443 1032 1658 1109 vtique
1703 1031 1856 1091 mali
1901 1030 2145 1105 nuncia,
2188 1031 2367 1093 cuius
2412 1034 2626 1092 noster

242 1127 517 1189 meminit
547 1127 853 1205 Virgilius
878 1151 894 1188 ε
2655 1144 2716 1180 ιο

632 1242 900 1321 Solaque
940 1242 1324 1304 culminibus
1363 1242 1543 1303 ferali
1583 1243 1863 1303 carmine
1905 1244 2072 1305 bubo

634 1342 831 1419 Saepe
872 1342 1050 1420 queri
1089 1345 1154 1402 et
1194 1344 1459 1402 maestas
1497 1340 1565 1400 in
1606 1341 1870 1418 longum
1914 1341 2136 1403 ducere
2175 1362 2374 1405 voces.

240 1455 365 1530 Sed,
386 1475 616 1534 quaeso
635 1459 714 1530 te,
741 1456 1066 1531 Gulielme‚
1094 1455 1270 1531 (libet
1291 1456 1464 1516 enim
1486 1455 1695 1531 iocari)
1722 1455 2061 1531 augurione
2087 1477 2171 1517 an
2196 1457 2625 1535 philosophiae

238 1574 409 1616 vacas
423 1557 458 1616 *Ρ
525 1554 664 1615 Ηοο
715 1555 969 1633 quidem
1014 1554 1457 1629 existimaram,
1508 1553 1668 1614 illud
1719 1574 1863 1615 vero
1911 1555 2121 1616 videre
2178 1555 2340 1616 mihi
2385 1555 2618 1619 videor.

239 1653 394 1728 Quis,
449 1673 693 1732 quaeso,
735 1672 1050 1731 superum,
1104 1672 1341 1731 quaeue
1384 1671 1606 1713 arcana
1650 1655 1910 1713 naturae
1953 1654 2159 1714 virtus
2207 1653 2361 1715 istac
2408 1655 2624 1716 alitem
2658 1669 2715 1720 ¹5

239 1754 401 1813 tuam
459 1750 721 1812 donauit
773 1751 1122 1829 prudentia,
1169 1753 1241 1811 vt
1297 1770 1455 1829 quae
1508 1755 1572 1812 te
1626 1751 1841 1824 latent,
1904 1750 2016 1811 illa
2064 1751 2283 1813 diuino
2339 1756 2629 1815 eructans

238 1852 471 1925 pectore
510 1849 931 1910 vaticinetur?
1013 1850 1095 1909 Et
1137 1849 1353 1909 forsan
1395 1849 1489 1926 (vt
1531 1849 1878 1910 secundum
1918 1850 2348 1928 Pythagoreos
2389 1849 2630 1929 loquar)

238 1947 486 2009 Catonis
531 1948 746 2008 anima
791 1947 966 2009 illius
1004 1950 1221 2024 pectus
1262 1947 1589 2023 inhabitat,
1635 1949 1746 2008 aut
1783 1951 1944 2008 certe
1986 1968 2023 2007 a
2071 1948 2330 2009 deorum
2377 1949 2629 2011 sedibus

242 2046 378 2106 mali
413 2045 626 2107 nescio
662 2047 838 2107 cuius
872 2045 1101 2106 nuncia
1138 2046 1213 2106 ad
1258 2048 1322 2105 te
1362 2045 1635 2124 profecta
1674 2049 1789 2121 est,
1822 2065 1900 2106 ne
1942 2049 2005 2106 te
2043 2066 2339 2125 superum
2365 2046 2631 2108 laterent

240 2144 489 2205 consilia
513 2169 528 2217 ;
569 2146 660 2205 ita
688 2144 860 2204 enim
888 2144 957 2203 in
986 2142 1261 2204 carmine
1288 2147 1397 2205 tuo
1429 2164 1633 2218 sonas,
2660 2184 2722 2220 20

1084 2258 1333 2319 Nuncia
1375 2279 1556 2337 saepe
1597 2261 1769 2323 mali.

313 2375 615 2437 Admiror
646 2375 1079 2437 vehementius
1116 2395 1226 2436 cur
1264 2394 1393 2436 non
1431 2375 1702 2435 Iunonia
1736 2375 1861 2436 Iris
1897 2375 2059 2436 tanti
2096 2375 2244 2436 serii
2287 2377 2516 2437 nuncia
2552 2377 2631 2438 ad

242 2475 299 2531 te
323 2474 575 2553 delapsa
600 2475 702 2549 sit,
741 2475 968 2552 quippe
1013 2494 1170 2551 quae
1212 2492 1456 2551 semper
1492 2471 1791 2551 lugubres
1829 2473 2175 2552 arduasque
2210 2492 2309 2533 res
2338 2474 2637 2535 nunciare

240 2573 426 2649 solet;
473 2592 700 2634 verum
739 2572 919 2634 illam
960 2571 1220 2633 fortasse
1256 2591 1329 2632 eo
1362 2570 1624 2632 articulo
1661 2570 1786 2632 alio
1816 2571 2093 2650 quolibet
2130 2571 2385 2632 deorum
2422 2572 2636 2650 regina

241 2671 533 2734 mandata
560 2670 835 2733 laturam
865 2669 1137 2732 miserat.
1222 2668 1384 2746 Quid
1415 2669 1685 2731 bubonis
1713 2689 1858 2749 ergo
1888 2689 2044 2748 opus
2070 2672 2205 2731 erat
2232 2669 2581 2731 ministerio
2603 2673 2636 2731 ⁸?
2662 2683 2720 2735 ²5

241 2769 608 2843 Accersitur‚
659 2771 935 2830 maturat
977 2769 1086 2829 illa
1130 2788 1460 2843 accessum,
1509 2771 1883 2847 acceptoque
1924 2767 2219 2828 mandato
2260 2787 2634 2847 emensoque

242 2867 504 2930 aetheris
530 2867 803 2947 spatiooe
833 2866 1058 2927 itinere
1092 2867 1276 2927 tectis
1312 2866 1442 2928 tuis
1478 2866 1709 2927 insedit
1735 2888 1751 2940 3
1791 2869 1855 2927 et
1882 2865 2205 2927 durissimi
2231 2886 2424 2942 casus,
2458 2867 2635 2928 cuius

241 2967 306 3024 tu
341 2966 596 3028 nescius
636 2986 789 3042 eras,
835 2966 1083 3027 funesta
1123 2984 1276 3026 voce
1316 2968 1381 3025 te
1420 2964 1694 3027 reddidit
1733 2966 2076 3026 certiorem.
2162 2964 2400 3039 Quaero
2447 2985 2525 3026 ex
2570 2968 2633 3026 te

241 3066 474 3142 augurii
521 3063 894 3137 misterium,
927 3068 1000 3125 tu
1039 3083 1168 3125 non
1205 3063 1341 3123 sine
1377 3063 1614 3141 pudore
1654 3083 1870 3123 meum
1908 3064 1977 3123 in
2019 3065 2079 3122 te
2122 3082 2398 3124 amorem
2438 3062 2638 3125 extin-

241 3165 401 3224 ctum
444 3162 903 3241 interpretaris,
992 3162 1045 3223 Ο
1089 3181 1308 3222 sanam
1350 3164 1574 3237 vatem,
1622 3182 1659 3222 o
1707 3161 1837 3222 sale
1887 3160 2143 3240 plenam
2191 3160 2634 3241 interpretem!
2661 3176 2722 3225 30

242 3258 415 3323 Habe
442 3261 611 3324 mihi
637 3261 845 3336 fidem,
879 3259 1208 3335 Gulielme,
1241 3262 1548 3337 quantum
1577 3258 1784 3320 videre
1813 3259 2045 3333 videor,
2075 3259 2165 3319 ita
2191 3278 2292 3320 res
2318 3261 2493 3336 gesta
2519 3260 2632 3319 est.

242 3358 401 3421 Dum
450 3360 628 3433 solis,
682 3358 885 3433 lunae,
938 3357 1234 3432 siderum,
1285 3359 1669 3418 caeterorum
1725 3357 1879 3418 coeli
1933 3359 2360 3419 monstrorum
2414 3357 2638 3419 faciem

239 3475 421 3536 aequo
464 3457 780 3520 curiosius
821 3458 1102 3535 aspectat
1144 3459 1255 3516 tua
1298 3458 1489 3528 vates,
1535 3455 1765 3516 excidit
1805 3455 1969 3533 quod
2013 3455 2176 3515 Iuno
2217 3454 2637 3515 commiserat.

242 3554 394 3628 Quid
432 3556 722 3618 faceret?
790 3555 919 3616 Vsa
958 3557 1053 3615 est
1087 3574 1208 3632 quo
1248 3553 1596 3631 plurimum
1632 3554 1883 3615 calleret
1911 3553 2180 3631 ingenie,
2215 3553 2367 3613 noui
2404 3552 2637 3632 aliquid

241 3670 443 3716 secum
472 3654 904 3716 commentata
930 3654 1025 3713 est
1060 3655 1250 3731 atque
1288 3653 1365 3713 ad
1403 3654 1467 3713 te
1498 3652 1776 3730 pertulit,
1809 3651 1909 3712 cui
1940 3655 2012 3712 tu
2050 3652 2323 3711 nimium
2352 3651 2638 3713 credulus
2665 3664 2725 3715 35

241 3749 458 3813 illusus
485 3772 572 3813 es.
662 3750 827 3811 Nam
859 3753 923 3810 et
959 3752 1141 3811 vetus
1185 3749 1417 3811 amoris
1464 3749 1534 3810 in
1576 3751 1640 3810 te
1685 3750 1810 3810 mei
1854 3749 2304 3824 beneuolentia,
2339 3770 2529 3828 quam
2566 3752 2638 3810 tu

241 3849 583 3912 extinctam
614 3851 956 3925 auguratus
982 3869 1064 3923 es,
1092 3867 1221 3908 non
1250 3848 1459 3909 solum
1486 3868 1615 3909 non
1642 3848 1846 3927 periit,
1874 3848 1982 3909 sed
2009 3868 2123 3909 nec
2151 3847 2414 3923 refrixit,
2440 3868 2640 3926 neque

242 3947 518 4027 elanguit
577 3945 873 4026 quidem;
942 3945 1146 4007 indies
1201 3947 1477 4021 valescit,
1546 3946 1759 4007 indies
1823 3946 1921 4006 illi
1976 3946 2214 4024 aliquid
2269 3946 2644 4006 incrementi

243 4047 487 4121 accedit,
522 4044 850 4122 sumitque
879 4063 954 4104 ex
981 4048 1262 4122 tempore
1300 4044 1483 4121 vires,
1518 4044 1712 4105 nullis
1748 4065 2027 4123 vnquam
2058 4045 2347 4106 fortunae
2375 4043 2636 4118 casibus,

246 4144 431 4206 nullis
459 4140 863 4206 aemulorum
900 4142 1130 4204 studiis
1165 4162 1459 4204 cessuras.
1548 4142 1820 4221 Corpora
1857 4142 2205 4221 seiungant,
2238 4142 2641 4204 coniunctum
2666 4154 2732 4203 40

247 4238 668 4322 intercipiant,
721 4240 1025 4318 colloquia
1066 4240 1459 4317 interdicant,
1513 4240 1579 4302 id
1627 4245 1792 4302 certe
1835 4261 2159 4318 nunquam
2195 4241 2526 4314 effecerint,
2571 4241 2642 4299 vt

251 4356 416 4400 meus
441 4341 561 4401 abs
591 4342 653 4401 te
680 4338 1109 4418 peregrinetur
1134 4340 1401 4400 animus.
1490 4340 1573 4400 Et
1599 4339 1693 4416 (vt
1719 4340 1974 4418 Virgilii
2001 4341 2210 4400 verbis
2238 4340 2399 4418 vtar)

436 4468 511 4504 ιι.
553 4455 796 4503 carmine
816 4457 1028 4503 restitui:
1059 4455 1295 4504 culmine
1320 4453 1387 4503 0¹.
1873 4467 1953 4517 35.
1990 4453 2059 4502 ad
2079 4457 2258 4505 Lenda
2293 4456 2352 4503 at
2374 4451 2442 4502 0¹.

962 4537 1043 4576 4ο.
1080 4521 1433 4569 coniunctum
1458 4517 1507 4567 0¹
1532 4536 1544 4568 ε
1578 4521 1604 4568 ⁸?
1620 4520 1932 4570 conuictum

309 4647 352 4690 4.
391 4631 672 4695 numeris]
696 4633 812 4681 One
843 4630 904 4679 of
931 4632 1084 4680 these
1107 4645 1235 4693 may
1257 4631 1395 4680 have
1566 4644 1640 4678 ιο.
1676 4628 1970 4707 Virgilius]
1992 4634 2112 4680 Aen.
2140 4646 2189 4688 4.
2212 4631 2390 4690 463-3.

249 4693 375 4745 been
401 4697 702 4747 Herman’s
725 4696 839 4747 Ode
860 4711 908 4758 4.
1563 4710 1642 4756 4²·
1680 4694 1925 4760 Virgilii]
1951 4700 2045 4746 Ed.
2072 4710 2119 4758 5.
2146 4697 2224 4757 76,
2254 4710 2297 4756 7.

1400 4798 1502 4839 1.2
