3355 5380
287 441 476 526 ¹499]
1080 445 1310 507 FROM
1350 445 1582 506 JOHN
1623 444 1894 507 COLET
2570 444 2689 502 243

284 601 703 664 Commendat
745 604 957 662 autem
997 604 1062 662 te
1108 600 1271 662 mihi
1312 600 1604 677 maxime,
1649 602 1816 680 quod
1857 601 2253 663 venerandus
2300 603 2480 678 pater
2524 602 2690 677 apud

288 719 473 777 quem
528 718 601 760 es
644 698 847 774 isthic,
891 698 1076 760 Prior
1117 699 1343 760 domus
1391 701 1455 760 et
1502 699 1794 760 ecclesiae
1841 699 1988 761 Iesu
2035 700 2288 772 Christi,
2343 698 2481 760 heri
2528 699 2691 760 mihi

285 798 625 859 affirmauit
666 800 728 858 te
767 818 883 860 suo
921 797 1153 860 iudicio
1177 797 1387 860 virum
1424 798 1737 877 optimum
1762 819 1897 860 esse
1927 803 1991 860 et
2027 800 2307 861 bonitate
2337 797 2690 876 praeditum
2726 827 2784 861 ιο

288 895 614 974 singulari.
702 896 905 971 Quam
931 896 1013 958 ob
1045 916 1179 958 rem
1215 900 1526 975 quantum
1553 900 1817 976 possunt
1843 897 2056 960 literae
2081 900 2148 961 et
2176 917 2388 958 rerum
2415 897 2691 975 cognitio

289 996 354 1053 et
379 1013 638 1072 syncera
665 993 917 1055 bonitas
941 996 1105 1073 apud
1132 995 1472 1071 hominem,
1502 996 1611 1074 qui
1636 996 1840 1074 magis
1865 997 2018 1057 haec
2045 996 2185 1057 vult
2211 1000 2275 1056 et
2302 998 2477 1073 optat
2504 1014 2692 1072 quam

289 1091 632 1168 profitetur,
663 1094 919 1154 tantum
950 1097 1023 1154 tu
1064 1093 1241 1169 mihi,
1273 1094 1549 1168 Erasme,
1579 1114 1648 1155 es
1690 1095 1825 1154 iure
1856 1096 2118 1156 istarum
2157 1096 2225 1155 in
2263 1098 2327 1154 te
2359 1092 2690 1167 virtutum,

291 1191 359 1248 et
398 1188 578 1250 deme
611 1209 748 1252 esse
783 1210 1040 1269 semper,
1072 1192 1745 1255 commendatissimas.
1833 1193 2034 1269 Quem
2070 1213 2215 1254 cum
2248 1193 2477 1267 videro,
2509 1209 2692 1269 agam

291 1306 583 1365 praesens
622 1308 736 1367 pro
786 1309 929 1351 mea
968 1308 1235 1368 persona
1273 1290 1441 1367 quod
1487 1289 1600 1352 alii
1638 1294 1904 1368 egerunt
1945 1311 2058 1369 pro
2105 1295 2170 1353 te
2215 1291 2488 1363 absente,
2533 1309 2695 1352 com·
2726 1318 2744 1353 1
2757 1320 2784 1367 5

290 1386 719 1466 mendaboque
761 1408 866 1450 me
912 1388 1032 1449 tibi
1084 1392 1354 1467 tuaeque
1407 1389 1764 1468 sapientiae,
1819 1410 2005 1467 quem
2058 1389 2315 1468 indigne
2369 1389 2481 1449 alii
2535 1387 2696 1449 mihi

289 1486 907 1549 commendauerunt.
983 1487 1143 1550 Nam
1171 1488 1379 1549 minor
1407 1488 1634 1549 maiori
1651 1489 2075 1550 commendari
2094 1488 2276 1549 debet
2295 1491 2361 1548 et
2387 1486 2699 1549 indoctior

289 1583 632 1645 eruditiori.
737 1586 976 1648 Verum
1029 1587 1086 1648 si
1138 1587 1287 1665 quid
1342 1589 1438 1648 est
1490 1586 1558 1646 in
1603 1607 1747 1648 mea
1792 1587 2099 1664 paruitate
2142 1587 2210 1647 in
2259 1606 2383 1664 quo
2431 1584 2548 1647 tibi
2593 1583 2698 1645 vel

289 1685 508 1758 gratus
533 1683 637 1744 vel
665 1684 839 1747 vtilis
871 1704 1005 1747 esse
1034 1687 1271 1764 potero,
1301 1685 1369 1746 id
1402 1685 1523 1746 erit
1558 1685 1630 1745 in
1672 1690 1737 1746 te
1765 1688 1896 1746 tam
1930 1689 2294 1763 promptum
2335 1688 2401 1745 et
2439 1682 2699 1745 liberale

290 1800 477 1858 quam
499 1781 643 1843 vult
666 1782 789 1845 ista
813 1786 924 1845 tua
942 1786 1007 1845 et
1029 1785 1226 1862 exigit
1249 1784 1642 1861 praestantia,
1668 1803 1858 1862 quam
1885 1785 2014 1845 iam
2038 1784 2287 1846 venisse
2304 1785 2375 1845 in
2396 1783 2695 1863 Angliam
2728 1809 2787 1845 ιο

289 1879 532 1957 gaudeo
558 1902 576 1955 ;
619 1882 719 1941 cui
744 1881 939 1943 velim
967 1886 1099 1945 tam
1127 1882 1402 1944 iucunda
1425 1886 1591 1944 esset
1617 1882 1854 1961 Anglia
1888 1886 2116 1957 nostra,
2147 1902 2335 1961 quam
2371 1887 2435 1943 te
2471 1882 2697 1944 vtilem

289 1978 347 2038 ei
376 1980 487 2041 tua
513 1978 799 2040 doctrina
821 1980 1089 2043 arbitror
1115 2001 1249 2044 esse
1274 2001 1475 2060 posse.
1563 1982 1699 2059 Ego
1720 2001 1867 2043 vero
1894 2001 2037 2043 sum
2066 1982 2135 2042 in
2162 1987 2243 2056 te,
2268 1986 2335 2042 et
2359 2002 2482 2054 ero,
2504 1983 2562 2042 is
2590 1981 2698 2059 qui

293 2075 485 2138 debeo
511 2096 646 2138 esse
675 2077 742 2139 in
769 2099 919 2141 eum
947 2100 1138 2159 quem
1165 2080 1388 2158 opinor
1413 2079 1553 2141 tum
1581 2081 1902 2158 optimum
1929 2083 2072 2140 tum
2100 2079 2556 2141 doctissimum.

374 2174 532 2235 Vale
573 2195 652 2236 ex
698 2177 987 2240 cubiculo
1028 2179 1322 2240 Oxoniae.
1432 2175 1652 2259 [Anno
1697 2178 2036 2240 millesimo
2081 2177 2699 2257 quadringentesimo

295 2274 1022 2358 nonagesimoseptimm]
2729 2287 2787 2335 ²⁵

1024 2510 1248 2576 106107.
1337 2507 1436 2576 Το
1480 2509 1670 2575 JOHN
1717 2508 1968 2577 Com.

363 2609 619 2683 Farrago
643 2630 700 2683 p.
725 2615 811 2684 96.
2260 2612 2487 2669 Oxford.

368 2700 427 2757 P.
454 2720 513 2772 p.
541 2715 677 2774 255:
716 2701 857 2757 HN:
896 2701 1072 2757 Lond.
1096 2721 1142 2758 v.
1170 2720 1234 2772 4:
1273 2703 1383 2761 LB.
1410 2719 1498 2773 41.
2124 2701 2405 2775 <October
2436 2701 2623 2774 1499.)

935 2867 1249 2915 EBASMVS
1295 2868 1547 2916 IOANNI
1593 2867 1853 2916 com-:To
1900 2868 1953 2915 8.
2001 2867 2067 2917 D.

375 3005 450 3066 81
491 3004 645 3083 quid
688 3004 948 3065 omnino
989 3006 1060 3066 in
1099 3007 1340 3085 meipso
1377 3026 1793 3084 agnoscerem,
1837 3006 2050 3068 Colete
2089 3003 2563 3078 humanissime,
2604 3003 2703 3064 vel

299 3103 598 3164 mediocri
636 3102 821 3164 laude
857 3103 1137 3182 dignum,
1169 3106 1434 3167 laetarer
1468 3106 1743 3184 profecto
1785 3125 1929 3165 cum
1968 3104 2240 3165 Hectore
2271 3104 2384 3164 illo
2421 3101 2705 3163 Neuiano

296 3200 538 3262 laudari
579 3201 693 3262 abs
732 3205 814 3278 te,
845 3203 983 3263 viro
1027 3204 1314 3265 omnium
1357 3205 1538 3266 facile
1578 3204 2010 3265 laudatissimo
2040 3226 2054 3276 ;
2111 3203 2289 3264 cuius
2322 3224 2436 3281 ego
2474 3200 2707 3261 iudicio

295 3300 551 3359 tantum
592 3299 821 3375 tribue,
868 3306 940 3362 vt
979 3302 1165 3381 longe
1205 3303 1365 3363 mihi
1407 3303 1492 3364 sit
1532 3303 1864 3363 iucundior
1899 3303 2091 3364 tacita
2131 3306 2241 3362 tua
2271 3302 2458 3362 vnius
2498 3298 2708 3362 existi-

296 3397 494 3458 matio
550 3419 740 3477 quam
802 3401 858 3461 si
913 3402 1014 3462 vel
1068 3402 1435 3463 vniuersum
1497 3403 1703 3462 forum
1759 3402 2120 3462 Romanum
2174 3404 2237 3460 et
2289 3399 2592 3461 acclamet
2643 3402 2706 3459 et
2734 3428 2762 3477 5

295 3496 654 3575 applaudat,
700 3501 810 3559 aut
850 3502 1030 3560 tanta
1068 3521 1171 3561 me
1219 3499 1489 3561 miretur
1532 3500 1966 3578 imperitorum
2014 3499 2356 3560 multitudo
2399 3501 2706 3576 quantum

299 3595 522 3657 Xersis
561 3598 908 3659 exercitum
948 3598 1138 3660 fuisse
1184 3600 1414 3660 ferunt.
1496 3599 1584 3659 Vt
1632 3601 1805 3660 enim
1846 3598 2267 3659 Horatianum
2313 3616 2578 3675 sequens
2620 3596 2711 3656 in·

424 3729 539 3778 106.
570 3743 646 3789 17·
680 3731 735 3779 et
756 3735 824 3780 F:
858 3735 920 3781 vt
940 3735 999 3783 Ε.
1200 3747 1279 3794 ⁹⁴·
1316 3732 1481 3781 Anno
1503 3733 1605 3782 etc.
1628 3735 1744 3781 add.
1773 3735 1837 3781 H.
2039 3731 2149 3782 107.
2174 3743 2221 3792 5.
2255 3733 2323 3780 F:
2361 3729 2450 3777 vel
2468 3729 2515 3777 si
2539 3731 2598 3778 E.

370 3898 486 3948 106.
513 3912 564 3959 9.
601 3896 759 3945 Prior
780 3898 995 3962 domus]
1033 3898 1271 3948 Richard
1296 3899 1459 3949 Char·
1556 3897 1741 3947 which
1787 3898 1834 3946 is
1880 3897 2236 3959 incomplete3
2293 3897 2388 3945 but
2436 3910 2493 3945 as
2537 3896 2704 3945 Wood

301 3965 461 4025 neck,
473 3963 628 4026 prior
642 3964 701 4013 of
710 3964 787 4013 St.
802 3964 999 4026 Hary’s
1007 3964 1459 4027 College,ahouse
1557 3965 1836 4013 mentions
1855 3977 1887 4011 a
1907 3963 2054 4025 prior
2071 3963 2330 4012 Hakborn
2351 3963 2412 4010 in
2431 3975 2573 4023 1501,
2589 3964 2711 4012 that

301 4029 547 4080 founded
592 4030 654 4077 in
707 4043 831 4091 1435
875 4035 933 4079 at
974 4030 1070 4079 the
1115 4031 1362 4080 instance
1407 4029 1467 4077 of
1558 4044 1686 4091 may
1704 4030 1769 4077 be
1793 4029 1956 4077 taken
1974 4042 2032 4076 as
2054 4029 2149 4078 the
2167 4029 2290 4077 date
2309 4028 2368 4075 of
2385 4028 2712 4077 Charnock’s

299 4111 336 4144 a
358 4096 596 4145 number
616 4094 678 4143 of
703 4095 904 4144 Austin
927 4096 1117 4144 abbots
1133 4094 1241 4144 and
1265 4096 1457 4159 priors,
1558 4095 1885 4144 translation
1918 4099 1975 4142 to
2011 4095 2076 4142 be
2110 4094 2260 4156 prior
2293 4093 2351 4141 of
2384 4093 2479 4142 the
2506 4096 2708 4144 Austin

301 4165 362 4210 to
404 4160 693 4223 enabley
654 4174 838 4223 young
886 4163 1090 4210 Austin
1145 4175 1349 4211 canons
1404 4166 1461 4210 to
1559 4161 1876 4210 settlement
1915 4160 1975 4208 in
2016 4159 2243 4208 London
2282 4161 2395 4222 (see
2434 4160 2530 4223 Ep.
2569 4164 2707 4222 240).

302 4227 467 4291 study
485 4229 548 4275 at
578 4224 677 4275 the
711 4225 1047 4291 University.
1116 4227 1214 4276 See
1247 4225 1435 4276 Wood'
1437 4241 1462 4274 s
1561 4225 1805 4289 Dugdale
1832 4225 1927 4288 (vi.
1956 4226 2069 4288 ¹51)
2095 4239 2216 4288 says
2248 4225 2368 4274 that
2400 4225 2471 4275 he
2500 4225 2624 4275 died
2650 4228 2712 4274 in

304 4294 682 4354 Qqsoxsord,
702 4291 785 4341 ed.
807 4293 872 4342 A.
889 4291 1067 4356 Clark,
1086 4292 1259 4356 ons„
1278 4292 1385 4343 vol.
1402 4293 1460 4342 ii.
1566 4307 1727 4354 15073
1764 4291 1862 4340 but
1896 4290 2032 4339 adds
2065 4291 2159 4339 the
2195 4291 2510 4353 conflicting
2548 4296 2712 4341 state-

304 4374 392 4421 pp.
415 4358 634 4419 228-45.
1560 4359 1719 4406 ment
1739 4357 1864 4406 that
1887 4356 1974 4404 his
1996 4371 2268 4406 successor
2286 4371 2396 4405 was
2419 4358 2712 4419 appointed

372 4423 661 4473 Gharnock
714 4422 825 4474 had
876 4423 1012 4473 been
1065 4424 1214 4486 prior
1257 4423 1317 4473 of
1367 4423 1461 4473 the
1560 4438 1632 4472 on
1663 4440 1694 4483 4
1725 4423 1860 4485 Aug.
1894 4436 2039 4486 1505,
2063 4422 2202 4471 after
2232 4423 2320 4471 his
2349 4422 2533 4472 death.
2595 4423 2713 4472 The

307 4491 514 4539 Austin
555 4489 725 4538 house
762 4492 820 4538 at
860 4488 1177 4552 Dunstable,
1217 4491 1277 4537 in
1324 4488 1463 4538 Bed-
1560 4489 1785 4538 absence
1809 4489 1869 4536 of
1884 4488 2127 4537 mention
2153 4487 2212 4536 of
2227 4488 2347 4536 him
2364 4488 2425 4535 in
2443 4487 2712 4536 Erasmus·

306 4554 600 4619 sordahire,
624 4554 803 4605 before
831 4569 853 4602 1
877 4555 994 4605 Oct.
1025 4570 1166 4618 1492,
1188 4554 1349 4604 when
1373 4556 1464 4604 his
1561 4556 1751 4604 letters
1770 4553 1909 4602 from
1934 4553 2184 4615 England
2200 4554 2260 4602 in
2284 4555 2478 4615 isos-6
2495 4553 2544 4601 is
2566 4567 2711 4602 some

307 4635 585 4670 successor
613 4635 727 4669 was
759 4619 1054 4683 appointed
1077 4620 1367 4684 (Dugdale,
1388 4622 1457 4670 vi.
1560 4620 1941 4669 confirmation
1965 4619 2046 4667 for
2068 4619 2162 4667 the
2185 4618 2381 4667 earlier
2400 4618 2544 4669 date.

306 4688 451 4751 239).
547 4685 654 4736 ms
691 4701 853 4736 name
889 4685 1017 4734 does
1053 4689 1152 4735 not
1196 4701 1353 4735 occur
1399 4687 1460 4735 in
1631 4687 1744 4738 107.
1764 4700 1812 4733 2.
1838 4684 2085 4733 Neuiano
2138 4684 2404 4733 ciarum.
2426 4698 2475 4745 5.
2504 4698 2576 4733 12.
2600 4699 2647 4744 7.

307 4752 527 4804 Wood's
563 4752 664 4801 liat
711 4752 770 4801 o!
806 4753 983 4814 priore
1026 4751 1086 4799 of
1122 4752 1201 4802 St.
1244 4750 1458 4816 Mary’s,
1629 4766 1677 4812 7.
1713 4750 2078 4802 Horatianum
2127 4754 2214 4808 Ep.
2245 4765 2286 4797 1.
2316 4764 2392 4810 ¹9·
2415 4764 2497 4811 37.
