3355 5380
292 390 473 476 ¹497]
624 393 785 455 1³03
844 393 1150 455 HENRY
1205 394 1662 457 NORTHOFF
1716 397 1825 458 ΤΟ
1879 398 2357 460 CHRISTIAN
2571 405 2684 461 183

284 549 422 610 Iam
456 549 683 611 iisdem
722 550 791 610 in
827 549 1061 611 vinetis
1100 549 1583 613 deambulabam
1626 573 1816 614 omne
1854 555 2137 632 spacium
2178 556 2528 632 remetiens,
2575 558 2684 619 sed

279 648 486 723 solus3
546 648 761 709 omnia
797 648 962 709 veris
1002 647 1345 710 simillima.
1435 649 1703 712 Subibat
1739 651 2027 712 animum
2064 650 2268 713 multa
2309 654 2387 713 de
2428 657 2493 714 te
2532 654 2689 732 cogi·

279 747 473 821 tatio;
514 747 963 825 desyderabam
997 750 1276 807 veterem
1313 747 1493 808 illam
1528 750 2046 811 consuetudinem
2080 754 2379 812 nostram.
2466 753 2687 813 Venie-

279 843 389 906 bat
414 845 485 906 in
512 849 791 907 mentem
819 849 965 906 tuus
990 845 1098 905 ille
1126 846 1377 906 animus
1404 846 1739 925 plusquam
1768 849 2098 909 fraternus.

362 944 504 1004 Iam
546 943 851 1006 sollicitus
893 964 1061 1005 eram
1106 943 1258 1022 quid
1306 964 1533 1023 ageres,
1566 945 1718 1023 quid
1759 945 2013 1020 valeres,
2067 945 2252 1007 satin’
2295 946 2503 1007 saluae
2543 967 2645 1009 res
2667 958 2771 1027 3⁴⁶0

281 1043 449 1120 quod
492 1042 937 1119 complusculis
984 1043 1307 1104 mensibus
1350 1043 1516 1104 nihil
1563 1063 1602 1105 a
1647 1047 1715 1105 te
1760 1044 2179 1106 nunciaretur.
2284 1045 2370 1106 Et
2422 1065 2561 1106 ecoe
2606 1047 2685 1107 de

280 1140 626 1218 improuiso
680 1141 760 1201 fis
813 1140 1052 1214 obuius,
1109 1144 1411 1219 tanquam
1460 1141 1664 1203 ociose
1718 1142 2142 1217 deambulans,
2194 1143 2376 1204 vultu
2428 1144 2684 1222 quidem
2773 1167 2778 1173 ¹

278 1238 486 1299 nitido
512 1241 579 1299 et
601 1242 744 1300 cute
770 1238 929 1298 bene
956 1240 1183 1300 curata.
1272 1239 1412 1301 Iam
1438 1239 1557 1302 hoc
1578 1242 1856 1318 primum
1877 1241 2117 1302 faustae
2136 1245 2280 1302 tuae
2305 1241 2688 1303 valetudinis

280 1357 467 1400 omen
495 1336 749 1415 accipio,
783 1336 874 1397 mi
903 1337 1277 1399 Christiane.
1366 1339 1467 1400 Ita
1500 1341 1565 1399 te
1599 1342 1805 1401 totum
1833 1339 2171 1417 Morpheus
2197 1340 2308 1400 ille
2335 1340 2678 1415 effinxerat,

278 1439 348 1496 vt
374 1456 458 1497 ne
484 1439 556 1496 tu
591 1435 846 1513 quidem
879 1434 1014 1513 ipse
1048 1435 1147 1496 tui
1187 1439 1318 1496 tam
1360 1436 1453 1497 sis
1490 1437 1724 1498 similis
1765 1458 1955 1515 quam
1996 1439 2203 1516 imago
2243 1439 2369 1500 illa.
2456 1440 2555 1499 Ac
2580 1458 2684 1501 me
2706 1448 2770 1513 ⁶5

275 1536 534 1612 quidem
562 1536 891 1612 conspecto
926 1534 1297 1596 familiarius
1336 1539 1448 1596 tuo
1489 1536 1759 1612 quodam
1803 1555 1977 1597 more
2018 1536 2195 1597 visus
2235 1555 2303 1596 es
2343 1534 2681 1597 subridere.

274 1635 575 1696 Alterum
597 1633 661 1694 id
690 1632 855 1693 mihi
882 1635 979 1692 est
1004 1652 1192 1694 omen
1233 1636 1297 1694 te
1328 1636 1492 1694 recte
1530 1636 1755 1696 valere.
1844 1635 2086 1696 Deinde
2116 1636 2455 1713 gestientes
2483 1654 2685 1695 accur-

278 1735 482 1793 rimus
520 1732 780 1808 vtrique,
822 1731 1308 1793 consalutamus.
1398 1731 1502 1794 Ibi
1541 1753 1658 1810 ego
1698 1733 1859 1794 fusis
1898 1752 2044 1811 prae
2082 1731 2311 1810 gaudio
2342 1732 2686 1809 lachrymis

279 1833 295 1861 ‘
312 1832 485 1892 Tene
502 1833 518 1858 ’
571 1831 831 1908 inquam
892 1832 907 1861 ‘
927 1832 1123 1901 teneo,
1186 1851 1325 1892 mea
1381 1830 1685 1908 voluptas,
1746 1832 1837 1892 mi
1890 1833 2085 1892 frater
2146 1831 2360 1893 animo
2408 1830 2686 1893 maxime

278 1928 642 2006 desyderate
666 1948 807 1989 meo
826 1930 860 1989 ⁴?
928 1928 1089 2004 Quid
1118 1931 1193 1991 fit
1211 1933 1245 1991 ⁴?
1305 1930 1457 2006 Quis
1483 1934 1550 1990 te
1577 1929 1763 1991 nobis
1780 1930 1883 1990 vel
1914 1930 2066 1991 deus
2083 1929 2183 1991 vel
2206 1950 2384 1991 casus
2404 1928 2685 1992 obtulit?
2711 1950 2773 2004 70

275 2026 652 2105 vigilansne
701 2029 766 2087 te
812 2026 996 2087 video
1041 2047 1122 2087 an
1164 2028 1441 2106 imagine
1480 2028 1685 2089 fallaci
1725 2027 1987 2089 deludor
2005 2029 2071 2089 ‘?’
2152 2028 2317 2089 'I'um
2361 2030 2466 2090 tu:
2512 2029 2683 2107 ‘Ego

276 2124 554 2203 quidem,
590 2145 628 2186 o
662 2125 910 2186 animae
948 2126 1287 2187 dimidium
1321 2146 1512 2201 meae,
1543 2128 1783 2188 caetera
1818 2126 2093 2205 perbelle
2129 2127 2337 2203 valui3
2380 2128 2488 2189 sed
2517 2128 2684 2206 quod

275 2223 733 2286 iucundissimo
797 2228 906 2284 tuo
972 2226 1267 2286 conuictu
1332 2245 1622 2299 carerem,
1684 2224 2019 2303 plusquam
2087 2226 2454 2287 dimidiatus
2519 2226 2684 2288 mihi

277 2323 494 2383 viuere
535 2320 806 2394 videbar,
857 2321 1115 2382 meliore
1158 2324 1405 2384 animae
1452 2344 1626 2385 meae
1681 2326 1967 2402 portione
2009 2325 2342 2386 distracta.'
2421 2327 2514 2386 At
2568 2344 2683 2403 ego

282 2424 299 2450 ⁴
318 2419 701 2498 Neutiquam
756 2422 876 2483 tibi
931 2422 1266 2483 concedam
1286 2423 1301 2448 ’
1357 2424 1616 2500 inquam
1680 2424 1696 2453 ⁴
1716 2426 1790 2485 vt
1841 2427 1913 2483 tu
1976 2423 2118 2497 mei,
2172 2443 2360 2500 quam
2417 2444 2533 2502 ego
2584 2425 2683 2485 tui
2711 2438 2771 2493 75

275 2518 683 2596 desyderium
725 2521 1002 2596 tulerim,
1051 2521 1485 2598 impatientius
1531 2520 1772 2582 tuleris.
1855 2520 1976 2581 Sed
2017 2540 2131 2599 age
2173 2521 2341 2596 doce,
2380 2522 2681 2599 quidnam

278 2620 539 2696 repente
592 2618 815 2678 accidit
867 2620 1036 2698 quod
1105 2622 1236 2679 tam
1305 2617 1691 2679 immensum
1758 2619 1877 2678 iter
1944 2638 2272 2679 remensus
2325 2620 2685 2682 Parrhisios

278 2719 563 2794 repetere
578 2717 854 2778 volueris
873 2721 906 2780 ¹?
976 2718 1139 2779 Nam
1167 2723 1237 2780 vt
1264 2717 1613 2796 plurimum
1636 2717 1876 2780 anobis
1897 2718 2382 2796 desyderabaris,
2405 2719 2495 2780 ita
2520 2719 2684 2780 nihil

278 2815 497 2876 minus
538 2835 726 2893 quam
767 2820 950 2877 tuum
992 2821 1391 2895 conspectum
1432 2816 1878 2895 sperabamus!
1963 2820 1978 2846 ⁴
2005 2817 2248 2878 Audies
2267 2818 2282 2843 ’
2322 2817 2684 2895 inquiebas3

282 2917 299 2944 ⁴
322 2931 530 2989 neque
558 2914 731 2973 enim
759 2934 862 2974 me
888 2916 1148 2994 pudebit
1175 2920 1247 2978 vt
1273 2937 1374 2977 res
1401 2917 1592 2977 habet
1620 2915 1819 2976 fateri.
2710 2928 2776 2980 80

367 3011 527 3072 ‘Vbi
565 3012 644 3073 ad
684 3013 795 3075 illa
835 3014 1225 3075 Mercurialis
1262 3035 1404 3075 mea
1444 3015 1701 3092 negocia
1738 3013 2061 3088 redissem,
2097 3013 2334 3073 mirum
2375 3017 2472 3075 est
2512 3014 2685 3075 dictu

276 3128 472 3187 quam
514 3111 678 3171 mihi
719 3113 1027 3190 coeperim
1065 3112 1408 3189 displicere,
1439 3112 1560 3173 tibi
1592 3112 1890 3186 inuidere,
1921 3111 2087 3172 mihi
2122 3111 2320 3187 irasci,
2354 3112 2520 3189 quod
2548 3132 2687 3174 san·

274 3208 563 3270 cti-aimo
616 3209 939 3271 Musarum
1001 3210 1413 3272 contubernio
1472 3209 1688 3272 relicto
1752 3211 1831 3271 ad
1892 3209 2247 3287 prophanas
2299 3210 2443 3270 illas
2503 3229 2686 3271 curas

277 3308 700 3370 reuertissem.
789 3309 972 3370 Mene
1011 3309 1105 3371 sic
1137 3309 1501 3387 desipuisse,
1534 3314 1604 3370 vt
1632 3309 1835 3370 vllum
1864 3310 2110 3370 lucrum
2138 3310 2301 3369 tanti
2328 3307 2675 3384 habuerim,

274 3404 381 3466 cui
436 3406 836 3467 sanctissima
886 3407 1095 3469 studia
1148 3407 1588 3485 posthaberem
1610 3410 1645 3469 ¹?
1740 3409 1905 3468 Tum
1961 3407 2216 3485 quidem
2270 3406 2517 3467 mellita
2569 3406 2682 3468 illa
2705 3414 2768 3479 85

276 3504 533 3567 Erasmi
563 3504 760 3565 oratio
786 3505 1002 3567 animo
1044 3505 1508 3583 obuersabatur,
1539 3526 1664 3585 qua
1703 3526 1808 3567 me
1847 3506 1952 3567 his
1992 3507 2149 3583 ipsis
2191 3505 2259 3565 in
2304 3505 2507 3566 vineis
2547 3508 2683 3565 tan-

275 3621 470 3679 quam
518 3602 588 3663 in
634 3603 834 3664 alium
881 3602 1205 3665 hominem
1248 3605 1757 3679 transformabat,
1799 3605 1998 3665 multa
2043 3603 2114 3663 in
2158 3603 2348 3664 huius
2389 3608 2683 3681 quaestus

276 3700 495 3762 sordes
541 3705 606 3762 et
652 3701 1049 3763 incommoda
1101 3702 1426 3776 disserens,
1477 3723 1623 3763 cum
1676 3703 1876 3763 bonas
1927 3702 2144 3764 literas
2190 3703 2279 3762 ita
2318 3722 2462 3762 cum
2507 3703 2683 3763 omni

274 3819 508 3878 genere
547 3819 759 3860 rerum
797 3800 1168 3874 conferebat,
1200 3806 1270 3862 vt
1307 3820 1454 3861 cum
1493 3801 1691 3863 nullis
1732 3802 1997 3862 omnino
2036 3801 2441 3862 conferendas
2481 3803 2683 3862 osten·

273 3898 495 3961 derete
538 3897 704 3959 solas
744 3897 889 3958 illas
930 3919 1063 3959 esse
1104 3899 1386 3977 proprias
1426 3898 1709 3960 hominis
1747 3918 1911 3977 opes,
1942 3918 2141 3976 neque
2178 3899 2314 3960 dari
2354 3919 2392 3959 a
2428 3899 2684 3960 fortuna
2705 3918 2771 3971 90

275 4014 483 4073 neque
508 3994 670 4073 eripi
695 4015 916 4074 posse;
954 4016 1074 4057 vsu
1099 3997 1328 4074 augeri,
1359 4016 1488 4058 non
1508 3998 1715 4058 minui
1738 4022 1753 4072 3
1795 3996 2085 4058 meliores
2112 3998 2266 4072 fieri,
2298 4017 2424 4058 non
2454 3997 2686 4071 deteri;

277 4112 411 4153 non
440 4111 759 4154 senescere
785 4113 933 4158 cum
958 4095 1162 4156 forma
1180 4098 1245 4155 et
1263 4095 1502 4157 viribus
1524 4095 1796 4174 corporis
1822 4116 1839 4169 3
1879 4115 2009 4157 non
2030 4096 2388 4174 contingere
2414 4096 2679 4174 ignauis,

276 4194 351 4252 vt
376 4191 645 4252 honores
670 4214 686 4266 ;
729 4212 857 4253 non
884 4212 1139 4254 auocare
1159 4194 1485 4255 hominem
1509 4214 1548 4255 a
1572 4194 1826 4269 virtute,
1859 4194 1970 4255 sed
1998 4195 2304 4255 instruere
2332 4216 2347 4269 3
2390 4214 2493 4255 eas
2520 4195 2684 4256 solas

276 4289 687 4368 tranquillare
714 4291 1001 4351 animum
1027 4295 1333 4366 nostrum,
1365 4312 1613 4370 semper
1637 4295 1852 4372 parata
1878 4313 2012 4354 esse
2040 4293 2381 4370 praesidia:
2422 4294 2680 4354 demum

278 4388 420 4450 sine
444 4387 546 4449 his
573 4408 654 4449 ne
682 4389 972 4450 homines
998 4390 1250 4467 quidem
1278 4409 1393 4451 nos
1420 4411 1572 4453 esse.
1662 4391 1784 4452 Sed
1820 4392 1970 4469 quid
2001 4412 2119 4469 ego
2145 4392 2494 4469 perstringo
2520 4411 2681 4469 quae
2702 4405 2767 4456 95

276 4483 389 4544 ille
428 4486 536 4546 vix
576 4486 820 4548 duabus
859 4487 1035 4548 horis
1080 4489 1447 4566 perorauit?
1526 4489 1650 4550 His
1690 4510 1804 4568 ego
1844 4490 2294 4566 inflammatus,
2332 4491 2516 4551 Itane
2549 4490 2676 4562 fiet,

278 4582 535 4661 inquam
558 4586 591 4645 ’ἓ
631 4584 946 4646 Henricus
985 4585 1309 4647 literarum
1352 4589 1530 4649 tanto
1572 4588 1939 4649 melioribus
1980 4589 2287 4650 mercibus
2329 4589 2579 4663 ditatur,
2617 4590 2680 4647 et

279 4701 393 4758 ego
432 4683 778 4760 prophanis
819 4682 1161 4745 immersus
1202 4685 1477 4762 negociis
1516 4685 1675 4747 bene
1717 4690 1935 4765 coepta
1974 4671 2242 4763 turpiter
2281 4685 2631 4763 relinquam
2649 4688 2683 4746 ⁸?
