3355 5380
245 367 424 452 ¹488]
893 372 998 433 ΤΟ
1054 370 1532 434 SERVATIUS
1589 372 1990 434 ROGERUS
2569 378 2647 433 89

241 548 349 590 nec
406 528 634 589 diuum
689 549 810 590 nec
862 528 1192 591 hominum
1247 547 1626 606 quemquam
1681 527 2085 605 profuturum
2140 547 2370 606 speres,
2422 529 2481 591 si
2531 529 2655 590 tibi

243 627 512 688 defueris
548 627 707 705 ipse.
795 626 1023 688 Omnia
1062 627 1235 687 enim
1278 626 1366 687 dii
1406 627 1777 688 mortalibus
1815 626 2024 687 labore
2063 627 2365 688 vendunt.

569 751 678 812 Dii
721 750 838 812 tibi
880 751 1030 812 dent
1070 751 1328 825 animos,
1373 771 1410 811 a
1450 754 1514 812 te
1556 770 1702 810 nam
1744 753 1984 811 caetera
2022 769 2249 813 sumes.
2686 768 2749 805 πο

248 875 381 951 Quo
433 878 525 947 tu,
584 894 830 953 quaeso,
877 873 1069 952 pallio
1116 873 1186 934 in
1233 876 1411 936 tanta
1458 873 1742 934 codicum
1790 872 1980 952 copia,
2035 875 2214 934 tanta
2266 874 2657 935 eruditorum

247 973 612 1051 praesentia,
665 973 795 1033 imo
843 971 1295 1048 beneuolentia,
1349 975 1526 1033 tuam
1575 972 1997 1050 praetexueris
2043 972 2335 1032 inertiam
2357 975 2390 1033 ’ἒ
2458 973 2658 1049 Quam

248 1070 588 1132 excusandi
628 1070 867 1148 profers
905 1070 1230 1131 materiam
1250 1072 1283 1130 ‘2

326 1168 398 1229 Si
442 1169 671 1247 itaque,
720 1168 886 1247 quod
927 1167 1136 1230 solum
1185 1172 1481 1246 superest,
1530 1166 1623 1228 mi
1670 1166 1933 1242 Seruati,
1978 1168 2144 1246 quod
2194 1171 2372 1246 optas
2419 1168 2661 1246 assequi
2701 1202 2712 1207 ·

249 1268 425 1345 cupis
451 1268 651 1346 (cupis
675 1270 904 1342 autem,
941 1267 997 1327 si
1032 1286 1259 1328 sanum
1296 1265 1503 1346 sapis),
1540 1265 1776 1327 nostris
1815 1266 2075 1327 monitis
2115 1285 2329 1328 aurem
2369 1266 2663 1346 praebeas
2692 1266 2766 1337 25‘

250 1384 499 1426 necoese
526 1368 639 1427 est.
727 1364 1052 1443 Imprimis
1082 1368 1154 1425 vt
1179 1368 1411 1425 retecto
1437 1384 1583 1443 erga
1610 1384 1728 1425 nos
1754 1364 1966 1426 animo
1992 1364 2172 1426 viuas
2202 1366 2480 1444 apprime
2507 1384 2663 1443 opus

248 1467 362 1526 est.
450 1465 630 1526 Τωιθ
664 1465 832 1524 inter
869 1464 1107 1525 amicos
1152 1463 1483 1525 celandum
1525 1482 1658 1525 esse
1701 1462 2021 1543 quippiam
2063 1467 2326 1526 censes?
2415 1463 2664 1526 Gratias

250 1562 479 1625 solutis
506 1563 680 1623 zonis
706 1565 919 1623 noster
946 1562 1242 1623 describit
1280 1562 1605 1636 Horatius,
1639 1564 1703 1622 et
1740 1565 1815 1623 tu
1841 1563 1982 1641 (te)
2019 1564 2226 1624 nescio
2262 1584 2383 1642 quo
2416 1563 2666 1625 simula·

251 1662 447 1723 tionis
494 1660 748 1739 cingulo
790 1661 1124 1722 contrahis,
1215 1660 1505 1722 Profecto
1547 1662 1656 1721 aut
1697 1662 1769 1720 tu
1819 1680 2024 1721 errore
2072 1661 2332 1737 duceris,
2379 1664 2488 1723 aut
2536 1681 2667 1724 non

252 1765 417 1822 recte
444 1759 734 1821 definiuit
767 1759 1037 1821 amicum
1067 1759 1172 1840 qui
1202 1758 1397 1821 dixit:
1442 1758 1709 1820 Amicus
1737 1762 1832 1820 est
1860 1779 2025 1820 vnus
2052 1760 2301 1822 animus
2327 1760 2397 1822 in
2427 1760 2669 1823 duobus
2695 1774 2759 1824 30

253 1858 630 1939 corporibus.
720 1858 1058 1920 Communi
1099 1877 1246 1936 ergo
1285 1857 1353 1918 in
1397 1877 1514 1919 nos
1553 1857 1770 1918 animo
1812 1858 1900 1918 sis
1942 1860 2434 1937 operaepretium
2473 1862 2669 1937 puto;

254 1978 368 2019 nec
412 1955 715 2018 sciscitari
758 1956 961 2033 dubia,
1008 1976 1122 2017 nec
1163 1957 1449 2035 ignorata
1487 1956 1718 2035 pudeat
1760 1955 1957 2017 fateri.
2043 1957 2285 2019 Deinde
2329 1957 2395 2019 id
2436 1979 2509 2019 eo
2551 1978 2670 2037 quo

252 2055 464 2135 pergis
520 2056 805 2116 omnium
867 2055 1167 2116 conducet
1228 2055 1517 2130 maxime,
1583 2055 1639 2114 si
1711 2053 1985 2115 crebrius
2051 2073 2122 2116 ac
2190 2054 2340 2119 facis
2407 2056 2487 2120 ad
2555 2076 2672 2119 nos

256 2154 620 2232 scripseris3
704 2173 835 2214 nec>
886 2152 953 2213 id
1009 2172 1157 2213 sane
1215 2151 1481 2231 pristino
1540 2154 1651 2214 tuo
1708 2173 1879 2214 more
1934 2154 2318 2217 mendicatas
2373 2156 2672 2235 quasdam

256 2252 677 2326 sententiolas,
713 2251 842 2311 imo
875 2250 1061 2329 (quod
1088 2251 1333 2329 turpius
1359 2252 1478 2329 est)
1508 2271 1690 2313 voces
1716 2250 1866 2312 hinc
1902 2272 1978 2312 ex
2015 2252 2356 2327 Bernardo,
2387 2253 2568 2317 illinc
2595 2275 2671 2315 ex
2700 2267 2761 2319 35

256 2350 599 2413 Claudiano
624 2349 860 2428 passim
886 2349 1320 2426 coaceruando,
1351 2349 1600 2429 tuisque
1626 2371 1754 2411 non
1783 2349 1968 2412 aliter
1994 2370 2180 2430 quam
2210 2351 2332 2412 sibi
2360 2354 2674 2414 cornicula

254 2448 525 2527 pauonis
564 2448 809 2525 plumas
848 2447 1142 2526 aptando,
1185 2448 1315 2509 imo
1363 2450 1575 2527 inepte
1615 2449 1964 2510 assuendo:
2020 2469 2217 2528 neque
2258 2451 2429 2512 enim
2473 2452 2538 2513 id
2577 2455 2674 2513 est

255 2547 476 2608 literas
521 2545 784 2608 condere
833 2547 939 2607 sed
986 2546 1288 2623 colligere.
1373 2546 1501 2608 Nec
1549 2566 1666 2608 nos
1714 2550 1847 2608 tam
1898 2548 2084 2609 crassi
2132 2548 2373 2627 ingenii
2422 2553 2671 2630 tamque

257 2645 546 2726 stupidos
568 2646 893 2725 suspicere,
925 2644 1031 2725 qui
1064 2663 1441 2725 nequeamus
1479 2644 1830 2708 discernere
1866 2645 2014 2725 quid
2053 2665 2088 2705 e
2119 2647 2254 2722 tuo,
2281 2646 2432 2726 quid
2468 2648 2671 2709 alieno

256 2745 433 2805 fonte
476 2744 802 2805 mutuatus
849 2743 951 2805 sis.
1038 2743 1208 2820 Quin
1252 2743 1451 2821 magis
1494 2763 1611 2821 pro
1654 2743 1751 2805 tui
1797 2743 2040 2821 ingenii
2079 2742 2319 2805 viribus
2359 2744 2565 2826 (atque
2605 2746 2670 2805 id
2697 2761 2765 2811 40

260 2863 506 2922 quoque
561 2862 637 2904 ex
690 2846 969 2921 tempore
1031 2841 1271 2916 malim)
1326 2841 1631 2922 quidquid
1701 2841 1771 2903 in
1826 2842 2084 2903 buccam
2139 2842 2386 2903 venerit
2451 2844 2665 2907 scribe.

260 2942 393 3002 Nec
424 2944 491 3002 te
517 2939 902 3015 barbarismi,
932 2939 988 3000 si
1025 2939 1133 3018 qui
1170 2938 1476 3016 inciderit,
1517 2940 1750 3018 pudeat
1777 2961 1792 3014 3
1847 2939 2080 3001 senties
2119 2959 2235 3000 nos
2276 2944 2671 3016 correctores,

260 3060 394 3102 non
421 3038 717 3100 irrisores.
808 3038 945 3114 Quo
984 3041 1163 3116 pacto
1195 3037 1514 3099 curabitur
1542 3038 1782 3100 vulnus
1807 3039 1970 3117 quod
1999 3058 2131 3100 non
2156 3038 2481 3115 aperitur?
2535 3042 2671 3102 Aut

260 3138 415 3217 quid
446 3137 592 3198 illos
632 3137 829 3197 celare
862 3136 1186 3197 contendis
1221 3135 1286 3197 id
1316 3137 1477 3216 quod
1504 3138 1573 3198 in
1604 3142 1669 3198 te
1710 3157 1842 3199 esse
1883 3140 1947 3197 te
1987 3136 2124 3215 ipso
2168 3135 2395 3200 clarius
2433 3142 2671 3201 norunt

261 3244 327 3299 et
375 3237 651 3298 certius?
731 3235 853 3296 Sed
912 3239 1043 3297 esto
1092 3254 1205 3296 nos
1254 3235 1521 3313 fugerit:
1589 3235 1904 3296 idcircone
1960 3235 2028 3296 in
2078 3238 2141 3297 te
2184 3255 2313 3297 non
2363 3238 2475 3312 est,
2524 3237 2670 3316 quia
2696 3252 2760 3303 45

262 3336 334 3397 in
374 3338 441 3397 te
480 3354 614 3395 esse
655 3333 930 3394 nescitur
947 3336 981 3394 ⁴?
1548 3351 1557 3360 ⁴
2004 3409 2011 3415 ·

345 3433 413 3494 Si
454 3433 677 3511 itaque,
723 3431 971 3493 Seruati
1011 3431 1320 3493 sodalium
1362 3452 1645 3493 meorum
1686 3432 2020 3507 carissime,
2064 3453 2193 3494 non
2234 3433 2371 3495 dico
2411 3452 2529 3511 me,
2561 3435 2671 3496 sed

260 3532 319 3593 si
374 3530 651 3609 teipsum
713 3549 907 3607 amas,
956 3529 1013 3591 si
1069 3529 1199 3592 vlla
1265 3533 1408 3591 tuae
1477 3530 1595 3590 tibi
1662 3551 1807 3592 cura
1873 3530 2117 3606 salutis,
2172 3532 2330 3593 meis
2389 3533 2673 3594 animum

258 3628 491 3706 praebe
547 3627 924 3701 hortatibus,
970 3630 1186 3688 excute
1239 3630 1573 3706 torporem,
1615 3627 2200 3705 pusillanimitatem
2244 3650 2421 3705 exue,
2462 3630 2674 3691 virum

262 3727 477 3800 indue,
520 3726 898 3805 tandemque
959 3716 1075 3788 vel'
1119 3746 1255 3787 sero
1316 3726 1487 3805 operi
1541 3746 1805 3788 manum
1863 3727 2133 3806 impone.
2224 3728 2554 3810 Quousque
2610 3731 2675 3790 te
2705 3741 2771 3794 50

263 3824 611 3886 hodiernus
671 3825 869 3886 eludit
922 3825 1054 3887 dies
1121 3826 1237 3887 sub
1302 3825 1726 3904 expectatione
1787 3825 2047 3887 crastini
2064 3828 2098 3889 *Ρ
2196 3824 2379 3896 Vide,
2427 3847 2676 3908 quaeso,

263 3925 578 4001 quantum
625 3924 754 3983 iam
801 3924 1102 4002 temporis
1149 3924 1313 3984 inter
1356 3922 1599 4003 digitos,
1651 3927 1721 3985 vt
1761 3925 1957 3999 aiunt,
2006 3924 2300 4000 fluxerit;
2356 3926 2509 3987 anni
2548 3926 2677 3988 iam

265 4022 477 4082 abiere
534 4023 817 4099 quatuor,
877 4041 1022 4082 cum
1077 4022 1145 4082 in
1200 4021 1417 4082 eodem
1473 4021 1748 4084 haesitas
1799 4022 1951 4084 luto.
2062 4023 2239 4099 Quod
2294 4024 2348 4085 si
2399 4023 2680 4103 primum

334 4164 421 4212 28.
454 4162 606 4212 zonis
627 4164 727 4210 ΕΒ.
754 4178 768 4209 2
798 4161 947 4210 sonis
972 4160 1040 4211 0¹.
1256 4175 1336 4221 42.
1379 4159 1429 4210 Οι
1454 4177 1468 4209 :
1499 4159 1636 4224 quid
1655 4161 1915 4211 inciderit
1932 4164 2080 4211 Lona.
2105 4175 2119 4210 ε
2152 4162 2250 4225 qui
2265 4161 2568 4214 inciderint
2585 4165 2683 4211 LB.

270 4241 351 4289 53.
387 4228 510 4276 luto
532 4230 650 4275 LB:
683 4229 801 4275 tuto
828 4225 893 4276 0¹.

336 4380 416 4415 ao.
455 4364 578 4431 Dii]
604 4363 685 4414 Cf.
705 4365 801 4414 Ov.
818 4365 909 4419 Ep.
926 4364 1055 4409 Puni.
1073 4374 1120 4409 ε.
1149 4374 1192 4409 1.
1218 4373 1300 4422 53.
1534 4359 1798 4410 Fathers!
1857 4358 1964 4409 His
2004 4363 2250 4408 Ser-mona
2285 4373 2428 4409 were
2466 4357 2688 4422 printed

340 4433 418 4482 28.
452 4427 746 4492 Horatius]
772 4432 923 4476 carm
958 4440 997 4474 1.
1025 4440 1104 4486 30.
1130 4440 1177 4487 5,
1203 4428 1254 4475 6.
1536 4425 1607 4488 by
1643 4425 1880 4474 Schoffer
1918 4428 1972 4473 at
2004 4425 2202 4484 mainz,
2246 4439 2305 4486 14
2336 4424 2495 4486 April
2529 4438 2689 4487 14753

343 4511 425 4558 30.
485 4498 583 4560 qui
639 4492 812 4558 dixit]
881 4491 1223 4553 Pythagoras.
1333 4491 1433 4540 See
1536 4491 1626 4540 his
1662 4493 1903 4551 Epium
1939 4491 2015 4554 by
2051 4491 2148 4540 the
2190 4488 2459 4540 Brethren
2497 4486 2558 4538 of
2593 4488 2693 4538 the

284 4566 474 4623 Adam’a
494 4577 544 4612 a.
1543 4556 1811 4606 Common
1850 4555 1970 4607 Life
2014 4558 2070 4606 at
2113 4556 2378 4617 Brussels,
2430 4570 2486 4604 11
2533 4553 2695 4618 April

348 4641 428 4690 35.
462 4623 767 4688 Bernardo]
805 4623 884 4672 St.
911 4621 1153 4671 Bernard
1178 4620 1237 4671 of
1265 4621 1435 4672 Glair·
1547 4622 1690 4683 1481.

283 4707 424 4742 vaux
472 4691 839 4756 (rom-1153),
895 4686 1022 4737 ‘the
1073 4686 1179 4737 last
1233 4688 1293 4736 of
1340 4687 1436 4737 the
1608 4700 1687 4750 53.
1726 4686 1882 4751 quod
1906 4684 1977 4751 si]
2005 4686 2082 4738 Cf.
2109 4687 2204 4751 Ep.
2233 4701 2312 4750 ¹3·
2337 4700 2482 4748 52-4.

388 4794 542 4826 aum
1472 4788 1520 4830 n
