3355 5380
625 310 743 366 336
1322 300 1701 362 LETTERS
1757 300 1866 362 oF
1919 298 2321 361 ERASMUS
2835 293 3023 379 [1501

623 459 1053 537 Graecantem‚
1076 460 1240 539 quod
1270 458 1462 522 huius
1492 459 1744 538 linguae
1776 478 1979 537 nuper
2002 477 2137 518 esse
2170 457 2536 518 candidatus
2563 454 2780 533 coepi),
2809 457 3036 516 ἅπαντα

620 565 738 625 τοῖς
781 563 974 624 καλοῖς
1020 560 1256 638 ἀνδράσι
1296 561 1511 637 πρέπει,
1554 556 1735 620 cuius
1774 556 1878 618 hic
1921 556 2174 635 quidem
2211 559 2308 617 est
2346 575 2585 631 sensus,
2630 555 2753 615 Tui
2792 553 3037 616 similes

621 659 900 738 egregios
940 659 1110 719 viros
1156 657 1321 719 nihil
1369 677 1499 718 non
1547 657 1773 718 decere.
1858 656 2142 716 Eandem
2188 654 2428 732 ingenii
2475 653 2917 714 dexteritatem
2966 653 3037 713 in

531 786 597 835 40
622 755 947 835 Aristippo
1012 755 1350 818 celebrauit
1413 755 1686 830 Flaccus,
1736 753 1980 828 Omnis,
2026 752 2332 832 inquiens,
2376 753 2771 830 Aristippum
2822 751 3039 814 decuit

624 854 805 930 color,
855 854 989 915 siue
1030 852 1225 932 regali
1264 873 1542 933 purpura
1585 852 1957 931 conspicuus
2001 849 2326 924 incederet,
2372 851 2506 910 siue
2554 849 2790 928 Cynico
2837 848 3038 930 pallio

621 952 977 1016 sordidatus
1013 952 1474 1032 ingrederetur3
1530 971 1889 1030 quanquam
1925 953 1998 1011 tu
2034 948 2287 1028 quidem
2323 947 2663 1026 inaequalis
2698 968 3038 1028 nusquam,

625 1051 787 1113 mira
841 1052 1107 1130 quadam
1172 1050 1500 1112 harmonia
1560 1052 1624 1109 et
1689 1050 1758 1109 in
1816 1047 2234 1127 amplitudine
2286 1045 2785 1108 humanissimus
2843 1051 2910 1108 et
2966 1048 3037 1108 in

623 1150 1017 1211 humanitate
1056 1148 1585 1228 amplissimus.—

536 1277 598 1326 45
707 1247 829 1309 Sed
871 1267 1171 1327 quorsum
1211 1248 1332 1308 ista
1373 1249 1504 1308 tam
1545 1246 1796 1307 multa?
1848 1243 2111 1323 inquies,
2198 1244 2401 1304 Probe
2446 1244 2724 1321 profecto
2772 1263 3041 1318 mones;

627 1343 942 1408 fulcienda
981 1345 1155 1407 enim
1195 1365 1350 1423 quae
1392 1344 1621 1424 pendet
1661 1343 1864 1405 adhuc
1903 1342 2193 1420 periodus
2233 1346 2294 1403 et
2335 1342 2712 1403 claudendus
2752 1343 2852 1403 vel
2892 1361 3041 1404 sero

625 1446 1104 1524 μακρολογισμός,
1148 1463 1336 1521 quem
1378 1443 1539 1503 mihi
1580 1462 1710 1503 non
1759 1443 1985 1502 natura
2026 1440 2343 1519 loquacior
2388 1440 2495 1501 sed
2544 1440 2818 1503 iucunda
2857 1461 3041 1520 quae-

626 1543 773 1603 dam
801 1540 899 1603 tui
934 1542 1299 1604 simulachri
1328 1541 1775 1619 contemplatio
1806 1540 1980 1602 facit.
2064 1540 2230 1617 Ergo
2266 1560 2410 1599 cum
2437 1539 2596 1601 mihi
2624 1545 3036 1616 succurreret,

627 1640 902 1719 inquam,
957 1641 1079 1702 ista
1126 1660 1290 1702 noua
1345 1640 1619 1719 corporis
1668 1638 1989 1717 animique
2043 1638 2142 1700 tui
2196 1637 2495 1699 felicitate
2543 1638 2680 1698 fieri
2727 1642 2799 1700 vt
2855 1642 3042 1700 tanta

539 1768 603 1817 50
626 1738 1083 1817 tranquillitate
1136 1759 1389 1801 summa
1442 1736 1645 1800 obires
1701 1737 1973 1816 negocia,
2029 1740 2263 1816 quanta
2315 1737 2424 1796 vix
2483 1735 2644 1797 alius
2698 1738 3037 1817 quisquam

627 1856 879 1898 summo
926 1836 994 1897 in
1046 1837 1180 1899 ocio
1220 1840 1517 1912 versetur,
1564 1836 1686 1898 tibi
1726 1857 2009 1897 summas
2048 1836 2482 1915 occupationes
2519 1856 2632 1914 pro
2678 1835 2833 1898 ludo
2881 1858 3034 1912 esse,

629 1954 758 1995 non
783 1936 1003 2013 putaui
1041 1955 1143 1995 me
1179 1955 1556 2014 magnopere
1582 1935 1784 1996 vereri
1809 1938 2092 2013 oportere
2119 1955 2199 1995 ne
2236 1934 2386 2013 quid
2425 1933 2526 1995 his
2563 1933 2766 1996 literis
2800 1936 3041 1998 nostris

627 2032 1139 2111 intempestiuius
1165 2033 1599 2112 interpellatus
1627 2034 2069 2109 offenderetis;
2111 2033 2508 2111 maximeque
2543 2034 2706 2112 quod
2744 2054 2826 2095 ex
2866 2034 3040 2096 Batti

629 2131 755 2190 mei
781 2128 984 2192 literis
1010 2130 1449 2209 cognouissem
1476 2153 1665 2211 quam
1686 2152 1905 2193 serena
1923 2132 2129 2193 fronte
2147 2131 2494 2210 superiores
2514 2131 2655 2193 illas
2673 2133 3034 2211 accepisses.

542 2254 602 2305 55
631 2228 1002 2307 Quanquam
1051 2249 1132 2290 ne
1180 2230 1744 2309 inpraesentiarum
1784 2230 2036 2309 quidem
2084 2232 2216 2290 erat
2264 2230 2417 2289 adeo
2464 2230 2630 2308 quod
2674 2229 3034 2306 scriberem,

630 2325 754 2387 nisi
790 2327 952 2387 mihi
989 2348 1131 2388 cum
1170 2328 1564 2390 Rhamnusia
1598 2329 1712 2391 illa
1743 2329 1977 2390 luctam
2011 2347 2147 2388 esse
2178 2326 2532 2402 assiduam
2575 2348 2678 2388 me
2704 2331 2919 2389 tamen
2946 2329 3041 2392 sic

630 2445 764 2487 esse
793 2426 1144 2487 animatum
1170 2430 1241 2488 vt
1267 2427 1323 2486 si
1350 2426 1566 2488 literas
1591 2427 1842 2504 assequi
1870 2447 1997 2487 non
2025 2446 2268 2504 queam,
2297 2428 2462 2487 certe
2485 2445 2633 2487 cum
2662 2425 3038 2488 Philemone

630 2524 811 2585 libris
850 2524 1108 2586 immori
1147 2525 1432 2604 cupiam:
1490 2528 1628 2586 tum
1674 2529 1930 2587 tuorum
1977 2525 2047 2585 in
2096 2545 2200 2586 me
2245 2525 2617 2586 meritorum
2664 2525 3040 2587 memoriam

628 2624 794 2703 apud
839 2644 944 2685 me
996 2643 1123 2685 non
1180 2626 1368 2686 modo
1421 2643 1551 2685 non
1598 2644 2047 2700 consenescere,
2099 2644 2321 2685 verum
2369 2624 2459 2684 ita
2506 2624 2782 2704 quotidie
2824 2623 3040 2687 animo

542 2734 607 2784 60
631 2722 949 2785 obuersari
991 2727 1064 2786 vt
1104 2745 1183 2785 ne
1222 2728 1361 2785 tum
1405 2723 1660 2802 quidem
1699 2744 1845 2784 cum
1881 2743 2173 2802 praesens
2216 2724 2545 2801 experirer,
2577 2728 2686 2785 aut
2729 2724 3043 2787 recentior

629 2824 739 2884 aut
775 2822 970 2884 etiam
1000 2822 1332 2885 iucundior
1367 2820 1781 2884 humanitatis
1817 2826 1960 2883 tuae
1997 2841 2216 2883 sensus
2252 2842 2386 2883 esse
2413 2822 2726 2900 potuerit:
2772 2824 3041 2902 proinde

629 2919 793 2982 nihil
830 2920 990 2982 mihi
1025 2921 1284 2999 perinde
1312 2921 1379 2982 in
1409 2921 1577 2983 votis
1601 2941 1738 2982 esse
1764 2924 1837 2983 vt
1866 2941 2090 2982 ansam
2118 2920 2474 3000 quampiam
2506 2942 2620 2999 per
2644 2924 2709 2983 te
2737 2922 3037 3000 praeberi,

629 3039 754 3098 qua
781 3021 1018 3098 possim
1056 3019 1174 3081 hoc
1203 3019 1536 3098 ingeniolo,
1568 3020 1624 3081 si
1659 3020 1824 3099 quod
1864 3020 1973 3094 est,
2007 3040 2146 3081 meo
2180 3022 2243 3080 et
2271 3019 2567 3080 literariis
2593 3017 2835 3097 vigiliis
2862 3022 3041 3081 tuam

629 3118 1073 3196 paternitatem
1089 3139 1277 3197 quam
1295 3118 1569 3179 maxime
1583 3117 1916 3179 demerere.
1966 3119 2087 3180 Sed
2106 3118 2223 3179 hoc
2241 3118 2359 3196 ipsi
2376 3117 3041 3196 circunspectabimus3

544 3228 604 3289 65
630 3218 871 3278 interea
891 3237 970 3277 ne
992 3236 1119 3277 non
1139 3216 1392 3294 longam
1413 3215 1744 3295 epistolam
1765 3217 1951 3294 legas,
1974 3216 2354 3293 tragoediam
2382 3216 2599 3294 accipe,
2625 3217 3041 3278 recentiorem

632 3315 888 3393 quidem
926 3315 1123 3391 illam,
1154 3314 1262 3375 sed
1301 3315 1391 3375 ita
1428 3318 1701 3376 atrocem
1738 3317 1811 3375 vt
1848 3334 1992 3375 cum
2029 3314 2147 3375 hac
2174 3313 2277 3374 vel
2312 3314 2560 3375 Medaea
2584 3317 2696 3375 aut
2731 3313 3044 3392 Thyestes

631 3412 735 3472 vel
761 3416 1047 3474 veterum
1076 3412 1331 3490 quaeuis
1356 3411 1584 3474 collata
1610 3412 1931 3473 comoedia
1954 3411 2155 3472 videri
2181 3414 2397 3490 possit.

710 3511 904 3573 Anno
945 3509 1258 3589 superiore
1299 3509 1617 3588 Magduni,
1662 3509 1728 3571 id
1774 3513 1871 3572 est
1915 3510 2287 3589 oppidulum
2335 3508 2504 3571 haud
2554 3510 2645 3571 ita
2688 3511 2910 3589 procul
2960 3511 3043 3572 ab

628 3608 903 3683 Aurelia,
948 3608 1269 3670 maleficus
1322 3609 1635 3688 quispiam
1691 3609 2050 3670 decessurus
2091 3607 2270 3671 vxori
2317 3608 2578 3669 mandat
2618 3611 2690 3670 vt
2737 3610 3041 3688 quicquid

544 3723 607 3777 70
630 3708 793 3766 esset
829 3707 993 3784 apud
1035 3726 1101 3768 se
1137 3706 1445 3768 librorum
1487 3708 1877 3786 magicorum
1916 3708 2274 3785 reliquaque
2315 3707 2452 3768 eius
2491 3707 2653 3768 sacri
2691 3727 2869 3768 arma
2909 3708 3043 3769 ciui

627 3803 877 3865 cuidam
918 3804 1258 3866 Aureliano
1298 3807 1522 3882 tradat,
1571 3806 1936 3885 propediem
1982 3806 2276 3867 videlicet
2321 3806 2610 3884 petitum,
2656 3807 2824 3885 quod
2870 3805 3047 3869 hunc

627 3900 877 3961 sceleris
903 3902 1220 3964 conscium
1248 3923 1318 3964 ac
1354 3904 1727 3983 participem
1759 3903 2097 3966 habuisset.
2188 3905 2256 3965 Is
2282 3903 2434 3965 haec
2461 3904 2673 3966 omnia
2706 3905 3044 3967 Aureliam

627 3999 959 4062 transfert:
1021 3999 1152 4062 iam
1198 4001 1330 4079 ipse
1378 4003 1664 4064 sacerdos
1711 4002 1883 4064 domi
1928 4023 2075 4064 suae
2114 4003 2259 4082 plus
2300 4002 2650 4066 triennium
2691 4003 3047 4065 nefandum

625 4116 875 4159 sacrum
921 4100 987 4159 et
1034 4099 1259 4178 quauis
1306 4100 1661 4162 idololatria
1708 4102 2053 4163 execratius
2107 4121 2235 4162 non
2292 4102 2595 4164 insciente
2642 4122 2854 4179 vxore,
2908 4103 3046 4163 filia

621 4251 706 4302 55.
740 4239 804 4290 in
824 4242 1129 4304 praesentia
1149 4245 1219 4293 H.
1316 4245 1398 4303 64.
1434 4241 1819 4304 paternitatem
1843 4245 1919 4291 E:
1952 4241 2377 4305 amplitudinem
2402 4246 2456 4293 F.
2585 4256 2666 4304 7¹·
2700 4244 2952 4305 perituro
2974 4249 3047 4295 Η.

689 4421 771 4468 37.
797 4403 1016 4472 ἅπαντα]
1035 4406 1784 4470 DiogenianusinParoemioyr.
1888 4406 1996 4456 and
2025 4422 2133 4470 137.
2164 4422 2242 4470 75.

624 4475 802 4536 Graeci,
823 4473 860 4522 i.
885 4488 938 4536 p.
958 4488 1076 4535 219.
1946 4487 2028 4535 57.
2068 4473 2386 4524 Philemone
2447 4474 2545 4524 See
2567 4472 2731 4536 Apul.
2756 4478 2888 4524 Plor.
2924 4479 2998 4525 16.

685 4553 766 4599 40.
808 4537 1051 4601 Flaccus]
1086 4542 1209 4597 Epp.
1239 4552 1280 4586 1.
1309 4552 1382 4600 ¹7·
1405 4551 1485 4600 23.
1945 4539 2026 4588 68.
2063 4539 2349 4603 magduni]
2444 4539 2902 4605 dung-sur-Loim
2938 4544 3049 4591 six-

683 4617 764 4665 5⁴·
806 4605 1108 4667 superiores
1121 4603 1359 4670 illas]Cf.
1379 4604 1513 4668 Epp.
1534 4618 1641 4666 ¹30·
1660 4619 1775 4669 105,
1881 4607 2008 4653 teen
2042 4605 2202 4655 miles
2234 4604 2357 4656 SW.
2395 4606 2457 4655 of
2484 4605 2727 4655 Orleans.
