3355 5380
690 436 811 493 204
1381 432 1758 492 LETTERS
1801 431 1907 493 OF
1948 432 2350 493 ERASMUS
2901 429 3086 514 [1498

686 607 827 649 meo
867 585 1210 665 dispendia
1300 588 1514 666 Neque
1555 587 1833 647 vehiculi
1874 608 2078 665 neque
2119 587 2454 649 comitatus
2495 587 2774 650 adfertur
2813 590 3004 665 copia,
3032 594 3095 651 et

686 686 950 748 Parisiis
978 706 1113 747 esse
1139 687 1607 765 quamprimum
1635 687 1899 763 expedit.
1986 686 2222 747 Verum
2250 687 2353 747 his
2381 687 2459 747 de
2488 687 2672 748 rebus
2701 688 2874 748 satie.

598 802 663 852 3ο
770 784 948 860 Quod
993 786 1241 847 rediens
1284 789 1347 846 te
1392 806 1519 846 non
1568 784 1952 859 offenderim,
2007 800 2157 845 sane
2205 786 2465 846 moleste
2514 785 2649 845 tuli.
2739 786 3096 847 Louanium

686 882 826 959 visi,
881 883 987 943 vbi
1033 888 1277 946 noctem
1319 887 1382 945 et
1426 884 1592 945 diem
1642 886 2062 944 commoratus
2109 905 2146 945 a
2195 884 2524 946 Francisco
2572 885 2908 961 Cremensi,
2957 887 3096 947 viro

688 983 931 1061 egregie
957 983 1250 1055 litterato,
1282 984 1546 1060 aliisque
1574 1002 1719 1042 sum
1748 982 2055 1058 singulari
2082 983 2510 1060 hospitalitate
2538 986 2855 1043 tractatus.
2916 985 3095 1060 Quod

688 1082 744 1143 si
773 1102 972 1143 nouas
993 1082 1182 1142 etiam
1211 1102 1311 1142 res
1338 1103 1375 1143 a
1400 1103 1503 1142 me
1533 1083 1837 1157 expectas,
1870 1100 2160 1141 summus
2181 1081 2476 1142 Pontifex
2505 1082 2852 1143 Archiduci
2882 1087 3098 1144 nostro

688 1177 1072 1256 praeclarum
1113 1200 1349 1239 munus
1388 1178 1759 1252 transmisit,
1800 1179 2033 1238 Rosam
2075 1198 2328 1239 auream
2371 1198 2500 1239 non
2539 1180 2803 1241 materia
2844 1183 3099 1241 tantum

598 1300 659 1350 35
689 1275 798 1345 sed
838 1276 1042 1337 multo
1084 1278 1356 1355 amplius
1396 1276 1530 1354 ipso
1574 1296 1758 1354 opere
1798 1275 2252 1337 admirabilem.
2341 1277 2587 1337 Oratori
2630 1277 2931 1356 Princeps
2972 1299 3100 1341 vna

691 1395 835 1436 cum
883 1375 1189 1436 Antistite
1237 1377 1316 1436 ad
1362 1377 1517 1437 duas
1567 1376 1776 1435 leucas
1824 1375 2076 1435 obuiam
2124 1378 2221 1435 est
2277 1375 2606 1453 profectus,
2656 1376 2844 1453 idque
2894 1377 3100 1453 pridie

690 1473 994 1535 Calendas
1031 1472 1245 1535 Iulias.
1330 1474 1564 1535 Munus
1613 1475 1826 1552 ipsum
1872 1471 2237 1534 solemniter
2282 1474 2614 1535 Bruxellas
2669 1477 2764 1535 est
2818 1474 3092 1549 illatum,

691 1572 1142 1635 comitantibus
1195 1573 1509 1651 Vtrimque
1565 1572 1909 1650 Episcopis,
1970 1571 2107 1648 ipso
2161 1573 2421 1633 Oratore
2473 1572 2681 1633 medio
2746 1577 2808 1632 et
2865 1573 3099 1635 Rosam

691 1691 945 1732 auream
984 1672 1251 1733 sublatis
1282 1672 1575 1731 manibus
1603 1671 1991 1743 sustinente;
2032 1690 2217 1748 quem
2254 1670 2365 1730 vbi
2400 1691 2590 1750 vsque
2632 1671 2712 1732 ad
2750 1671 3101 1749 hospitium

603 1788 667 1835 40
692 1789 878 1830 suum
910 1769 1036 1831 dux
1076 1773 1235 1830 esset
1276 1774 1654 1848 prosecutus,
1691 1770 1772 1829 ad
1810 1789 1923 1829 sua
1955 1769 2215 1846 quisque
2249 1788 2535 1829 reuersus
2564 1772 2678 1829 est.
2764 1769 3094 1843 Postridie,

692 1869 811 1928 hoc
852 1872 946 1929 est
988 1869 1276 1930 Calendis
1318 1868 1486 1943 Iulii,
1521 1869 1589 1927 in
1632 1867 1870 1945 templo
1914 1866 2148 1944 Frigidi
2186 1866 2420 1927 Montis
2460 1867 2816 1946 pontificale
2856 1868 3103 1929 donum

692 1967 1004 2045 frequenti
1053 1968 1233 2026 coetu
1283 1966 1561 2044 Principi
1605 1966 1911 2026 traditum
1955 1967 2069 2025 est.
2162 1963 2400 2025 Habita
2444 1965 2643 2026 oratio
2692 1966 2768 2026 de
2813 1966 3102 2026 muneris

690 2064 891 2142 ipsius
932 2063 1364 2142 amplitudine,
1399 2065 1475 2125 de
1503 2063 1817 2141 Principis
1854 2063 2178 2135 laudibus;
2222 2062 2456 2140 gratiae
2490 2084 2604 2142 per
2639 2064 3098 2126 cancellarium

691 2166 883 2223 actae.

603 2277 664 2325 45
776 2261 1048 2321 Multum
1090 2280 1399 2338 nugarum
1449 2261 1658 2321 effudi.
1747 2259 1867 2333 Ita,
1917 2264 2218 2337 tanquam
2268 2264 2473 2321 tecum
2518 2260 2774 2335 fabuler,
2825 2260 3099 2323 iucunda

694 2357 844 2419 haec
884 2359 1043 2420 mihi
1084 2358 1338 2435 scriptio
1378 2359 1518 2419 fuit.
1607 2358 1782 2418 Bene
1824 2357 1965 2417 vale
2006 2378 2076 2418 ac
2121 2377 2253 2432 nos,
2302 2362 2374 2419 vt
2414 2357 2592 2433 soles»,
2639 2380 2798 2420 ama.

777 2456 1096 2519 Bruxellis
1136 2477 1171 2517 e
1211 2457 1587 2518 bibliotheca
1630 2456 1978 2517 Antistitis.

1348 2663 1446 2725 77.
1537 2660 1632 2726 To
1680 2660 2046 2726 NIOHOLAS
2095 2659 2426 2727 WERNER.

771 2799 904 2856 Vita
929 2798 1146 2855 Erasini
1171 2819 1226 2870 p.
1258 2815 1374 2870 193.
2664 2800 2929 2858 Bmssels.

768 2887 942 2943 Lond.
967 2887 1118 2942 xxxi.
1147 2902 1247 2958 25:
1284 2887 1394 2942 LB.
1420 2888 1566 2957 App.
1595 2901 1713 2957 503.
2527 2884 2597 2957 (9
2621 2886 2804 2957 July‘?
2833 2888 3023 2961 1498.)

1465 3010 1916 3075 [Contemporary
1939 3007 2077 3056 with
2103 3006 2197 3069 Ep.
2225 3004 2332 3071 76.]

723 3137 1034 3190 ERAsts
1079 3141 1581 3189 BOTERODAMvs
1626 3140 1991 3190 RELIGIOSO
2039 3139 2245 3186 PATRI
2293 3139 2591 3189 NICOLAO
2641 3109 2977 3189 wnRNnRo
3023 3143 3084 3190 8.

781 3265 1070 3326 Sonnmr
1092 3263 1430 3324 sanitatem
1448 3268 1510 3323 et
1532 3283 1751 3324 omnes
1770 3263 2001 3323 virium
2031 3282 2328 3324 numeros
2355 3263 2718 3341 recepimuS.
2780 3262 3114 3324 Bruxellis

698 3363 825 3422 iam
866 3363 1101 3423 multos
1140 3360 1273 3422 dies
1310 3361 1594 3422 sedemus
1635 3361 1827 3422 inuiti
1861 3361 2218 3422 admodum.
2308 3361 2451 3422 Non
2488 3363 2633 3423 data
2667 3365 2762 3422 est
2795 3362 3119 3423 hactenus

700 3482 899 3541 neque
936 3462 1268 3522 comitatus
1305 3480 1502 3538 neque
1534 3460 1737 3521 essedi
1769 3461 1963 3538 copia.
2048 3458 2236 3537 Apud
2264 3459 2635 3520 Antistitem
2663 3460 2876 3521 decem
2902 3461 3118 3521 ferme

698 3560 846 3635 dies,
901 3559 1167 3636 oeliquos
1212 3559 1377 3635 apud
1420 3560 1554 3618 eius
1597 3559 1901 3620 vicarium
1949 3556 2206 3635 egimus.
2313 3557 2435 3618 Ille
2478 3578 2623 3618 cum
2670 3558 2987 3637 legatione
3039 3560 3120 3621 in

639 3676 667 3725 5
697 3657 1000 3735 Angliam
1042 3656 1343 3717 concessit
1383 3655 1699 3734 Principis
1738 3656 2014 3719 nomine.
2105 3654 2266 3730 Quid
2307 3658 2544 3734 negotii
2585 3656 2670 3718 sit
2710 3656 3123 3719 mussitatur.

766 3822 843 3874 76.
864 3835 943 3882 31.
970 3817 1279 3881 Francisco]
1296 3820 1356 3868 of
1368 3820 1574 3883 Crema,
1597 3819 1842 3869 between
2011 3835 2090 3879 41.
2128 3820 2189 3867 in
2228 3819 2430 3883 templo
2471 3820 2676 3883 Frigidi
2717 3821 2948 3885 Montis]
2987 3824 3123 3875 The

700 3886 872 3937 Milan
902 3885 1015 3935 and
1042 3885 1323 3946 Cremona,
1351 3887 1411 3948 (†
1434 3899 1492 3947 14
1514 3886 1646 3948 July
1673 3887 1841 3948 1525),
1945 3885 2149 3935 church
2188 3885 2247 3934 of
2279 3886 2375 3935 the
2410 3888 2781 3950 Augustinian
2815 3888 3017 3952 Abbey
3059 3893 3130 3942 os

700 3968 731 4002 a
756 3950 976 4002 learned
1000 3949 1201 4013 lawyer
1223 3951 1332 3999 and
1359 3953 1558 4001 author
1588 3952 1647 4000 of
1671 3954 1844 4012 sinqu-
1945 3951 2020 4001 St.
2068 3950 2250 4000 James
2286 3966 2355 3999 on
2392 3953 2490 4001 the
2529 3953 2931 4017 Koudenberg;
2968 3971 3128 4007 near

700 4022 842 4078 laria,
880 4016 1100 4080 printed
1138 4018 1195 4065 at
1232 4016 1471 4079 Bologna
1503 4033 1545 4066 c.
1579 4032 1703 4078 147²
1736 4016 1844 4065 and
1947 4016 2041 4066 the
2078 4016 2306 4064 modern
2347 4016 2501 4066 Place
2539 4018 2753 4081 Royale.
2823 4020 2928 4069 See
2967 4022 3126 4073 San·

706 4096 867 4146 1475;
923 4082 1072 4131 Hain
1116 4081 1247 4143 5818
1285 4082 1394 4132 and
1432 4084 1652 4133 Proctor
1690 4083 1840 4143 6534.
1946 4082 2121 4142 dorus,
2187 4086 2529 4142 choromuphia
2592 4100 2729 4134 sacra
2786 4089 3127 4152 Brabanfiae,

700 4150 785 4199 He
835 4162 947 4196 was
998 4146 1312 4197 afterwards
1355 4151 1507 4197 tutor
1550 4152 1608 4197 to
1653 4148 1846 4197 Prince
1953 4162 2091 4208 1727,
2118 4148 2174 4196 ii.
2205 4162 2280 4196 10.

701 4213 940 4276 charles,
1001 4213 1247 4276 together
1309 4215 1449 4262 with
1515 4213 1726 4262 Adrian
1793 4213 1853 4263 of
2013 4227 2092 4273 43.
2129 4211 2551 4277 Cancellarium]
2588 4215 2745 4265 Thos.
2781 4216 2848 4264 de
2887 4216 3125 4281 maine,

702 4280 933 4330 Utrecht
974 4280 1098 4328 who
1137 4293 1250 4328 was
1283 4280 1575 4343 appointed
1620 4280 1680 4328 in
1724 4293 1845 4340 1507
1948 4279 2093 4328 Lol-d
2111 4279 2170 4327 of
2188 4279 2422 4342 Maigny‚
2445 4279 2731 4330 President
2753 4284 2816 4330 of
2832 4282 3131 4336 Flanders

702 4345 777 4409 (p.
790 4344 949 4406 38o);
980 4346 1078 4393 but
1095 4344 1184 4393 his
1199 4345 1337 4394 later
1357 4360 1510 4408 years
1528 4360 1669 4393 were
1687 4347 1847 4407 spent
1948 4343 2038 4393 till
2099 4345 2240 4404 1476,
2301 4344 2623 4395 Chaucellor
2680 4347 2740 4397 of
2794 4347 3133 4414 Burgundy

701 4414 757 4461 at
778 4410 1022 4460 Cividale
1048 4413 1107 4459 in
1137 4409 1328 4460 Friuli.
1398 4411 1495 4459 See
1526 4410 1612 4459 his
1644 4414 1847 4459 Asudio
1953 4412 2147 4472 1496-†
2169 4424 2236 4458 no
2288 4409 2424 4462 Mar.
2487 4425 2628 4473 1507.
2712 4412 2810 4462 See
2878 4414 3128 4478 Dunod,

701 4481 756 4527 di
780 4480 982 4526 civim
1004 4475 1105 4525 (ἰᾶτ’
1128 4491 1255 4525 anno
1283 4490 1423 4538 1509,
1450 4477 1668 4537 Venice,
1702 4477 1842 4537 1859.
1948 4479 2079 4525 Ηίεί.
2120 4479 2186 4523 du
2226 4478 2374 4525 00111ιὸ
2414 4480 2470 4525 de
2506 4480 2771 4538 Bonum
2806 4478 3019 4545 (1740),
3067 4499 3130 4548 p,

767 4558 848 4605 34.
884 4542 1102 4607 Rosam]
1148 4542 1218 4591 In
1268 4541 1409 4603 1498.
1487 4541 1564 4591 Cf.
1607 4542 1846 4604 Bergen-
1953 4542 2078 4602 1633
2117 4540 2185 4588 de
2218 4540 2570 4605 Reiffenberg,
2607 4559 2660 4607 p.
2697 4546 2827 4606 2183
2868 4545 3135 4601 Molinet

701 4610 844 4670 roth,
882 4609 917 4658 i.
943 4623 1056 4671 219.
1124 4607 1237 4656 The
1269 4607 1507 4656 decision
1541 4610 1597 4656 to
1631 4607 1766 4656 send
1802 4607 1848 4655 it
1947 4621 2045 4667 303
2067 4606 2179 4655 and
2198 4620 2313 4668 315.

702 4678 758 4724 to
780 4674 965 4738 Philip
985 4688 1096 4722 was
1117 4675 1214 4722 not
1235 4673 1394 4721 made
1422 4676 1480 4720 at
1503 4673 1598 4721 the
1628 4673 1763 4722 time
1795 4673 1854 4720 of
2015 4673 2093 4724 77.
2128 4687 2176 4732 4.
2213 4672 2502 4736 vicarium]
2550 4674 2775 4723 Iacobus
2821 4676 3142 4735 Anthonii

701 4740 950 4804 blesting.
1018 4738 1315 4800 Burchard,
1342 4738 1400 4787 ii.
1423 4740 1536 4798 438.
1955 4737 2012 4786 of
2031 4737 2389 4801 Middelburg.
2457 4738 2557 4788 See
2581 4740 2675 4802 Ep.
2707 4753 2814 4802 153.
