3355 5380
318 391 425 451 ¹5¹
442 371 504 457 1]
1018 373 1128 434 ΤΟ
1184 372 1472 434 ROGER
1522 369 2007 433 WENTFORD
2593 370 2714 427 485

310 532 477 595 mihi
518 531 646 594 iam
694 530 847 593 olim
892 533 959 592 et
1001 531 1394 608 perspectum
1441 530 1508 589 et
1556 526 1988 605 exploratum;
2035 524 2138 586 cui
2176 524 2421 586 vtinam
2461 523 2715 585 fortuna

311 651 526 709 parem
565 630 929 692 facultatem
974 627 1327 702 addidisset,
1370 628 1437 688 et
1480 625 1773 687 additura
1819 626 1916 687 est
1962 623 2311 702 aliquando,
2355 623 2482 683 nisi
2528 622 2714 701 plane

313 729 496 792 bonis
543 728 816 806 ingeniis
857 727 1085 788 infesta
1130 730 1244 787 est.
1333 725 1487 786 Istic
1532 725 1659 785 nisi
1702 743 1848 784 cum
1892 722 2168 785 Grocino
2207 742 2335 782 non
2376 722 2556 784 video
2592 742 2744 801 quo*

313 831 494 907 pacto
518 827 754 906 possim
774 827 1002 898 viuere,
1026 827 1092 885 et
1110 827 1276 885 certe
1303 844 1448 884 cum
1476 822 1729 883 nemine
1755 823 2042 883 omnium
2060 820 2209 882 viuo
2228 820 2531 883 libentius
2554 844 2568 895 ;
2603 823 2711 884 sed

315 926 512 1004 pudet
537 945 671 985 esse
699 923 999 1001 sumptui,
1031 923 1400 1001 praesertim
1427 942 1573 983 cum
1602 920 1765 982 nihil
1801 919 1886 980 sit
1921 920 1989 980 in
2027 940 2148 998 quo
2185 920 2450 998 gratiam
2484 921 2714 982 referre
2739 931 2799 982 ²5

314 1044 552 1103 queam,
610 1024 676 1084 et
725 1022 836 1082 ille
888 1042 1001 1099 pro
1055 1041 1170 1083 sua
1221 1021 1605 1098 benignitate
1658 1018 1820 1080 nihil
1876 1018 2155 1096 impendi
2217 1020 2468 1096 patitur.
2586 1020 2714 1081 Nec

314 1120 654 1183 admodum
681 1120 904 1198 cupide
931 1121 1122 1182 istinc
1147 1120 1417 1195 discessi,
1450 1138 1672 1180 verum
1703 1118 1806 1179 hic
1833 1117 2163 1196 scrupulus
2190 1121 2438 1195 praeter
2474 1122 2714 1180 caetera

316 1218 612 1281 mouebat
650 1218 934 1280 animum
974 1239 1206 1280 meum.
1220 1198 1543 1310 <Interea
1584 1238 1664 1278 ne
1706 1216 1872 1278 nihil
1904 1236 2102 1293 agam,
2136 1217 2386 1294 perficio
2428 1238 2585 1297 opus
2617 1221 2714 1281 De

317 1315 775 1378 conscribendis
799 1306 1126 1394 epistolik
1163 1317 1423 1394 Copiam
1449 1336 1692 1395 quoque
1720 1314 2147 1392 castigaturus,
2169 1315 2424 1380 interim
2444 1317 2713 1379 subinde

317 1417 634 1476 deuouens
673 1414 953 1475 literulas
993 1434 1164 1475 meas
1204 1418 1335 1476 tam
1377 1414 1636 1475 steriles,
1723 1413 1897 1488 Vale,
1935 1412 2028 1473 mi
2069 1414 2311 1493 Rogeri‚
2353 1435 2518 1476 vnus
2556 1435 2714 1477 mor·
2738 1423 2801 1472 30

314 1513 544 1576 talium
581 1514 868 1574 omnium
909 1513 1284 1576 charissime.

400 1611 477 1673 D.
527 1611 822 1686 (hocine,
862 1613 1184 1673 communi
1228 1616 1489 1691 patrono
1536 1631 1605 1672 ac
1654 1612 2056 1690 praoeeptori,
2104 1611 2439 1689 plurimam
2487 1631 2564 1672 ex
2611 1632 2717 1674 me

316 1711 585 1774 salutem
625 1711 806 1772 dices.
894 1710 988 1771 De
1028 1730 1218 1789 puero
1259 1712 1357 1789 egi
1398 1730 1543 1772 cum
1579 1710 1654 1771 D.
1684 1710 2000 1772 Gulielmo
2029 1710 2129 1787 N„
2162 1710 2417 1773 tametsi
2453 1710 2717 1773 Linacer

311 1810 488 1878 ,idem
529 1812 677 1870 ante
717 1829 864 1874 cum
907 1830 982 1871 eo
1021 1813 1243 1887 egerat.
1318 1806 1561 1892 [1514]

1018 2024 1164 2086 242.
1255 2021 1456 2089 Faou
1500 2021 1693 2088 Jotm
1740 2021 2021 2090 Ftsnsn.

393 2155 675 2212 Deventer
698 2154 812 2210 MS.
839 2170 927 2225 91,
959 2155 1027 2210 P.
1057 2170 1155 2225 173
1181 2162 1260 2211 νο.
2122 2154 2371 2211 London.

391 2243 504 2300 LB.
532 2244 677 2314 App.
697 2257 822 2312 430.
1849 2241 1939 2315 (c.
1970 2243 2034 2300 18
2059 2241 2376 2300 November
2405 2255 2535 2314 1511
2556 2242 2644 2316 ⁸2).

388 2362 527 2430 [The
547 2367 736 2413 return
765 2363 828 2413 of
843 2361 984 2413 Lord
1015 2363 1298 2426 Mountjoy
1321 2366 1380 2413 to
1402 2363 1569 2413 Com-t
1593 2378 1663 2412 on
1686 2378 1718 2425 5
1748 2364 1880 2413 Nov.
1907 2362 2168 2427 probably
2188 2364 2452 2415 indicates
2472 2366 2567 2416 the
2590 2368 2716 2417 date

321 2430 383 2480 of
409 2430 522 2480 this
552 2430 755 2491 letter;
789 2430 857 2480 cf.
881 2430 977 2492 Ep.
1005 2443 1118 2492 939.
1143 2444 1223 2492 39,
1250 2444 1298 2490 3.
1364 2430 1500 2492 Epp.
1524 2444 1621 2489 997
1654 2429 1765 2478 and
1797 2444 1908 2491 937.
1936 2445 1997 2479 19
2025 2429 2178 2479 show
2209 2431 2331 2480 that
2361 2432 2459 2495 Ep.
2486 2447 2584 2494 999
2604 2447 2716 2483 was

320 2494 697 2558 accompanied
721 2496 793 2557 by
814 2509 846 2542 s
870 2495 1048 2554 letter,
1071 2494 1396 2558 apparently
1416 2495 1611 2558 asking
1644 2495 1835 2544 Fisher
1856 2495 1941 2544 for
1961 2511 1993 2544 a
2012 2496 2116 2560 gift
2148 2497 2210 2545 in
2239 2497 2335 2546 the
2363 2511 2508 2546 same
2538 2501 2712 2548 strain

321 2575 380 2610 as
402 2561 500 2624 Ep.
524 2576 619 2622 997
642 2563 700 2609 ιο
722 2560 909 2621 001οι;
939 2561 997 2609 ιο
1013 2559 1179 2624 judge
1202 2561 1344 2609 from
1366 2560 1462 2610 the
1484 2560 1778 2622 similarlty
1800 2560 2041 2610 between
2065 2560 2259 2610 Colet's
2281 2562 2435 2624 reply
2454 2563 2575 2626 (Ep.
2591 2564 2711 2627 930)

319 2626 432 2675 and
466 2627 583 2676 this
613 2626 793 2676 letter.
861 2625 1053 2676 Fisher
1083 2631 1210 2676 sent
1240 2641 1274 2676 a
1304 2625 1464 2676 small
1494 2628 1730 2690 present,
1757 2626 1944 2676 which
1977 2627 2073 2676 the
2107 2626 2273 2676 letter
2303 2628 2620 2679 mentIoned
2652 2631 2714 2679 in

322 2692 420 2754 Ep.
446 2707 558 2752 940.
583 2706 663 2754 53,
691 2709 722 2753 4
753 2692 864 2741 and
898 2692 1061 2743 dated
1093 2693 1257 2742 about
1290 2708 1321 2740 9
1354 2693 1486 2743 Νον.
1518 2693 1866 2757 presumably
1897 2693 2311 2757 acknowledged
2334 2711 2347 2753 ς
2380 2694 2490 2745 and
2524 2695 2716 2746 Fisher

321 2756 460 2807 then
498 2762 667 2807 wrote
702 2758 816 2807 this
855 2758 1017 2808 letter
1055 2758 1116 2807 in
1157 2759 1326 2822 reply.
1397 2759 1452 2808 It
1485 2773 1594 2807 was
1627 2758 1888 2821 probably
1923 2758 2156 2821 brought
2194 2759 2269 2821 by
2307 2760 2403 2809 the
2441 2762 2628 2810 bearer
2662 2762 2724 2810 of

324 2822 461 2886 Epp·
478 2836 593 2887 ⁸⁴3,
619 2822 694 2888 4·]

805 2923 895 2971 10.
943 2921 1314 2973 sermnem
1359 2922 1720 2973 sr1scorvs
1765 2924 1829 2971 D.
1872 2923 2147 2974 nussim
2188 2925 2243 2973 s.

404 3043 649 3104 Suvvs
705 3044 808 3119 sis,
867 3044 1137 3119 Erasme,
1183 3047 1247 3105 et
1299 3046 1363 3104 te
1418 3063 1634 3122 precor
1698 3065 1780 3105 ne
1835 3046 2099 3107 moleste
2145 3046 2309 3108 feras
2364 3047 2529 3124 quod
2586 3066 2717 3108 non

323 3140 682 3217 scripserim
725 3160 920 3219 quum
967 3143 1324 3221 nuperrime
1371 3142 1449 3203 ad
1492 3145 1554 3202 te
1599 3143 1764 3203 misi.
1869 3143 2241 3220 Properauit
2287 3164 2560 3223 namque
2608 3145 2716 3206 ille

325 3238 635 3301 discedere
675 3238 756 3300 ab
796 3239 966 3315 vrbe,
998 3243 1061 3301 et
1094 3261 1210 3319 ego
1249 3261 1327 3302 ex
1368 3241 1622 3302 aedibus
1659 3241 1819 3302 meis
1854 3261 2211 3319 egressurus
2246 3243 2431 3303 illum
2459 3243 2716 3305 obuium

323 3338 537 3400 habui.
650 3340 863 3417 Atque
929 3338 1017 3399 ita
1085 3358 1237 3417 qum
1304 3338 1571 3399 scribere
1625 3359 1754 3400 non
1818 3343 2113 3418 poteram,
2172 3341 2314 3401 dedi
2372 3343 2585 3402 tamen
2638 3344 2717 3404 ad

324 3440 392 3498 te
432 3438 881 3499 munusculum
924 3438 1089 3515 quod
1129 3436 1433 3515 petieras3
1495 3457 1697 3514 neque
1740 3456 1893 3499 sane
1945 3458 2023 3499 ex
2068 3439 2351 3517 deposito
2397 3440 2510 3502 illo
2554 3442 2717 3520 quod
2745 3440 2774 3489 5

325 3538 397 3596 ιιι
470 3535 789 3596 existimas
857 3535 1022 3613 apud
1097 3554 1199 3596 me
1281 3554 1432 3611 esse,
1504 3535 1996 3598 mediocritatem
2069 3557 2430 3616 exuperans.
2559 3539 2721 3600 Mihi

326 3635 554 3710 credas,
601 3634 873 3709 Bramme,
922 3633 1158 3709 (dicant
1211 3634 1506 3712 quicquid
1567 3634 1767 3695 velint
1816 3636 2125 3712 homines)
2180 3638 2341 3699 nihil
2394 3639 2561 3718 apud
2616 3659 2718 3700 me

326 3749 462 3790 esse
510 3731 676 3808 quod
723 3750 866 3791 meo
911 3732 1100 3792 vnius
1144 3731 1403 3793 arbitrio
1448 3732 1687 3810 erogari
1736 3737 1964 3809 posset.
2061 3735 2491 3814 Praescriptus
2536 3735 2722 3797 nobis

324 3830 423 3890 est
468 3846 620 3888 vsus
666 3827 841 3888 illius
887 3829 1194 3906 pecuniae,
1226 3830 1316 3891 ita
1361 3833 1433 3890 vt
1476 3833 1720 3891 mutare
1769 3850 1897 3892 non
1943 3831 2127 3893 liceat
2168 3836 2719 3913 quantumcunque

323 3926 727 3990 voluerimus.
836 3927 970 4006 Ego
1027 3928 1134 4007 qui
1189 3931 1253 3989 te
1311 3932 1446 3991 tam
1512 3929 1933 3991 necessarium
1987 3931 2410 3994 Achademiae
2476 3936 2721 3994 nostrae
2751 3953 2811 3988 10

324 4028 523 4097 video,
599 4029 662 4086 te
730 4044 910 4104 egere
976 4046 1103 4087 non
1157 4027 1357 4104 patiar
1423 4028 1725 4105 quamdiu
1796 4029 2169 4107 superfuerit
2241 4032 2570 4109 quicquam
2643 4051 2720 4091 ex

322 4127 628 4188 tenuitate
666 4144 819 4187 mea.
908 4124 1113 4186 Simul
1153 4129 1215 4186 et
1256 4145 1509 4204 operam
1557 4126 1719 4190 dabo
1757 4126 2024 4206 (quoties
2062 4128 2266 4191 aderit
2309 4128 2722 4207 oportunitas)

630 4275 746 4323 241.
763 4287 849 4335 33.
883 4273 963 4322 De
986 4287 1152 4335 puero
1175 4307 1189 4321 .
1216 4307 1230 4322 .
1253 4286 1335 4333 34.
1368 4277 1547 4336 egerat
1568 4290 1657 4324 om.
1684 4279 1753 4326 H.
1949 4290 2028 4337 34.
2071 4291 2196 4338 1514
2219 4280 2333 4326 add.
2353 4280 2419 4325 H.
2544 4302 2553 4309 ·

394 4422 866 4486 241.23.Grocino]
881 4423 1013 4472 This
1027 4437 1242 4486 passage
1257 4422 1474 4485 implies
1639 4425 1721 4473 98.
1761 4424 1841 4473 De
1876 4423 2279 4475 conscribendis
2326 4423 2589 4487 epistolis]
2634 4423 2715 4473 cf.

330 4487 454 4536 that
483 4488 736 4539 Erasmus
767 4489 878 4538 had
914 4491 1052 4539 been
1087 4490 1305 4551 staying
1332 4488 1471 4537 with
1575 4488 1672 4551 Ep.
1694 4503 1769 4550 71.

331 4552 716 4614 Grecin‚when
730 4555 788 4604 in
805 4555 1048 4604 London.
1088 4555 1170 4603 On
1186 4556 1474 4616 returning
1639 4569 1719 4617 33.
1758 4555 1852 4619 Ν.]
1911 4555 2177 4617 Probably
2231 4552 2526 4616 Mountjoy.
2614 4552 2720 4603 For

331 4618 714 4681 toOambridge
728 4619 796 4668 he
812 4620 1041 4682 brought
1058 4620 1472 4683 awayavolume
1575 4619 1846 4670 Linacre's
1878 4622 2183 4670 connexion
2205 4619 2343 4670 with
2376 4620 2495 4669 him
2523 4621 2589 4669 of.
2614 4621 2712 4683 Ep.

331 4684 470 4733 from
494 4685 740 4734 Grocin’s
762 4685 983 4747 library.
1056 4685 1148 4748 Ep.
1178 4700 1289 4748 999.
1314 4699 1359 4746 5.
1575 4700 1690 4749 937.
1724 4700 1871 4749 54-9.
