3355 5380
726 376 845 435 2⁷0
1411 373 1789 438 LETTERS
1843 373 1950 436 ΟΡ
2003 373 2403 438 ERASMUS
2924 374 2985 458 [ι
2998 397 3115 454 499

723 530 1184 609 limpidissimis
1220 530 1400 609 aquis
1441 532 1610 609 ripas
1650 531 1943 593 herbidas
1983 531 2341 608 lambentis,
2381 536 2631 594 montes
2670 533 2885 608 aerios,
2922 533 3120 595 valles

638 653 698 709 75
722 646 955 707 opacas,
988 628 1302 691 ditissima
1327 629 1542 691 maria.
1628 629 1756 692 Nec
1789 630 2008 693 dubito
2042 631 2197 709 quin
2233 632 2304 691 in
2330 631 2574 693 intimis
2606 631 2737 693 illis
2771 633 2907 694 suis
2930 633 3121 694 visce-

722 726 898 788 ribus
949 727 1197 788 claudat
1249 726 1439 789 tellus
1492 727 1727 807 aliquid
1784 728 2092 790 bonarum
2145 729 2489 805 mercium3
2558 747 2714 809 quas
2760 734 2831 792 vt
2885 749 3117 806 eruam,

723 823 1047 886 scrutabor
1080 844 1298 886 omnes
1332 826 1468 887 eius
1501 844 1712 903 venas,
1743 830 1854 888 aut
1879 827 1934 886 si
1972 826 2132 904 mihi
2167 826 2435 889 defuerit
2458 830 2640 904 aetas,
2675 831 2931 907 nepotes
2957 833 3125 890 certe

722 925 849 985 mei
894 924 1140 985 facient.
1227 925 1392 986 Sunt
1439 927 1502 986 et
1549 924 1650 986 hic
1698 943 1887 988 aurea
1932 924 2113 1001 mala,
2159 928 2312 986 sunt
2360 926 2465 986 fici
2513 926 2936 1005 pinguissimi,
2971 931 3126 988 sunt

722 1022 980 1101 frugum
1019 1022 1341 1102 omniiuga
1379 1042 1621 1101 genera.
1711 1022 1914 1084 Multa
1947 1024 2101 1084 adeo
2136 1023 2372 1100 passim
2408 1027 2633 1102 sponte
2674 1029 3019 1087 nascuntur
3055 1029 3129 1086 vt

636 1136 702 1187 80
723 1121 1082 1200 paradisum
1107 1121 1305 1183 istum
1333 1140 1461 1182 non
1489 1140 1865 1200 magnopere
1892 1121 2349 1200 desydenemus,
2373 1121 2430 1182 si
2456 1121 2643 1182 liceat
2666 1122 2773 1183 hic
2800 1127 3129 1184 aeternum

724 1220 958 1282 viuere.
1032 1218 1421 1280 Infestamur
1452 1219 1729 1294 morbis;
1769 1223 1833 1281 et
1867 1218 2016 1280 huic
2043 1219 2134 1280 rei
2163 1219 2445 1280 inueniet
2474 1220 2821 1282 remedium
2848 1220 3132 1282 humana

725 1317 1054 1379 industria.
1157 1316 1358 1379 Video
1404 1316 1630 1378 herbas
1675 1317 1911 1377 mirum
1960 1316 2263 1395 quiddam
2310 1317 2636 1395 spirantes.
2741 1318 2905 1395 Quid
2954 1319 3011 1380 si
3064 1324 3133 1380 et

728 1416 833 1478 hic
866 1406 1231 1478 inueniatur
1265 1415 1473 1493 aliqua
1499 1434 1653 1494 quae
1691 1414 1889 1476 vitam
1915 1415 2102 1476 faciat
2131 1414 2559 1476 immortalem
2575 1417 2611 1478 Ῥ
2676 1415 2841 1477 Nam
2868 1417 3134 1479 scientia

727 1514 853 1576 ista
899 1534 1029 1575 non
1076 1513 1262 1575 video
1308 1513 1456 1592 quid
1499 1514 1578 1574 ad
1624 1534 1759 1574 rem
1802 1514 2134 1593 pertineat.
2216 1513 2380 1589 Quid
2424 1514 2586 1574 mihi
2633 1534 2779 1575 cum
2828 1514 2932 1576 his
2971 1535 3136 1593 quae

640 1625 702 1689 85
728 1611 893 1674 nihil
919 1611 998 1673 ad
1027 1631 1129 1673 me
1155 1611 1480 1673 attinent?
1559 1611 1933 1691 Quanquam
1960 1611 2028 1672 in
2058 1611 2174 1674 hac
2209 1615 2384 1690 parte
2421 1615 2567 1673 non‘
2583 1612 2848 1689 cessabo,
2881 1615 3139 1691 quando

729 1710 894 1773 nihil
937 1713 1034 1772 est
1076 1710 1241 1789 quod
1282 1729 1410 1771 non
1455 1712 1770 1789 expugnet
1809 1710 2099 1787 pertinax
2139 1710 2466 1772 industria.
2552 1709 2657 1773 Ita
2695 1729 2812 1773 nos
2848 1732 2962 1791 pro
3005 1732 3139 1775 vno

730 1808 986 1870 hortulo
1033 1808 1346 1870 mundum
1394 1807 1771 1869 latissimum
1819 1807 2185 1887 accepimus,
2233 1811 2303 1869 tu
2347 1808 2640 1887 vtrinque
2684 1810 2977 1871 exclusus
3017 1830 3139 1872 nec

729 1907 1017 1985 paradiso
1043 1906 1272 1968 frueris
1299 1926 1501 1985 neque
1527 1905 1702 1966 coelo
1729 1923 1933 1984 neque
1959 1909 2140 1981 terra,
2170 1907 2471 1984 perpetuo
2498 1907 2601 1968 his
2627 1907 2849 1969 affixus
2874 1908 3137 1984 foribus,

729 2005 1131 2083 romphaeam
1153 2024 1396 2083 semper
1409 2024 1683 2080 versans,
1708 2004 1858 2083 quid
1882 2004 2008 2066 nisi
2027 2010 2098 2068 vt
2119 2025 2263 2067 cum
2288 2008 2481 2068 vento
2506 2024 2751 2085 pugnes
2766 2008 2800 2069 ?
2865 2008 2985 2069 Eia
3001 2027 3135 2087 age,

643 2130 708 2184 90
730 2102 786 2165 si
828 2103 1010 2182 sapis,
1041 2102 1158 2165 tibi
1198 2104 1391 2164 simul
1430 2106 1497 2164 et
1527 2103 1713 2164 nobis
1744 2103 2020 2164 consule.
2110 2103 2206 2164 Da
2239 2103 2404 2181 quod
2439 2102 2575 2163 sine
2608 2106 2720 2165 tuo
2757 2103 3142 2168 detrimento

730 2200 945 2280 largiri
985 2203 1177 2280 potes,
1207 2205 1272 2262 et
1305 2201 1514 2280 accipe
1548 2204 1765 2262 nostra
1799 2200 2081 2263 vicissim
2109 2220 2265 2279 quae
2298 2201 2414 2264 tibi
2450 2201 2717 2264 facimus
2752 2207 3137 2266 communia.

731 2297 925 2361 Miser
948 2299 1092 2360 faue
1120 2299 1381 2374 miserm,
1411 2298 1699 2360 exclusus
1734 2299 2019 2374 exclusis,
2052 2299 2365 2361 damnatis
2393 2300 2765 2362 damnatior.
2774 2300 2811 2326 ”

818 2396 1172 2458 ‘Persuasit
1247 2396 1588 2475 pessimam
1656 2416 1905 2459 causam
1972 2397 2076 2458 vir
2150 2397 2475 2475 pessimus,
2548 2402 2759 2460 orator
2828 2399 3137 2478 optimus.

732 2492 1010 2557 Paucula
1033 2514 1229 2574 grana
1254 2494 1479 2555 furtim
1513 2499 1762 2573 accepta
1796 2495 2134 2575 diligenter
2169 2495 2394 2572 obruit,
2426 2498 2611 2558 enata
2635 2500 2788 2559 sunt
2824 2515 2955 2558 non
2999 2498 3144 2559 sine

643 2615 707 2671 95
732 2595 998 2670 foenore,
1056 2593 1123 2654 id
1178 2592 1400 2655 foenus
1452 2612 1704 2655 rursum
1758 2596 1959 2655 terrae
2010 2594 2248 2672 gremio
2309 2594 2732 2670 commissum,
2781 2594 3148 2674 iterumque

732 2697 917 2773 atque
956 2694 1201 2770 iterum,
1244 2692 1415 2754 aliud
1462 2696 1650 2772 atque
1697 2690 1889 2754 aliud.
1994 2692 2124 2754 Nec
2165 2692 2379 2771 sepius
2417 2697 2622 2755 aestas
2663 2694 2946 2770 recurrit,
2992 2715 3146 2757 cum

731 2791 842 2855 ille
894 2792 1021 2854 iam
1083 2792 1408 2871 ingentem
1461 2791 1927 2870 spatiosumque
1980 2810 2273 2870 agrorum
2340 2793 2612 2853 tractum
2677 2791 2796 2853 hac
2859 2799 3148 2855 semente

730 2890 1078 2970 occupauit.
1165 2890 1336 2967 Quae
1376 2908 1476 2950 res
1500 2888 1611 2949 vbi
1652 2889 2006 2951 euidentior
2040 2908 2178 2963 esse
2219 2889 2520 2968 coepisset
2551 2908 2739 2968 quam
2776 2894 2850 2951 vt
2882 2910 3150 2969 superos

735 2989 928 3051 latere
964 2992 1189 3067 posset,
1235 2988 1641 3049 vehementer
1682 2986 1882 3048 iratus
1924 2988 2094 3048 Deus
2141 2989 2176 3020 ‘⁴
2191 2987 2510 3063 Quantum
2551 2987 2853 3067 intelligo,
2861 2990 2895 3016 ”
2934 2990 3152 3068 inquit

615 3111 713 3150 100
739 3090 976 3149 “iuuat
1041 3087 1214 3149 hunc
1272 3086 1480 3147 furem
1543 3085 1723 3147 labor
1784 3089 1850 3147 et
1913 3086 2118 3146 sudor.
2227 3087 2394 3147 Eum
2463 3105 2577 3165 ego
2646 3086 2745 3147 illi
2806 3089 3150 3166 magnifice

736 3185 1124 3248 cumulabo.'’
1206 3184 1535 3262 Simulque
1582 3202 1728 3244 cum
1787 3182 1952 3244 dicto
2008 3183 2544 3245 confertissimum
2586 3183 2864 3263 vndique
2912 3206 3151 3265 agmen

736 3283 1029 3345 immittit
1062 3283 1132 3344 in
1161 3286 1448 3361 segetem,
1482 3282 1902 3354 formicarum,
1934 3282 2397 3360 gurgulionum,
2429 3281 2754 3359 bufonum,
2788 3303 3150 3361 erucarum,

736 3382 1032 3458 murium,
1106 3381 1506 3457 locustarum,
1569 3379 1996 3460 scropharum,
2072 3378 2287 3441 auium
2355 3379 2743 3458 aliarumque
2806 3381 2871 3443 id
2942 3401 3156 3461 genus

735 3481 1028 3558 pestium,
1100 3498 1256 3559 quae
1324 3482 1596 3558 segetem
1662 3476 1895 3556 partim
1967 3477 2169 3539 adhuc
2234 3478 2431 3540 humo
2498 3479 2835 3557 conditam,
2908 3483 3158 3560 partim

619 3597 711 3648 105
736 3578 1222 3655 herbescentem,
1293 3576 1524 3656 partim
1602 3577 1730 3638 iam
1809 3577 2055 3652 flauam,
2128 3578 2359 3655 partim
2438 3577 2659 3640 horreo
2732 3582 3160 3658 compositam

737 3678 1226 3754 depascerentur.
1311 3675 1592 3737 Accessit
1633 3674 1858 3754 ingens
1898 3674 2069 3737 coelo
2118 3675 2439 3737 calamitas
2485 3675 2812 3755 grandinis
2857 3681 2928 3739 et
2965 3681 3165 3743 venti

735 3776 836 3837 vis
872 3777 1052 3836 tanta
1076 3778 1151 3835 vt
1188 3775 1446 3852 quernis
1481 3772 1810 3834 roboribus
1849 3774 2133 3852 aequales
2169 3773 2367 3834 culmi
2404 3774 2501 3834 illi
2535 3774 2801 3851 stipulae
2833 3776 3058 3839 aridae
3089 3779 3165 3840 in

740 3891 979 3934 morem
1027 3872 1545 3951 defringerentur.
1648 3873 1936 3950 Angelus
1990 3872 2098 3932 ille
2143 3875 2353 3932 custos
2405 3875 2690 3934 mutatus
2740 3876 2931 3951 atque
2982 3877 3166 3954 quod

739 3970 1102 4033 hominibus
1138 3971 1391 4045 fauent,
1438 3969 1721 4031 humano
1769 3969 2010 4047 corpori
2049 3970 2346 4031 inclusus.
2434 3972 2648 4048 Caym,
2693 3991 2895 4049 quum
2938 3974 3166 4037 Deum

621 4088 643 4124 ι
657 4088 716 4124 10
742 4069 1013 4133 incensis
1067 4068 1356 4146 frugibus
1408 4067 1650 4145 placare
1705 4067 1997 4143 student,
2048 4088 2161 4131 nec
2214 4069 2430 4130 fumus
2483 4068 2857 4145 subuolaret‚
2912 4078 3168 4137 certam

740 4168 914 4231 illius
951 4169 1112 4229 iram
1151 4166 1513 4244 intelligens
1553 4165 1884 4242 desperat.’

822 4265 1038 4328 Habes
1055 4265 1347 4340 fabulam,
1373 4265 1635 4339 Sixtine‚
1659 4264 1827 4326 inter
1851 4265 2073 4342 pocula
2097 4265 2329 4327 dictam
2348 4268 2538 4344 atque
2559 4266 2720 4327 inibi
2738 4268 2913 4329 inter
2929 4271 3176 4346 poeula

742 4369 974 4441 natam,
1006 4366 1192 4443 atque
1231 4364 1383 4424 adeo
1423 4381 1499 4424 ex
1540 4362 1710 4440 ipsis,
1747 4363 1805 4423 si
1845 4363 2014 4439 libet,
2046 4362 2304 4442 poculis,
2349 4382 2537 4441 quam
2577 4364 2748 4427 volui
2788 4365 2869 4427 ad
2913 4371 2983 4427 te
3028 4390 3177 4448 per·

811 4547 892 4596 80.
926 4546 1088 4596 istam
1110 4549 1169 4594 F.
1298 4544 1380 4606 83.
1413 4543 1597 4607 aliqua
1617 4547 1694 4594 F:
1726 4559 1757 4593 a
1795 4558 1865 4593 ua
1887 4548 1950 4594 E.
2094 4544 2176 4606 87.
2214 4560 2314 4594 nec
2336 4548 2409 4595 E:
2446 4558 2621 4609 neque
2643 4550 2700 4595 Ρ.
2850 4546 2936 4598 88.
2975 4564 3179 4615 neque

745 4617 853 4662 anto
874 4615 1019 4661 terra
1040 4607 1154 4660 ΕΜ
1175 4627 1188 4658 :
1221 4624 1290 4659 ne
1314 4612 1416 4658 HN
1420 4607 1456 4660 ⁸.
1658 4610 1755 4673 qui
1795 4625 1882 4660 em
1899 4616 2004 4669 poet
2023 4613 2169 4659 terra
2189 4614 2302 4660 aad.
2326 4614 2393 4659 H.
2618 4624 2701 4674 95.
2734 4611 3066 4678 iterumque
3092 4623 3178 4668 E.

747 4679 947 4727 iterum
968 4681 1025 4727 F.
1189 4676 1273 4739 98.
1310 4676 1595 4739 occupauit
1617 4679 1694 4725 B:
1728 4677 2010 4738 occuparat
2033 4678 2100 4726 Η.
2270 4689 2377 4737 113.
2414 4678 2463 4726 si
2487 4674 2622 4726 libet
2647 4680 2760 4727 aad.
2783 4681 2839 4726 F.
