3355 5380
253 389 429 475 1524]
778 393 1178 457 ERASMUS
1231 394 1338 455 ΤΟ
1392 394 1623 455 JOHN
1679 393 2127 456 ΒΟΤΖΗΕῙΜ
2569 400 2645 456 29

247 553 565 627 Quantum
612 552 704 613 sit
749 553 902 613 huic
943 553 1202 614 Lutheri
1250 553 1480 614 iudicio
1532 553 1958 627 tribuendum,
2007 554 2077 613 in
2123 555 2472 630 praesentia
2523 575 2649 616 non

244 650 508 727 disputo.
554 650 658 710 Me
677 655 850 711 certe
873 651 1039 712 nihil
1066 657 1312 725 mouet;
1350 652 1511 712 illud
1540 651 1800 729 requiro,
1821 671 1986 729 quur
2009 652 2121 729 qui
2138 652 2300 712 hanc
2319 653 2651 730 epistolam

241 750 632 824 aediderunt,
681 770 816 810 non
865 751 1080 811 eadem
1128 771 1313 827 opera
1355 752 1702 828 vulgarunt
1740 750 2034 827 epistolas
2084 751 2368 829 Philippi
2417 753 2651 812 Melan·

242 848 560 923 chthonis,
609 850 840 926 quibus
885 850 1052 911 hunc
1095 849 1375 910 Hutteni
1428 852 1724 909 conatum
1779 849 2126 909 detestatur
2163 855 2235 911 vt
2283 852 2651 927 pestiferum

243 947 635 1023 Euangelico
675 948 948 1024 negocio,
989 952 1054 1008 et
1096 968 1227 1008 non
1266 948 1464 1008 semel
1503 947 1818 1008 insaniam
1845 952 2054 1008 vocat.
2144 948 2309 1008 Sunt
2347 951 2507 1026 apud
2551 971 2653 1010 me
2682 972 2709 1022 5

245 1049 369 1109 tres
397 1045 580 1105 illius
606 1047 908 1121 epistolae
940 1047 1019 1107 ad
1057 1047 1337 1107 diuersos
1375 1047 1606 1107 amicos
1641 1046 1926 1124 scriptae,
1957 1047 2026 1105 in
2066 1047 2295 1123 quibus
2336 1052 2658 1109 execratur

243 1144 524 1204 rabiosos
561 1144 811 1204 libellos
842 1165 998 1220 quos
1032 1145 1214 1206 nobis
1250 1145 1517 1206 subinde
1555 1145 1760 1205 mittit
1796 1165 2033 1205 nouum
2062 1144 2178 1205 hoc
2216 1147 2650 1224 Euangelium.

245 1243 624 1320 Quanquam
651 1242 835 1319 plura
859 1243 1107 1320 scripsit
1136 1244 1295 1304 aliis.
1381 1244 1473 1304 Ea
1500 1245 1795 1320 premunt
1824 1244 2110 1303 homines
2138 1244 2367 1318 callidi,
2398 1245 2656 1306 interim

245 1340 504 1400 furiosis
553 1345 620 1400 et
667 1341 1002 1417 anonymis
1043 1345 1153 1402 aut
1196 1341 1744 1419 pseudepigraphis
1794 1341 2025 1401 libellis
2070 1342 2542 1415 debacchantur,
2593 1347 2660 1403 et

248 1443 388 1515 post
442 1439 600 1499 haec
653 1439 891 1499 iactant
947 1459 1012 1499 se
1067 1460 1181 1516 pro
1239 1440 1583 1517 Euangelio
1639 1441 1842 1500 decies
1897 1440 2062 1500 mori
2113 1445 2376 1517 paratos.
2483 1443 2657 1516 Quur
2688 1461 2745 1498 ιο

245 1537 446 1613 igitur
496 1556 629 1596 non
673 1537 896 1597 docent
944 1538 1228 1599 Romae?
1291 1540 1515 1616 Magna
1558 1540 1654 1599 est
1696 1538 1874 1597 viuae
1916 1539 2086 1597 vocis
2124 1540 2393 1616 energia.
2482 1542 2657 1615 Quur

248 1656 377 1695 non
422 1634 884 1697 debacchantur
923 1636 992 1695 in
1033 1638 1355 1698 Caesarem
1404 1657 1596 1714 aeque
1649 1638 1836 1712 atque
1881 1635 1949 1694 iu
1991 1637 2416 1697 Pontificem?
2498 1640 2658 1713 Quia

249 1734 465 1793 minus
513 1736 725 1793 tutum
767 1736 879 1793 est.
969 1735 1094 1793 Vbi
1136 1734 1331 1811 igitur
1382 1739 1601 1795 votum
1645 1734 1985 1810 martyrii?
2052 1735 2231 1796 Certe
2290 1736 2503 1795 docere
2558 1737 2658 1795 de·

250 1833 535 1904 buerant,
582 1832 638 1891 si
677 1832 908 1892 nolunt
948 1852 1296 1909 prouocare.
1404 1833 1547 1892 Non
1590 1852 1693 1892 me
1732 1833 1896 1908 fugit
1936 1832 2053 1892 hoc
2091 1833 2286 1892 fuisse
2325 1833 2656 1894 consilium

249 1929 669 2007 quorundam,
715 1930 826 2007 qui
871 1950 937 1989 se
982 1930 1141 1990 falso
1185 1931 1422 1992 iactant
1473 1930 1803 2007 Euangelii
1849 1930 2119 2005 nomine,
2168 1936 2240 1990 vt
2280 1952 2384 1991 me
2427 1932 2657 1993 libellis
2691 1954 2743 2003 ¹5

248 2029 517 2089 rabiosis
567 2027 920 2104 obruerent,
971 2049 1052 2088 ne
1097 2030 1246 2107 quid
1297 2030 1552 2089 molirer
1594 2029 1662 2087 in
1723 2029 2091 2088 Lutherum,
2181 2030 2456 2105 Fingant
2511 2032 2657 2107 lapi·

251 2128 471 2187 datum
518 2127 874 2199 Erasmum,
923 2146 1002 2187 an
1057 2127 1204 2188 ilico
1257 2147 1358 2189 res
1412 2127 1543 2187 illis
1602 2127 1760 2186 bene
1804 2126 1891 2187 sit
1934 2127 2277 2187 habitura?
2347 2128 2473 2188 Nec
2527 2149 2658 2205 per-

250 2226 560 2302 pendunt,
594 2224 653 2285 si
688 2226 855 2285 mihi
889 2230 1067 2285 tanta
1102 2229 1266 2286 esset
1298 2226 1637 2287 vlciscendi
1675 2226 1870 2285 libido
1911 2230 2147 2303 quanta
2187 2226 2317 2287 illis
2354 2226 2657 2301 laedendi,

252 2328 638 2401 quantopere
678 2328 743 2384 et
788 2324 1101 2401 potuerim
1144 2328 1206 2384 et
1251 2324 1484 2401 possim
1535 2324 1802 2385 istorum
1845 2343 2094 2384 causam
2135 2324 2416 2402 affligere.
2507 2327 2660 2400 Quis

254 2443 381 2483 non
417 2428 717 2500 agnoscat
751 2422 857 2482 hic
894 2423 1186 2499 spiritum
1213 2422 1684 2499 Euangelicum‚
1720 2440 1843 2499 quo
1871 2422 2048 2482 mille
2082 2423 2211 2482 iam
2249 2424 2433 2483 annis
2459 2426 2659 2485 caruit
2688 2445 2749 2480 ιο

254 2521 538 2581 mundus
557 2523 591 2581 ⁶?
672 2520 843 2593 Esto,
902 2520 986 2580 sit
1055 2520 1504 2597 Euangelicum
1573 2521 1766 2580 libere
1822 2519 2183 2580 debacchari
2244 2523 2537 2582 conuitiis
2591 2524 2659 2583 in

256 2620 505 2694 noxios;
537 2638 761 2680 verum
790 2618 1141 2679 manifestis
1168 2619 1509 2679 mendaciis
1532 2619 1830 2696 impetere
1857 2621 2041 2697 caput
2067 2619 2552 2694 immerentium,
2575 2642 2657 2681 an

254 2724 319 2779 et
357 2720 523 2778 istuc
564 2718 925 2795 exemplum
964 2718 1416 2795 Euangelicum
1457 2722 1552 2779 est
1573 2721 1606 2778 ⁴?
1686 2718 1926 2778 Vinum
1973 2718 2256 2778 infundit
2295 2721 2659 2781 vulneribus

255 2817 541 2878 medicus
594 2816 1024 2892 Euangelicus,
1075 2815 1184 2877 sed
1236 2817 1406 2877 idem
1460 2816 1635 2877 addit
1679 2817 1930 2889 oleum3
1983 2819 2047 2876 et
2092 2816 2315 2875 vinum
2358 2817 2656 2888 infundit,

259 2936 388 2976 non
415 2919 683 2976 acetum.
770 2913 892 2975 Isti
919 2914 1172 2992 quidam
1199 2933 1512 2975 venenum
1550 2913 1897 2975 infundunt
1933 2932 2044 2989 pro
2070 2913 2235 2973 vino.
2324 2913 2660 2974 Neminem
2688 2934 2745 2985 25

249 3003 551 3075 occidunt
576 3013 803 3091 gladio,
834 3014 942 3073 sed
969 3013 1325 3074 sceleratius
1351 3012 1587 3089 linguis
1611 3014 1675 3071 et
1705 3012 1959 3072 calaum.

339 3113 426 3173 Et
471 3115 687 3172 tamen
727 3131 857 3171 non
896 3110 1129 3171 habent
1170 3111 1335 3188 quod
1372 3110 1668 3170 obiiciant
1706 3109 1884 3183 mihi,
1929 3107 2054 3168 nisi
2090 3108 2252 3185 quod
2301 3107 2502 3167 nolim
2535 3107 2661 3167 mei

259 3210 482 3288 capitis
510 3208 783 3288 periculo
810 3208 1106 3285 profiteri,
1140 3228 1297 3286 quae
1323 3210 1425 3270 vel
1452 3228 1579 3267 non
1611 3227 1920 3284 assequor,
1955 3208 2054 3267 vel
2093 3225 2203 3283 pro
2232 3205 2438 3266 dubiis
2467 3206 2662 3267 habeo

257 3310 360 3370 vel
388 3328 522 3368 non
550 3307 761 3385 probo,
790 3306 893 3367 vel
923 3307 1100 3367 nullo
1132 3307 1339 3367 fructu
1368 3307 1760 3383 professurus
1788 3305 1932 3365 sim.
2016 3304 2278 3380 Alioqui
2306 3305 2446 3382 quis
2482 3306 2664 3381 plura

254 3407 510 3484 scripsit
558 3405 861 3467 aduersus
908 3404 1198 3466 fiduciam
1253 3403 1764 3479 ceremoniarum,
1806 3404 2104 3464 aduersus
2152 3404 2661 3480 superstitionem
2690 3426 2753 3473 30

257 3506 564 3578 ciborum,
584 3504 797 3563 cultus
823 3506 885 3562 et
913 3506 1219 3578 votorum,
1250 3503 1549 3563 aduersus
1576 3522 1680 3562 eos
1708 3501 1816 3578 qui
1842 3501 1986 3578 plus
2011 3500 2302 3560 tribuunt
2328 3501 2663 3562 hominum

257 3601 641 3665 commentis
683 3620 870 3678 quam
918 3600 1117 3661 literis
1162 3600 1413 3675 diuinis,
1460 3599 1570 3677 qui
1618 3599 1817 3676 pluris
1865 3599 2104 3660 faciunt
2161 3599 2467 3660 humanas
2522 3618 2662 3660 con·

257 3702 629 3763 stitutiones
653 3718 843 3776 quam
875 3702 1194 3777 praecepta
1233 3699 1368 3772 Dei,
1397 3699 1506 3775 qui
1538 3699 1684 3775 plus
1715 3697 2010 3775 praesidii
2047 3697 2353 3757 collocant
2389 3697 2458 3756 in
2498 3696 2664 3757 diuis

258 3821 453 3879 quam
494 3799 567 3859 in
607 3798 743 3875 ipso
783 3797 1074 3871 Christ03
1133 3798 1430 3858 aduersus
1471 3796 1880 3873 Theologiam
1922 3796 2352 3857 scholasticam
2393 3796 2667 3871 philoso-

257 3900 467 3977 phicis
492 3901 561 3958 et
587 3895 942 3972 sophisticis
968 3895 1234 3972 argutiis
1254 3897 1628 3973 corruptam,
1649 3895 1945 3954 aduersus
1973 3893 2389 3953 temeritatem
2413 3892 2665 3968 quiduis
2690 3916 2750 3964 35

261 3995 624 4069 definiendi,
678 3994 973 4055 aduersus
1025 3996 1419 4071 praepostera
1472 3992 1648 4069 vulgi
1720 3992 1997 4053 iudicia?
2065 3992 2265 4065 Quam
2332 4010 2479 4051 vero
2533 4011 2662 4051 non

261 4095 554 4157 blandiar
579 4093 852 4154 summis
879 4092 1069 4152 etiam
1100 4091 1503 4168 principibus,
1535 4090 1681 4151 libri
1714 4091 1840 4151 mei
1878 4089 2033 4151 satis
2068 4091 2404 4151 declarant.
2491 4090 2663 4150 Haec

642 4231 720 4268 ιο.
754 4217 814 4265 in
836 4223 944 4265 anto
963 4216 1282 4267 Pontificem
1305 4233 1394 4266 om.
1417 4232 1469 4280 γ.
1664 4230 1744 4277 34.
1781 4232 1845 4277 γε
1880 4216 2218 4279 philosophis
2240 4217 2291 4269 β.

266 4391 539 4440 Erasmus.
608 4390 640 4439 1
660 4391 861 4438 cannot
888 4387 1003 4437 find
1032 4389 1158 4438 that
1187 4388 1292 4438 LE.
1320 4402 1419 4450 533
1522 4388 1746 4436 written
1776 4390 1833 4437 at
1864 4387 1978 4437 this
1998 4388 2136 4437 time
2159 4390 2216 4437 to
2241 4387 2662 4436 Melanchthon:

267 4471 376 4505 was
414 4455 707 4518 published
742 4458 800 4502 at
840 4454 953 4502 this
988 4455 1140 4516 time,
1175 4455 1285 4503 and
1318 4455 1417 4503 the
1525 4453 1885 4502 ‘Aediderunt
1905 4454 1960 4501 in
1981 4453 2166 4502 odium
2187 4454 2295 4502 mei
2316 4457 2473 4502 tuum
2493 4451 2562 4500 de
2577 4467 2662 4500 me

268 4526 501 4586 opening
540 4520 718 4569 words
756 4518 819 4567 of
851 4520 950 4568 the
988 4522 1120 4569 next
1163 4523 1418 4568 sentence
1525 4517 1818 4567 iudicium’
1844 4519 2000 4582 (with
2028 4519 2278 4567 Luther's
2298 4519 2488 4581 above)
2516 4521 2662 4565 ‘rur-

268 4587 379 4636 also
418 4590 636 4652 suggest
670 4587 797 4634 that
830 4585 1084 4634 Erasmus
1122 4586 1222 4634 has
1260 4585 1417 4634 made
1524 4599 1646 4634 sum
1673 4583 1899 4632 Lutheri
1922 4585 2056 4633 duas
2078 4583 2360 4647 epistolas)

269 4667 301 4700 a
327 4654 572 4704 mistake.
641 4651 730 4700 Re
753 4654 964 4711 repeats
988 4651 1075 4699 his
1108 4654 1414 4710 statement,
1590 4663 1636 4709 3.
1679 4649 1957 4710 epistolas]
2011 4650 2122 4697 ME.
2168 4664 2264 4708 245
2311 4648 2420 4698 and
2464 4661 2663 4708 253-53

272 4718 532 4781 however,
567 4719 631 4767 in
665 4715 842 4767 Lond.
874 4717 984 4766 xix.
1016 4730 1127 4779 113,
1162 4717 1264 4766 LB.
1302 4731 1414 4778 703,
1524 4715 1621 4764 the
1657 4714 2030 4764 latter-ann.
2070 4729 2245 4776 325-7.
