3355 5380
725 357 843 414 284
1409 356 1790 418 LETTERS
1844 356 1954 419 OF
2009 356 2409 419 ERASMUS
2928 353 3113 438 [1500

666 528 694 577 5
721 511 964 573 dierum
1002 513 1401 590 colloquium.
1489 514 1655 574 Eum
1685 533 1912 591 quaeso
1936 517 2008 574 vt
2044 536 2078 574 e
2116 517 2227 575 tua
2263 513 2624 575 doctissima
2646 511 3023 574 bibliotheca
3045 513 3113 574 ad

720 629 838 671 nos
864 610 954 671 ire
980 611 1209 670 iubeaS.
1296 611 1460 671 Nam
1487 613 1561 671 tu
1588 610 1846 689 quidem
1880 612 1950 672 in
1988 614 2165 672 tanta
2203 611 2586 690 optimorum
2619 614 2911 671 autorum
2950 612 3117 689 copia

719 708 1104 770 Macrobium
1131 729 1328 770 vnum
1359 730 1488 770 non
1524 710 1940 788 desyderabis,
1974 713 2038 770 et
2073 730 2188 771 nos
2214 711 2283 770 in
2311 710 2429 771 hac
2468 710 2684 770 nostra
2708 708 2920 786 inopia
2946 710 3118 770 vehe-

720 810 963 868 menter
1001 807 1354 869 delectabit.
1435 807 1593 868 Vale
1633 828 1704 867 ac
1744 827 1861 868 nos
1901 808 2021 869 tibi
2062 808 2435 886 iampridem
2478 807 2988 869 deuinctissimos
3027 809 3118 870 de·

719 906 1056 967 uinctiores
1081 904 1342 967 reddito.
1431 906 1734 968 Lutetiae.
1822 926 1887 966 11.
1906 926 2068 967 0000.
2091 926 2260 968 110111.

1416 1101 1561 1165 122.
1647 1098 1745 1165 To
1794 1099 2078 1164 Rosam
2123 1098 2424 1165 GAeum.

790 1184 1038 1256 Farrago
1064 1203 1119 1255 p.
1153 1201 1270 1253 104.
2691 1182 2940 1257 (Paris.)

790 1273 850 1327 F.
877 1291 933 1343 p.
962 1274 1092 1328 261:
1132 1271 1271 1329 HN:
1312 1272 1485 1329 Lond.
1513 1292 1560 1328 v.
1594 1275 1692 1329 16:
1730 1272 1840 1327 LB.
1873 1275 1957 1330 86.
2589 1270 2862 1345 (March)
2892 1273 3051 1347 {3²83-

1572 1411 1889 1459 ERASMVS
1933 1411 2266 1461 GAGVINO.

800 1531 1024 1605 Suam,
1050 1532 1446 1592 ornatissime
1466 1534 1583 1594 vir.
1650 1532 1826 1608 Vide,
1861 1553 2105 1611 quaese,
2138 1552 2327 1610 quam
2355 1531 2439 1591 sit
2464 1530 2701 1609 insigni
2728 1530 3122 1608 impudentia

717 1632 866 1690 tuus
895 1630 1211 1691 Erasmus.
1295 1630 1632 1707 Nunquam
1660 1629 1759 1691 illi
1780 1631 2106 1707 Gaguinus
2131 1630 2203 1689 in
2232 1632 2510 1689 mentem
2537 1628 2731 1702 venit,
2766 1626 2895 1687 nisi
2925 1648 3119 1704 quum

717 1732 873 1807 eget.
943 1729 1113 1806 Opus
1142 1731 1237 1788 est
1263 1728 1425 1788 mihi
1451 1729 1528 1788 ad
1555 1729 1856 1806 pauculos
1883 1727 2014 1789 dies
2041 1728 2446 1805 Trapezontio
2474 1727 2550 1787 de
2578 1725 2931 1787 Rhetoricis
2956 1745 3121 1803 prae·

716 1826 1111 1905 captionibus
1149 1826 1302 1902 (non
1342 1845 1490 1904 rogo
1532 1825 1882 1901 habeasne;
1938 1826 2065 1886 scio
2108 1825 2274 1886 nihil
2314 1826 2624 1885 bonorum
2664 1827 2963 1884 autorum
3002 1824 3119 1884 tibi

660 1938 688 1988 5
717 1946 845 1986 11011
874 1927 1071 2002 esse);
1118 1924 1310 1983 huius
1347 1923 1540 1984 velim
1573 1923 1734 1984 mihi
1773 1927 1885 1985 tua
1910 1924 2273 1984 humanitas
2317 1924 2557 2000 copiam
2590 1922 2793 1982 faciat.
2879 1921 3121 1997 Quinti·

715 2020 958 2082 lianum
977 2042 1102 2082 vna
1127 2042 1272 2082 cum
1296 2022 1414 2081 hoc
1443 2023 1723 2082 conform
1745 2022 1942 2100 cupio,
1969 2024 2281 2100 vtrunque
2307 2020 2664 2099 propediem
2686 2020 2763 2081 ad
2785 2023 2849 2081 te
2869 2019 3119 2081 saluum

716 2119 1108 2181 remissurus.
1192 2119 1365 2180 Bene
1389 2120 1527 2180 vale
1555 2140 1626 2180 ac
1657 2140 1773 2180 nos
1798 2139 1958 2180 ama.
2046 2140 2111 2181 11.
2134 2139 2294 2180 0000.
2315 2139 2481 2179 xmx.

1481 2310 1625 2372 123.
1716 2308 1816 2372 'l'o
1857 2308 2088 2373 JAMEs
2135 2307 2347 2372 BATT.

784 2393 1033 2464 Farrago
1058 2412 1113 2464 p.
1143 2410 1264 2464 290.
2728 2392 2903 2447 Paris.

785 2481 845 2535 F.
872 2500 928 2552 p.
955 2497 1090 2549 402:
1128 2480 1266 2536 HN:
1305 2481 1481 2536 Lond.
1509 2481 1584 2537 ix.
1615 2496 1713 2552 35:
1752 2481 1862 2536 LB.
1891 2484 1976 2537 80.
2585 2479 2817 2553 (March
2847 2480 3043 2552 1500.)

779 2602 1096 2668 [Evidently
1133 2604 1372 2652 between
1413 2603 1508 2651 the
1551 2606 1741 2652 return
1788 2603 1926 2652 from
1962 2602 2212 2665 England
2255 2602 2366 2651 and
2406 2602 2501 2651 the
2545 2601 2881 2664 publication
2923 2603 2985 2651 of
3020 2602 3118 2651 the

712 2672 923 2729 Adaqia.
993 2669 1022 2718 1
1044 2669 1194 2732 place
1217 2670 1262 2718 it
1284 2668 1463 2718 before
1486 2669 1581 2732 Ep.
1609 2683 1718 2729 124,
1748 2669 1971 2719 because
1993 2670 2054 2718 in
2078 2669 2200 2719 that
2222 2669 2316 2718 the
2338 2669 2572 2718 number
2592 2669 2653 2717 of
2663 2667 2877 2731 Adages
2900 2668 2947 2717 is
2971 2683 3117 2718 more

713 2735 950 2797 definite,
987 2737 1419 2798 approximating
1450 2735 1650 2796 closely
1683 2738 1740 2784 to
1775 2736 1871 2784 the
1908 2736 2140 2784 number
2178 2736 2237 2783 in
2274 2735 2370 2784 the
2407 2734 2524 2784 first
2562 2735 2788 2796 edition,
2824 2735 2941 2782 818.
3006 2735 3119 2783 'I'he

714 2815 1006 2850 numerous
1029 2802 1355 2850 corrections
1377 2801 1535 2849 made
1558 2802 1618 2849 in
1642 2800 1686 2849 F
1708 2815 1798 2849 are
1822 2800 2166 2865 notioeable.]

1432 2933 1750 2980 suasu-vs
1799 2933 2020 2980 BAT‘ro
2066 2933 2189 2980 svo
2235 2911 2290 2982 s.'
2335 2933 2396 2980 D.

793 3055 930 3116 sz
971 3075 1156 3133 quem
1203 3055 1362 3115 mihi
1405 3075 1574 3115 meas
1618 3053 2084 3116 lucubrationes
2126 3054 2400 3127 miseras,
2449 3073 2559 3131 per
2616 3053 2783 3114 hunc
2829 3073 2949 3130 ego
2993 3051 3114 3113 tibi

711 3153 1037 3214 Laurentii
1083 3154 1323 3229 partem
1371 3172 1497 3213 vna
1543 3152 1702 3213 meis
1746 3172 1891 3213 cum
1936 3152 2137 3213 literis
2185 3152 2418 3213 remisi.
2502 3151 2868 3225 Tabellioni,
2912 3153 3006 3212 ita
3042 3154 3115 3211 vt

709 3252 990 3325 iusseraS,
1042 3254 1179 3311 octo
1225 3251 1512 3310 denarios
1559 3251 1742 3324 dedi3
1799 3254 2114 3327 praeterea
2162 3250 2326 3311 nihil
2373 3254 2506 3311 erat
2554 3249 2718 3328 quod
2775 3249 3116 3310 scriberem

711 3350 875 3409 noui.
963 3349 1194 3408 Euenit
1234 3349 1393 3408 mihi
1423 3351 1585 3427 quod
1615 3350 1809 3426 vulgo
1850 3349 2027 3424 solet,
2060 3352 2131 3410 vt
2158 3349 2394 3410 vulnus
2435 3349 2592 3410 illud
2634 3350 2704 3409 in
2738 3348 2979 3426 Anglia
3016 3368 3115 3408 ac·

652 3467 679 3516 5
707 3448 960 3522 ceptum
988 3466 1155 3506 nunc
1186 3446 1440 3507 demum
1469 3448 1680 3509 dolere
1708 3448 1987 3526 incipiat,
2011 3452 2410 3525 posteaquam
2438 3447 2818 3508 inueterauit
2841 3468 2859 3521 3
2901 3449 2966 3507 et
2993 3445 3116 3506 hoc

707 3543 909 3621 magis
936 3543 1119 3617 dolet,
1145 3546 1307 3621 quod
1339 3565 1483 3606 cum
1511 3547 1951 3623 indignissima
1970 3548 2054 3607 sit
2077 3547 2491 3607 coniunctum
2512 3545 2907 3619 contumelia,
2932 3545 3118 3605 nulla

706 3646 918 3707 tamen
961 3662 998 3702 a
1038 3664 1139 3703 me
1179 3643 1332 3703 talio
1376 3645 1596 3705 referri
1639 3648 1860 3723 potest.
1945 3644 2108 3721 Quid
2155 3645 2327 3704 enim
2371 3664 2488 3720 ego
2528 3647 2638 3704 aut
2686 3664 2831 3704 cum
2873 3644 3120 3720 Anglia

704 3740 1001 3803 vniuersa
1027 3740 1323 3801 dimicem
1350 3745 1459 3802 aut
1487 3763 1633 3802 cum
1656 3744 1824 3820 Rege
1841 3746 1874 3804 ’Β
1913 3744 2153 3805 Verum
2180 3742 2294 3802 illa
2314 3741 2478 3801 nihil
2501 3741 2914 3815 commeruit;
2956 3744 3019 3801 et
3042 3742 3117 3801 in

704 3859 851 3902 eum
877 3840 1150 3900 scribere
1177 3841 1286 3917 qui
1321 3841 1521 3916 possit
1549 3861 1677 3902 non
1709 3842 1916 3903 solum
1956 3841 2338 3918 proscribere
2370 3841 2780 3902 verumetiam
2811 3841 3113 3913 occidere,

619 3960 679 3996 10
705 3938 1057 3999 dementiae
1097 3941 1411 3998 extremae
1445 3942 1611 4015 put0.
1699 3941 1899 4014 Quare
1930 3940 2045 3999 hac
2077 3940 2145 3999 in
2173 3959 2240 3998 re
2269 3959 2414 3999 cum
2444 3937 2865 3999 Themistocle
2893 3938 3116 3999 obliui-

704 4035 917 4095 scendi
943 4039 1143 4095 artem
1173 4038 1334 4113 opto,
1408 4037 1565 4097 Sum
1594 4037 1851 4115 quidem
1886 4041 2057 4098 totus
2090 4037 2157 4097 iu
2195 4037 2417 4110 literis,
2448 4040 2512 4097 et
2538 4036 2931 4113 Adagiorum
2958 4039 3117 4115 pris·

704 4151 920 4194 corum
962 4134 1355 4194 coniectanea
1395 4135 1663 4195 meditor
1703 4135 2112 4210 conscribere,
2154 4135 2568 4196 tumultuario
2605 4135 2865 4212 quidem
2901 4156 3109 4213 opere.

770 4266 883 4314 121.
918 4281 966 4327 9.
1026 4265 1289 4314 Lutetiae.
1376 4279 1705 4315 x.oooc.xorx
1743 4270 1856 4315 add.
1898 4270 1965 4316 H.
2253 4268 2362 4316 122.
2399 4281 2444 4326 7.
2501 4278 2827 4315 x.oooc.xcrx
2872 4270 2987 4314 ada.
3039 4269 3112 4315 H.

707 4331 816 4381 128.
837 4332 884 4379 6.
920 4333 1269 4379 coniunctum
1292 4335 1401 4380 add.
1424 4335 1481 4380 F.
1648 4333 1696 4380 8.
1733 4332 1935 4381 Verum
1958 4332 2057 4381 illa
2078 4332 2222 4382 nihil
2245 4336 2291 4380 Ε
2304 4350 2316 4382 :
2353 4330 2509 4380 Nihil
2531 4330 2629 4380 illa
2648 4334 2703 4380 F.
2871 4346 2947 4381 12.
2983 4346 3114 4381 con·

704 4397 946 4446 iectanea
968 4400 1072 4447 MS.
1093 4413 1105 4446 :
1141 4396 1467 4446 collectanea
1489 4400 1548 4446 E.
1620 4401 1737 4446 Vide
1760 4401 1807 4445 Ε
1830 4401 2002 4458 σοιτίς.

771 4533 878 4582 128.
907 4548 950 4581 1.
984 4529 1405 4593 lucubrationes]
1431 4530 1511 4582 Of.
1534 4531 1630 4593 Ep.
1665 4544 1776 4593 119.
1805 4545 1847 4580 1.
1953 4530 2177 4593 Gellius,
2204 4528 2425 4593 puzzled
2454 4529 2548 4579 the
2581 4528 2787 4577 editors
2811 4528 2873 4577 of
2890 4529 2950 4590 E,
2978 4529 3115 4578 who

774 4612 849 4647 12.
917 4599 1264 4646 coniectanea
1344 4596 1476 4645 'rhis
1541 4595 1707 4657 word,
1768 4596 1853 4645 for
1951 4594 2294 4657 conjectured
2338 4599 2607 4645 concauam
2649 4593 2757 4643 and
2799 4594 2972 4644 noted
3014 4594 3117 4644 the

703 4663 887 4713 which
921 4664 1078 4713 there
1110 4663 1158 4712 is
1313 4663 1458 4712 cient
1484 4663 1765 4726 authority
1789 4663 1847 4711 in
1952 4664 2288 4724 manuscript
2310 4661 2537 4723 reading
2558 4661 2618 4707 in
2640 4659 2736 4708 the
2754 4659 3115 4723 Corrigenda.
