3355 5380
224 394 478 475 ¹523-4]
732 393 1134 456 ERASMUS
1189 394 1296 455 ΤΟ
1348 394 1572 455 JOHN
1631 394 2080 456 ΒΟΤΖΗΕΙΜ
2526 403 2596 457 21

218 552 581 630 gelistarum
628 551 1013 624 communia,
1068 551 1223 611 adeo
1277 570 1601 627 nunquam
1656 551 1866 612 deerat
1916 552 2296 629 efflagitandi
2349 552 2600 614 lemma.

220 650 339 711 Hic
373 650 552 710 labor
587 650 839 709 dicatus
872 651 970 709 est
1004 650 1355 725 Anglorum
1392 650 1521 725 regi
1563 649 1857 724 Henrico,
1888 651 2021 711 eius
2060 651 2335 710 nominis
2367 654 2601 713 octauo.

219 748 490 809 Marcum
521 748 795 826 denique
822 747 1078 824 quidam
1104 746 1372 822 insignis
1399 748 1635 807 amicus
1662 748 1858 808 suasit
1877 748 2251 823 addendum,
2279 769 2357 808 ne
2383 749 2608 810 lacuna

215 847 283 906 in
335 846 545 907 medio
598 865 834 906 vacans
888 844 1183 906 inuitaret
1237 844 1527 922 aliquem,
1586 844 1698 921 qui
1745 845 1878 906 suis
1921 846 2217 906 admixtis
2264 847 2465 923 operis
2518 848 2609 907 in-

218 945 573 1021 tegritatem
629 944 1134 1020 interrumperet.
1219 943 1356 1002 Hoc
1411 963 1564 1019 opus
1620 942 1897 1003 dicatum
1941 945 2040 1004 est
2084 943 2430 1004 Galliarum
2477 946 2606 1023 regi
2633 967 2661 1014 5

219 1043 562 1108 Francisco.
592 1043 730 1102 eius
770 1041 1051 1103 nominis
1090 1041 1308 1117 primo.
1395 1041 1739 1102 Restabant
1776 1041 2222 1118 Apostolorum
2255 1042 2429 1116 Acta,
2462 1064 2609 1120 pars

217 1140 549 1218 Euangelii
575 1139 924 1201 secundum
950 1140 1201 1200 Lucam.
1290 1138 1383 1199 Ea
1410 1138 1759 1199 dicauimus
1786 1140 2096 1201 Clementi
2122 1161 2372 1202 summo
2398 1140 2609 1202 Ponti·

216 1239 333 1311 fici,
364 1238 564 1300 huius
601 1237 881 1298 nominis
921 1237 1207 1314 septimo.
1294 1237 1708 1314 Apocalypsis
1747 1238 1921 1298 nullo
1960 1239 2147 1299 modo
2181 1238 2400 1316 recipit
2439 1259 2610 1317 para-

216 1340 532 1415 phrasten.
622 1335 751 1399 Hic
790 1334 1001 1412 itaque
1041 1336 1296 1396 tandem
1337 1336 1804 1412 Paraphraseon
1837 1336 1985 1396 finis
2024 1337 2180 1397 satis
2219 1337 2387 1398 felix.
2482 1339 2610 1399 Nec

214 1436 385 1496 enim
414 1435 582 1496 alius
609 1434 785 1494 labor
821 1433 982 1494 mihi
1015 1432 1228 1493 minus
1265 1432 1540 1494 inuidiae
1577 1434 1874 1495 conflauit
1899 1455 2089 1513 quam
2117 1435 2605 1513 Paraphraseon.
2640 1456 2699 1491 ro

217 1535 598 1612 scripsimus
637 1538 702 1592 et
741 1533 812 1592 in
854 1532 1142 1593 Psalmos
1185 1532 1340 1593 duos
1378 1534 1915 1608 commentarium,
1950 1533 2322 1611 quibusdam
2364 1535 2614 1611 magnis

216 1631 715 1711 flagitationibus
740 1631 821 1691 ad
850 1631 1018 1692 hunc
1042 1630 1320 1691 laborem
1347 1629 1734 1692 vocantibus.
1821 1631 2058 1691 Verum
2095 1631 2197 1692 hic
2236 1651 2367 1692 non
2405 1632 2613 1692 solum

216 1731 486 1792 deterret
531 1731 736 1808 operis
777 1732 917 1791 tum
957 1729 1330 1807 magnitudo
1367 1730 1507 1788 tum
1546 1728 1897 1804 difficultas,
1934 1750 2158 1790 verum
2197 1730 2390 1791 etiam
2429 1729 2613 1791 turba

214 1827 824 1900 commentariorum,
867 1830 942 1888 vt
994 1827 1340 1905 periculum
1386 1827 1471 1887 sit
1525 1846 1607 1887 ne
1660 1827 2056 1906 prophetiam
2109 1828 2374 1889 obruant
2427 1828 2615 1889 citius

216 1948 408 2005 quam
464 1926 822 2003 explanent.
949 1926 1254 1987 Attamen
1309 1924 1566 1984 tertium
1621 1923 1951 1985 Psalmum
2003 1924 2367 2003 paraphrasi
2426 1926 2614 2003 expli·
2643 1948 2700 1998 ¹5

216 2027 468 2087 cuimus
513 2025 586 2085 in
629 2024 899 2102 gratiam
938 2024 1168 2084 eruditi
1215 2022 1404 2084 amici
1443 2022 1800 2083 Melchioris
1840 2022 2152 2087 Viandali.
2237 2024 2614 2101 Scripsimus

214 2129 278 2185 et
312 2124 386 2183 in
428 2123 851 2201 precationem
892 2121 1271 2183 dominicam
1308 2120 1768 2198 Paraphrasim‚
1800 2124 2021 2198 rogatu
2049 2122 2260 2182 Iodoci
2287 2122 2419 2182 siue
2451 2122 2614 2183 Iusti

217 2219 837 2299 Vuissenburgensis‚
869 2217 1195 2280 Secretarii
1221 2217 1387 2294 regis
1411 2217 1729 2280 Poloniae.
1799 2219 2018 2299 Nuper
2041 2218 2431 2282 absoluimus
2458 2220 2614 2281 Con·

218 2320 464 2380 cionem
506 2319 601 2379 De
641 2316 1061 2378 misericordia
1104 2315 1365 2377 Domini
1398 2315 1476 2377 ad
1517 2336 1727 2392 preces
1766 2318 2149 2378 sanctissimi
2187 2318 2492 2396 praesulis
2532 2317 2607 2379 D.

218 2415 657 2493 christophori
688 2414 980 2491 Episcopi
1015 2413 1399 2489 Basiliensis,
1431 2414 1542 2492 qui
1575 2414 1719 2475 huic
1744 2415 1936 2475 titulo
1971 2416 2270 2477 sacellum
2305 2417 2614 2494 quoddam
2641 2440 2701 2476 ιο

218 2516 577 2586 dedicarat;
644 2517 708 2575 et
751 2514 969 2574 eodem
1008 2516 1287 2588 tempore
1335 2512 1875 2589 Comparationem
1915 2513 2303 2590 virginitatis
2347 2516 2413 2574 et
2458 2534 2615 2575 mar·

217 2614 385 2693 tyrii,
406 2614 488 2674 ad
517 2631 727 2692 preces
747 2609 1138 2687 integerrimi
1154 2610 1278 2671 viri
1298 2610 1520 2671 Heliae
1541 2610 1996 2672 Maccabaeitici
2015 2613 2177 2689 apud
2199 2612 2614 2689 Agrippinam

216 2713 468 2791 collegii
502 2709 925 2772 moderatoris.
1014 2710 1175 2771 Nam
1214 2709 1592 2772 concionem
1629 2710 1705 2769 de
1737 2729 1927 2786 puero
1968 2709 2112 2770 Iesu
2151 2710 2393 2786 pridem
2431 2711 2615 2786 scrip·

217 2832 425 2872 seram
455 2813 677 2887 rogatu
699 2808 957 2868 Ioannis
985 2807 1198 2869 Coleti.
1261 2807 1629 2868 Methodum
1650 2827 1831 2867 verae
1851 2807 2199 2883 theologiae
2217 2808 2346 2868 iam
2373 2808 2618 2884 saepius

218 2911 496 2971 aeditam
531 2905 1012 2984 recognouimus
1041 2926 1114 2967 ac
1149 2905 1670 2983 locupletauimus
1705 2925 1872 2965 anno
1904 2922 2075 2983 1522,
2106 2925 2178 2965 ac
2209 2924 2423 2965 rursus
2450 2925 2617 2965 anno
2643 2931 2702 2979 25

215 3008 524 3086 proximo.

301 3103 618 3182 Equidem
637 3100 892 3179 gloriari
911 3120 1351 3163 consueueram
1381 3102 1560 3178 quod,
1584 3122 1783 3179 quum
1803 3105 1935 3163 tam
1962 3102 2205 3163 multa
2185 3122 2317 3163 ioco
2337 3101 2617 3180 serioque

216 3202 627 3282 scripsissem,
660 3200 909 3261 nullum
944 3200 1147 3261 adhuc
1173 3200 1535 3260 mortalium
1577 3220 1718 3260 meo
1758 3201 1904 3260 stilo
1945 3200 2323 3261 nominatim
2364 3200 2619 3262 laceras-

218 3322 391 3374 sem3
451 3301 564 3361 sed
620 3300 783 3360 hanc
836 3298 1105 3375 gloriam
1158 3297 1392 3358 inuidit
1446 3298 1609 3357 mihi
1662 3298 1873 3359 nescio
1920 3298 2063 3376 quis
2115 3298 2323 3358 malus
2377 3298 2610 3375 genius.

219 3401 598 3476 Quanquam
639 3397 942 3457 hactenus
979 3396 1232 3457 defendi
1272 3397 1523 3457 laudem
1559 3396 1804 3456 innoxii
1831 3397 1979 3472 stili,
2013 3396 2220 3474 quod'
2201 3416 2270 3457 ιιι
2298 3397 2617 3456 neminem
2645 3421 2705 3469 30

218 3498 454 3559 strinxi
500 3498 756 3568 ferrum,
802 3495 929 3556 nisi
975 3497 1349 3572 prouocatus
1404 3494 1651 3567 odiose;
1711 3515 1909 3571 neque
1963 3494 2254 3572 cuiquam
2307 3492 2616 3570 respondi,

219 3597 347 3657 nisi
372 3594 687 3656 modestia
713 3593 970 3653 vicerim
998 3591 1429 3653 aduersarium
1456 3592 1718 3652 inferior
1742 3591 2100 3654 virulentia.
2162 3592 2325 3652 Nam
2354 3591 2620 3652 arbitror

220 3696 337 3756 hoc
382 3696 477 3755 ita
519 3693 756 3771 liquere
801 3713 837 3753 e
884 3691 1133 3770 scriptis
1177 3690 1352 3766 meis,
1388 3693 1460 3751 vt
1501 3689 1664 3750 mihi
1706 3693 1955 3750 tantum
1996 3690 2202 3751 laudis
2242 3691 2424 3750 liceat
2463 3689 2619 3749 citra

218 3793 560 3856 iactantiae
611 3795 828 3851 notam
881 3810 1182 3868 arrogare.
1270 3790 1562 3851 Primum
1614 3789 1776 3849 illud
1830 3790 1964 3848 erat
2020 3789 2091 3848 in
2143 3787 2322 3860 votis,
2380 3792 2451 3848 vt
2504 3807 2620 3847 nec

218 3892 553 3971 impetitus
598 3910 638 3950 a
680 3909 1011 3967 quoquam,
1065 3908 1178 3948 nec
1222 3887 1533 3965 impetens
1584 3907 1954 3965 quenquam,
2004 3886 2330 3946 incruento
2383 3886 2620 3946 calamo
2645 3909 2706 3958 35

217 3991 506 4053 luderem
547 3994 858 4068 perpetuo.
945 3988 1065 4048 Sed
1106 3986 1212 4047 hic
1253 3986 1349 4046 bis
1390 3986 1611 4046 infelix
1645 3985 1781 4060 fui;
1822 3985 2101 4062 primum
2137 3984 2300 4063 quod
2338 4004 2376 4045 a
2403 3984 2624 4045 multis

218 4109 365 4150 sum
416 4086 814 4147 odiosissime
870 4084 1049 4146 libris
1092 4085 1318 4145 aeditis
1368 4085 1708 4161 impetitus,
1762 4089 1946 4162 atque
1999 4083 2193 4144 etiam
2248 4082 2328 4143 ab
2382 4082 2484 4143 his
2544 4084 2621 4143 de

221 4187 456 4265 quibus
482 4184 647 4245 nihil
673 4203 953 4261 vnquam
974 4185 1217 4245 fueram
1244 4184 1409 4244 male
1436 4183 1701 4243 meritus
1724 4204 1740 4256 ;
1782 4182 2003 4242 deinde
2029 4182 2107 4242 ab
2136 4181 2252 4257 bis,
2279 4201 2434 4260 quos
2461 4181 2623 4241 mihi

220 4306 335 4346 nec
376 4282 717 4363 pulchrum
758 4285 895 4342 erat
933 4281 1194 4357 vincere,
1242 4300 1356 4342 nec
1396 4283 1841 4342 concertatores
1880 4280 2171 4340 habuisse
2216 4280 2622 4358 magnificum

223 4402 297 4442 ac
339 4402 418 4443 ne
458 4380 834 4458 frugiferum
874 4378 1146 4458 quidem.
1227 4379 1449 4457 Itaque
1489 4380 1733 4457 quoties
1774 4380 1895 4439 huc
1936 4379 2323 4440 necessitatis
2368 4379 2622 4438 adactus
2645 4401 2709 4449 40

223 4500 385 4554 sum,
430 4480 737 4554 λακωνίζω,
782 4497 917 4538 rem
958 4498 1145 4555 quam
1185 4496 1437 4553 possum
1479 4477 1687 4538 verbis
1739 4477 2132 4554 paucissimis
2177 4477 2621 4555 perstringens-

300 4608 372 4644 10.
409 4595 560 4644 enim
585 4596 705 4642 add.
729 4591 781 4645 β.
933 4605 1007 4639 ι2.
1041 4591 1241 4639 Verum
1268 4627 1279 4638 .
1304 4626 1316 4639 .
1344 4628 1357 4641 .
1384 4604 1465 4652 24.
1491 4589 1662 4640 Coleti
1687 4594 1799 4639 add.
1821 4592 1873 4644 β.
2004 4606 2085 4651 23.
2117 4606 2187 4651 γε
2221 4589 2542 4638 moderatori
2565 4591 2616 4643 β.

228 4671 312 4719 25,
337 4663 385 4709 6.
418 4674 480 4707 sc
504 4673 693 4708 mnus
713 4670 861 4707 anno
883 4659 1127 4719 proximo
1148 4660 1259 4706 add.
1282 4658 1336 4710 β.
1490 4671 1568 4718 39.
1605 4657 1997 4705 concertatores
2018 4656 2268 4706 habuisse
2290 4657 2327 4709 β
2346 4672 2359 4706 :
2395 4657 2623 4703 certasse

231 4738 354 4776 eum
377 4725 578 4776 talibu-
595 4741 647 4775 a.
