3355 5380
668 298 786 354 574
1364 290 1746 353 LETTERS
1800 290 1911 351 or
1966 288 2372 352 ERASMUS
2893 283 3090 369 [1514

665 468 796 525 tem
852 485 1042 542 quam
1100 485 1228 526 non
1282 465 1530 543 sapiant
1585 482 1790 525 mores
1843 463 1940 523 tui
1994 464 2315 525 fortunam
2370 465 2566 535 tuam,
2622 479 2951 539 quamque
3000 462 3094 523 sis

665 560 962 623 omnibus
1017 562 1310 625 iuuandis
1361 562 1719 640 expositus;
1791 561 1959 624 haud
2013 562 2309 640 ignorans
2365 560 2583 622 diuino
2640 559 2917 620 consilio
2970 560 3095 621 tibi

582 681 643 717 10
665 659 999 738 contigisse
1048 665 1122 722 vt
1165 681 1330 723 vnus
1373 662 1661 721 omnium
1716 662 2064 740 plurimum
2111 679 2341 737 posses,
2389 678 2513 735 quo
2560 677 2726 718 vnus
2782 658 3095 718 omnibus

667 776 858 835 quam
919 757 1276 835 plurimum
1336 760 1675 837 prodesses.
1764 760 1881 820 Est
1945 756 2199 819 libellus
2254 776 2555 835 perquam
2609 756 2930 835 exiguus3
2978 758 3094 817 sed

670 855 1037 918 memineris
1081 857 1529 919 minutissimis
1575 875 2030 935 nonnunquam
2069 855 2340 933 gemmis
2382 855 2732 916 maximum
2776 875 2921 916 esse
2960 876 3097 934 pre-

671 954 857 1015 cium.
949 954 1114 1030 Quin
1156 955 1360 1033 magis
1402 957 1472 1015 vt
1513 975 1658 1016 eum
1699 954 1821 1016 tibi
1857 953 2229 1032 compendio
2265 953 2719 1027 commendem,
2751 952 3097 1015 Plutarchi

671 1057 785 1129 est,
832 1073 1021 1131 quem
1066 1055 1158 1116 ita
1200 1055 1458 1115 demum
1503 1053 1855 1132 intelligam
1904 1052 2313 1129 amplitudini
2352 1055 2498 1113 tuae
2539 1051 2870 1129 placuisse,
2920 1051 2981 1109 si
3024 1051 3098 1111 li-

590 1174 649 1224 ¹5
673 1151 914 1212 bellum
940 1171 1086 1212 eum
1114 1171 1302 1229 quem
1330 1152 1500 1229 regio
1527 1151 1776 1212 nomini
1804 1150 2178 1227 nuncupaui‚
2210 1153 2275 1210 te
2311 1150 2797 1210 commendante
2831 1168 3099 1209 sensero

675 1268 805 1310 non
833 1248 1246 1327 displicuisse.

754 1348 966 1426 Atque
1002 1348 1066 1408 id
1107 1368 1350 1427 quoque
1384 1349 1475 1408 ita
1514 1346 1799 1425 liquebit,
1832 1348 1889 1408 si
1926 1347 2170 1427 negocii
2210 1347 2377 1425 quod
2419 1348 2667 1425 agimus
2706 1348 2983 1407 euentus
3025 1348 3091 1404 et

676 1448 838 1508 meis
884 1446 1051 1509 votis
1093 1450 1159 1507 et
1205 1447 1432 1508 vestris
1474 1445 1772 1524 pollicitis
1820 1445 2236 1523 respondebit.
2351 1445 2584 1506 Nullus
2638 1448 2736 1506 est
2784 1444 2891 1505 cui
2940 1443 3091 1521 plus

677 1544 901 1606 debere
931 1545 1168 1621 possim
1210 1564 1402 1623 quam
1430 1545 1587 1622 Regi
1617 1564 1839 1622 regum
1876 1545 2165 1604 omnium
2203 1543 2684 1617 florentissim03
2727 1543 2953 1605 nullus
2987 1543 3096 1603 cui

595 1665 657 1700 20
679 1642 879 1719 magis
906 1641 1126 1703 debere
1163 1642 1355 1703 velim
1391 1662 1579 1720 quam
1608 1641 1888 1720 Principi
1929 1643 2288 1720 principum
2329 1642 2617 1702 omnium
2658 1641 2923 1719 optimo,
2956 1660 3093 1719 pre·

680 1742 901 1802 sertim
949 1741 1029 1802 de
1075 1745 1291 1803 nostro
1331 1741 1651 1819 ingeniolo
1697 1744 1829 1802 tam
1877 1741 2140 1802 candide
2186 1740 2501 1817 sentienti,
2554 1744 2689 1801 tam
2738 1739 3091 1801 honorifice

681 1839 982 1918 loquenti.
1069 1840 1380 1917 Equidem
1406 1839 1757 1917 plurimum
1794 1838 1891 1900 illi
1925 1840 2051 1900 iam
2090 1840 2299 1914 debeo,
2332 1839 2500 1917 quod
2538 1859 2643 1899 me
2679 1837 2870 1900 toties
2904 1843 3094 1898 ornat

680 1936 1045 1997 testimonio
1093 1937 1265 1998 vocis
1307 1957 1468 1998 suae.
1574 1937 1729 2013 Quis
1776 1938 1950 1999 enim
1994 1957 2123 1999 non
2170 1936 2439 2015 gaudeat
2482 1939 2599 1999 tali
2643 1958 2749 1999 ore
2792 1937 3098 1998 laudari?

682 2034 838 2094 Plus
865 2037 1079 2095 tamen
1106 2033 1434 2095 debiturus
1464 2035 1604 2109 sim,
1636 2036 1693 2096 si
1729 2036 1929 2097 auctis
1965 2036 2305 2097 fortunulis
2343 2037 2576 2099 nostris
2611 2036 2804 2097 fidem
2842 2056 3100 2114 quoque

600 2154 659 2203 ²5
682 2130 976 2193 laudibus
1007 2152 1161 2211 quas
1201 2133 1363 2194 mihi
1402 2133 1627 2194 tribuit
1665 2137 1925 2195 astruat.
2008 2134 2173 2195 Nam
2215 2141 2388 2195 nunc
2427 2135 2685 2214 quidem
2729 2134 2920 2195 multi
2964 2154 3099 2197 non

684 2231 946 2292 credunt
970 2251 1075 2293 me
1102 2230 1296 2293 talem
1322 2251 1458 2294 esse
1491 2231 1745 2311 qualem
1784 2232 1894 2293 ille
1935 2232 2263 2310 praedicat,
2296 2233 2462 2311 quod
2504 2232 2893 2312 conspiciant
2933 2234 3103 2294 hanc

686 2329 1006 2391 fortunam
1031 2332 1167 2391 tam
1204 2330 1556 2409 magnificis
1589 2330 1770 2392 illius
1802 2330 2148 2408 praeconiis
2179 2351 2405 2409 parum
2441 2332 2834 2410 respondere.
2923 2331 3102 2392 Bene

687 2426 845 2503 vale,
874 2430 1179 2491 eximium
1204 2433 1267 2491 et
1294 2430 1496 2508 regiae
1522 2432 1587 2490 et
1614 2429 1811 2490 totius
1838 2430 2018 2507 regni
2046 2430 2249 2491 decus.

1559 2549 1636 2584 ω.
1662 2534 1826 2585 toties
1844 2535 1883 2590 β
1907 2551 1920 2583 =
1949 2535 2099 2583 totus
2122 2552 2170 2584 a.

699 2628 780 2636 0—-
1047 2630 1258 2637 -4--οια

1499 2681 1573 2726 14.
1607 2665 1883 2731 libellum]
1912 2665 1992 2717 cf.
2019 2667 2114 2730 Ep.
2140 2682 2253 2730 272.
