3355 5380
264 372 450 456 ¹5²4]
799 376 1201 438 ERASMUS
1255 376 1362 438 ΤΟ
1416 376 1645 438 JoHN
1702 376 2151 438 ΒΟΤΖΗΕΙΜ
2603 385 2679 439 45

265 535 413 592 sunt
466 531 659 592 amici
704 533 838 610 qui,
883 532 1048 610 quod
1091 534 1301 593 censui
1343 533 1530 609 deest,
1575 535 1874 611 supplent
1921 554 2033 595 sua
2079 534 2527 610 munificentia,
2571 536 2679 597 sed

272 631 676 691 obtrudentes
725 631 940 708 potius
980 652 1165 708 quam
1198 632 1438 693 dantes.
1524 633 1699 709 Quod
1744 633 2111 711 largiuntur,
2155 637 2389 712 negant
2427 655 2494 696 se
2534 635 2682 696 dare

272 730 549 804 ErasmO,
581 731 696 790 sed
739 729 1013 806 publicis
1048 730 1271 791 studiis
1308 730 1685 809 impendere.
1777 732 1938 792 Sunt
1972 735 2182 793 autem
2224 752 2296 793 ea
2329 733 2585 794 fortuna
2609 737 2681 794 vt

273 849 419 906 opes
470 829 738 889 illorum
792 830 957 890 hanc
1012 830 1310 890 iacturam
1357 850 1485 889 non
1542 830 1837 905 sentiant,
1890 833 2028 891 tum
2077 851 2149 891 eo
2193 832 2405 892 animo
2448 836 2522 894 vt
2565 853 2679 894 nec

273 927 615 1003 praedicari
634 928 961 1004 postulent
981 947 1156 988 suam
1178 926 1647 1005 benignitatem,
1668 949 1782 990 nec
1802 930 1901 1007 agi
1926 928 2049 989 sibi
2076 930 2305 1006 gratias
2331 930 2675 1008 patiantur;
2705 947 2735 998 5

264 1031 458 1103 atque
485 1025 605 1085 hoc
634 1025 893 1103 quidem
920 1025 1308 1103 indigniores
1336 1046 1601 1103 quorum
1630 1026 1977 1088 bonitatem
2007 1027 2246 1105 ignoret
2273 1029 2621 1106 posteritas.

353 1125 574 1186 Habes
621 1125 987 1185 thesaurum
1040 1143 1116 1185 ex
1156 1123 1504 1186 ambitiosis
1549 1126 1708 1187 meis
1760 1125 2272 1204 inscriptionibus
2318 1130 2676 1191 conflatum.

272 1224 479 1284 Locus
519 1222 625 1283 hic
666 1222 964 1284 admonet
1005 1226 1075 1283 vt
1113 1222 1433 1301 placemus
1471 1227 1535 1285 et
1574 1224 1799 1303 figulos
1841 1224 2160 1302 quosdam,
2196 1226 2304 1303 qui
2345 1226 2505 1288 mihi
2543 1247 2681 1289 con·

269 1323 431 1382 flant
478 1322 792 1383 inuidiam
838 1322 1001 1400 apud
1050 1322 1310 1398 ignaros,
1363 1322 1539 1399 quasi
1584 1342 1852 1383 messem
1907 1323 2181 1401 opimam
2236 1325 2549 1387 demetam
2603 1345 2680 1386 ex

162 1450 173 1473 ε
271 1421 667 1500 benignitate
709 1419 971 1481 Ioannis
1017 1420 1349 1494 Frobenii3
1404 1421 1507 1481 cui
1563 1441 1692 1481 non
1746 1421 1870 1482 alio
1925 1421 2184 1482 nomine
2238 1422 2441 1501 magis
2480 1424 2673 1500 faueo‚
2710 1438 2771 1475 10

270 1539 464 1597 quam
492 1520 663 1597 quod
693 1519 800 1581 vix
827 1518 988 1579 alius
1015 1518 1543 1596 typographorum
1582 1520 1817 1580 maiore
1847 1520 2053 1580 studio
2086 1525 2388 1598 propagat
2419 1522 2680 1584 honesta

268 1618 501 1692 studia,
544 1618 735 1694 idque
776 1617 926 1677 facit
966 1617 1198 1677 maiore
1238 1617 1408 1678 fama
1451 1637 1641 1695 quam
1683 1618 1871 1679 lucro.
1958 1618 2042 1679 Et
2083 1621 2248 1680 certe
2288 1638 2418 1679 non
2457 1638 2679 1696 parum

267 1716 691 1777 emolumenti
730 1734 807 1775 ex
848 1735 923 1775 eo
964 1715 1280 1793 cepissem,
1327 1715 1382 1775 si
1425 1716 1717 1794 quicquid
1761 1715 1870 1775 ille
1911 1716 2138 1778 detulit
2181 1718 2297 1793 (est
2341 1717 2514 1778 enim
2550 1738 2680 1796 per·

272 1815 614 1893 benignus)
660 1815 1049 1891 accepissem.
1154 1813 1338 1874 Nunc
1386 1814 1520 1891 ipse
1574 1813 1736 1875 mihi
1791 1814 1973 1875 testis
2025 1815 2148 1875 erit
2195 1835 2383 1894 quam
2433 1816 2552 1877 hoc
2595 1816 2679 1877 sit

271 1913 591 1990 exiguum,
639 1911 803 1989 quod
845 1911 1008 1971 mihi
1052 1909 1304 1970 obtrudi
1344 1930 1564 1988 passus
1605 1931 1793 1987 sum3
1849 1931 1965 1973 nec
2010 1912 2126 1974 hoc
2167 1916 2299 1975 erat
2340 1934 2378 1975 a
2422 1934 2527 1974 me
2569 1915 2679 1975 im·
2709 1931 2764 1982 ¹5

272 2014 650 2090 petraturus,
674 2010 798 2071 nisi
825 2010 1133 2072 docuisset
1158 2029 1297 2070 eam
1324 2009 1651 2086 pecuniam
1679 2031 1757 2070 ex
1783 2010 2074 2072 societate
2099 2012 2250 2086 dari,
2271 2015 2343 2072 vt
2369 2012 2672 2090 portione,

268 2130 434 2188 quae
472 2110 685 2188 ipsum
734 2109 1133 2186 contingeret,
1184 2108 1524 2170 minimum
1568 2111 1949 2186 grauaretur.
2035 2110 2121 2173 Et
2161 2114 2374 2172 tamen
2415 2111 2472 2171 si
2511 2111 2676 2173 nihil

272 2209 445 2269 aliud
475 2229 664 2287 quam
694 2208 1075 2268 famulorum
1116 2225 1398 2267 meorum
1426 2226 1680 2283 operam
1717 2226 1977 2284 pensare
2012 2207 2330 2282 voluisset,
2360 2208 2505 2285 plus
2543 2213 2678 2270 erat

273 2307 555 2367 dandum
585 2325 775 2384 quam
802 2305 1022 2383 accepi.
1116 2304 1245 2364 Nec
1272 2324 1556 2365 mensam
1584 2304 1747 2381 apud
1774 2304 1961 2365 illum
1988 2306 2150 2367 mihi
2177 2305 2513 2384 gratuitam
2540 2327 2676 2368 esse

275 2425 494 2481 passus
522 2425 681 2465 sum.
769 2404 934 2464 Nam
960 2404 1172 2465 decem
1199 2404 1327 2463 fere
1364 2422 1613 2464 menses
1650 2403 1720 2463 in
1747 2403 1923 2464 illius
1957 2404 2214 2466 aedibus
2239 2404 2391 2481 vixi,
2425 2406 2533 2466 sed
2558 2425 2673 2482 pro
2706 2422 2767 2458 πο

274 2504 376 2563 his
416 2503 780 2580 compulsus
820 2503 917 2560 est
941 2521 979 2561 a
1007 2521 1109 2562 me
1143 2499 1413 2576 accipere
1448 2501 1717 2562 florenos
1743 2521 1962 2562 aureos
1999 2505 2251 2564 centum
2279 2505 2343 2563 et
2371 2503 2673 2581 quinqua-

270 2602 466 2678 ginta,
500 2619 878 2678 magnopere
904 2600 1156 2677 quidem
1195 2600 1546 2673 reluctans3
1588 2601 1895 2660 maluerat
1922 2600 2094 2661 enim
2121 2603 2369 2662 tantum
2410 2601 2672 2676 addere3

272 2701 381 2761 sed
412 2703 630 2761 tamen
656 2700 1013 2776 compulsus
1039 2703 1149 2762 est.
1226 2700 1310 2760 Et
1336 2718 1416 2761 ne
1443 2699 1585 2776 quis
1610 2720 1715 2760 me
1741 2700 1949 2760 credat
1977 2719 2053 2760 ex
2082 2700 2372 2761 Frobenii
2398 2699 2677 2779 benigni·

274 2804 406 2860 tate
446 2800 734 2874 pendere,
788 2799 969 2858 testis
1015 2799 1137 2858 erit
1176 2798 1344 2859 idem
1387 2797 1751 2872 hebemus,
1806 2797 1915 2874 qui
1969 2797 2199 2858 bonam
2247 2801 2490 2875 partem
2544 2798 2676 2860 suis

276 2897 570 2957 manibus
597 2896 1029 2957 Francfordiae
1057 2917 1197 2956 meo
1235 2896 1490 2958 nomine
1517 2895 1763 2973 recepit,
1800 2916 2115 2956 summam
2142 2895 2453 2973 pecuniae,
2486 2916 2674 2973 quam
2704 2912 2762 2962 ²5

274 2995 511 3072 partim
550 2996 675 3056 huc
716 3014 963 3056 mecum
999 2995 1183 3057 attuli
1219 2999 1363 3056 ante
1399 2994 1745 3068 biennium,
1780 2994 2009 3072 partim
2047 3014 2124 3054 ex
2160 2993 2497 3055 Brabantia
2532 2994 2675 3055 mis-

271 3113 409 3152 sam
437 3092 657 3171 recepi,
679 3093 971 3153 excedere
997 3092 1169 3153 mille
1196 3096 1544 3171 nongentos
1572 3093 1840 3153 florenos
1867 3111 2103 3153 aureos.
2172 3092 2366 3154 Cuius
2394 3112 2675 3153 summae

276 3211 443 3252 nunc
474 3210 607 3251 non
633 3191 725 3251 ita
752 3190 1026 3250 multum
1054 3193 1351 3268 superest.
1440 3191 1524 3252 Et
1558 3193 1769 3250 tamen
1798 3189 2056 3250 interim
2086 3189 2372 3250 differtur
2399 3191 2675 3255 caesana

271 3290 509 3367 pensio,
542 3290 648 3350 sed
678 3289 767 3349 ita
794 3290 1082 3349 differtur
1105 3293 1176 3349 vt
1202 3293 1416 3366 parata
1439 3289 1524 3349 sit
1549 3288 1694 3349 ilico
1720 3288 2020 3349 redeunti.
2111 3288 2188 3348 Id
2215 3289 2385 3348 enim
2422 3287 2553 3349 suis
2593 3291 2672 3351 ad

274 3408 377 3448 me
403 3387 608 3448 literis
631 3387 963 3465 pollicetur
990 3387 1415 3448 illustrissima
1442 3387 1518 3448 D.
1549 3387 1903 3464 Margareta,
1929 3386 2134 3448 Caroli
2156 3385 2435 3448 Caesaris
2463 3387 2673 3448 amita.
2701 3403 2764 3453 30

269 3486 392 3547 cui
432 3506 635 3564 nuper
674 3484 919 3563 scripsit
960 3506 1037 3545 ex
1078 3484 1405 3562 Hispaniis
1445 3485 1579 3561 ipse
1620 3486 1855 3561 Caesar,
1886 3489 1957 3545 vt
1983 3485 2144 3546 mihi
2178 3488 2355 3545 extra
2389 3486 2676 3546 ordinem

273 3584 493 3661 pensio
541 3586 992 3644 numeraretur.
1080 3582 1245 3644 Nam
1295 3583 1550 3644 caeteris
1589 3583 1809 3644 officiis
1850 3583 1930 3643 ob
1970 3582 2280 3643 bellorum
2323 3602 2510 3643 onera
2549 3602 2677 3642 sus·

272 3701 504 3759 pensae
545 3685 697 3742 sunt
737 3681 1083 3760 pensiones.
1174 3681 1396 3759 Itaque
1437 3681 1546 3760 qui
1586 3680 1893 3741 Frobenio
1930 3680 2193 3756 inuidet,
2233 3683 2428 3743 certet
2466 3679 2676 3759 potius

271 3800 418 3841 cum
461 3779 579 3840 illo
622 3779 980 3854 benefactis,
1025 3783 1089 3840 et
1136 3779 1411 3840 vincenti
1454 3779 1821 3840 fauebimus.
1911 3779 2090 3840 Certe
2135 3778 2311 3839 nulla
2356 3796 2538 3838 causa
2580 3779 2677 3838 est

275 3898 435 3955 quur
474 3879 639 3939 mihi
680 3878 855 3939 illius
892 3877 1237 3939 amicitiam
1277 3877 1609 3956 quisquam
1650 3877 1949 3938 inuideat.
2037 3877 2139 3937 Sic
2179 3897 2290 3954 per
2322 3876 2508 3938 illum
2541 3896 2676 3953 pro·
2702 3895 2762 3944 35

278 3996 419 4037 sum
460 3976 692 4037 studiis
716 3979 790 4037 vt
828 3976 1068 4036 nemini
1109 3995 1365 4036 noceam
1407 3978 1516 4036 aut
1553 3975 1798 4035 obstem
1840 3978 1915 4037 εἰς
1955 3977 2166 4050 ἅφενον
2204 3973 2515 4034 σπεύδοντι·
2559 3992 2675 4033 nec

281 4073 484 4135 vllum
509 4074 674 4135 mihi
694 4094 840 4135 cum
860 4074 972 4135 illo
999 4075 1214 4135 foedus
1232 4077 1329 4135 est
1346 4077 1589 4152 praeter
1608 4073 1872 4133 liberam
1898 4094 1967 4134 ac
1993 4076 2280 4133 mutuam
2305 4070 2675 4134 beneuolen-

283 4172 449 4248 tiam,
483 4192 609 4254 qua
643 4191 772 4233 non
807 4172 1010 4249 patiar
1045 4192 1148 4232 me
1186 4192 1225 4233 a
1263 4191 1571 4249 quoquam
1620 4171 1916 4248 superari,
1949 4171 2003 4231 si
2045 4171 2186 4248 quis
2226 4169 2667 4248 prouocauerit.

280 4270 543 4332 Reddidi
580 4271 747 4331 bona
780 4269 904 4332 fide
934 4272 1276 4345 rationem;
1318 4290 1587 4349 aequum
1627 4273 1724 4331 est
1749 4273 1820 4330 vt
1860 4270 2151 4332 desinant
2183 4271 2669 4331 obmurmurare.

284 4367 449 4430 Haec
461 4368 696 4430 misera
710 4368 1044 4429 necessitas
1062 4387 1178 4429 nos
1192 4367 1396 4445 habet,
1411 4368 1520 4446 qui
1536 4368 1715 4429 libris
1733 4367 1952 4429 aeditis
1959 4366 2190 4446 populo
2199 4366 2476 4427 fabulam
2494 4385 2676 4443 agere
2700 4384 2764 4432 40

282 4468 609 4544 coepimus,
642 4469 718 4529 vt
743 4485 964 4526 omnes
989 4467 1171 4527 nobis
1198 4466 1484 4543 placandi
1512 4466 1643 4528 sint
1658 4466 1759 4527 vel
1786 4465 2041 4527 infimae
2068 4464 2266 4542 plebis
2295 4464 2600 4524 homines.

361 4566 620 4645 Scripsit
645 4564 810 4626 mihi
839 4564 910 4626 R.
935 4565 1011 4626 D.
1035 4564 1281 4626 Ennius
1308 4565 1629 4643 episcopus
1648 4564 2018 4639 verulanus,
2042 4563 2180 4623 istic
2209 4582 2340 4622 esse
2361 4562 2674 4639 quendam

288 4665 386 4740 qui
411 4665 786 4745 polliceatur
812 4663 1163 4725 certissima
1197 4663 1470 4725 remedia
1505 4662 1743 4739 calculi,
1778 4665 1952 4723 tanta
1981 4662 2132 4721 artis
2162 4659 2386 4720 fiducia
2413 4661 2485 4718 vt
2515 4657 2675 4717 nolit
