3355 5380
297 408 483 494 1500]
599 414 704 474 TO
759 414 1163 476 WILLIAM
1219 415 1579 490 BLOUNT,
1637 415 1864 475 LORD
1922 413 2386 475 MOUNTJOY
2568 416 2679 470 291

287 569 644 633 luminibus
705 571 1159 646 illustrandam,
1218 574 1322 634 vel
1375 571 1814 649 allegoriarum
1867 574 1931 632 et
1989 570 2370 630 allusionum
2417 567 2692 630 flosculis

286 670 744 748 variegandam,
767 670 870 731 vel
889 671 1284 748 antiquitatis
1303 670 1614 731 illecebris
1631 670 2095 748 aspergendam,
2118 689 2307 747 quam
2329 667 2691 728 huiusmodi

286 767 750 848 paroemiarum
827 769 1095 829 diuitem
1171 770 1607 848 copiosamque
1686 768 2184 847 suppellectilem
2257 771 2321 828 et
2390 770 2688 844 tanquam

285 887 524 946 penum
571 867 884 944 quendam
928 872 1288 930 extructum
1334 868 1627 945 domique
1675 867 2023 945 repositum
2066 866 2341 927 habere?
2396 866 2562 926 vnde
2609 865 2687 924 ad

286 985 541 1026 omnem
585 967 891 1027 rationem
929 987 1080 1045 qum
1112 968 1275 1029 velis
1310 967 1635 1044 depromas
1666 966 1833 1043 quod
1868 967 1974 1025 aut
2011 965 2168 1024 scita
2202 968 2470 1042 aptaque
2501 967 2690 1023 meta-
2716 976 2781 1026 40

288 1063 483 1140 phora
510 1063 888 1139 blandiatur,
914 1068 1025 1125 aut
1050 1066 1241 1126 dicaci
1268 1065 1395 1127 sale
1422 1067 1718 1138 mordeat,
1746 1067 1856 1124 aut
1883 1066 2065 1124 acuta
2090 1062 2398 1123 breuitate
2428 1062 2685 1140 placeat,

286 1163 397 1221 aut
424 1161 600 1221 breui
627 1163 912 1222 acumine
941 1164 1222 1240 delectet,
1252 1168 1363 1225 aut
1396 1164 1675 1225 nouitate
1712 1166 1823 1223 aut
1849 1165 2164 1224 vetustate
2196 1161 2684 1234 commendetur,

287 1264 400 1320 aut
437 1261 736 1321 varietate
776 1261 1030 1337 alliciat,
1077 1266 1186 1322 aut
1232 1263 1538 1324 allusione
1584 1262 1782 1322 faceta
1820 1260 2037 1321 titillet
2077 1264 2535 1339 agnoscentem,
2580 1262 2689 1319 aut

288 1358 665 1419 obscuritate
719 1360 973 1420 demum
1028 1360 1164 1439 ipsa
1218 1360 1514 1422 lectorem
1568 1361 1936 1422 oscitantem
1994 1359 2459 1436 expergefaciat.
2545 1358 2687 1418 Iam

286 1475 434 1516 vero
493 1457 636 1533 quis
690 1458 888 1518 nescit
947 1462 1273 1537 precipuas
1325 1459 1623 1520 orationis
1681 1462 1820 1518 tum
1884 1476 2028 1534 opes
2095 1461 2235 1517 tum
2297 1457 2548 1517 delicias
2618 1456 2686 1515 in
2713 1469 2775 1520 45

284 1555 638 1630 sententiis,
673 1557 1075 1634 metaphoris,
1114 1556 1442 1636 parabolis,
1488 1557 1953 1635 paradigmatis,
1993 1555 2314 1633 exemplis,
2353 1554 2681 1628 similibus,

283 1653 665 1732 imaginibus
705 1658 891 1733 atque
934 1657 998 1716 id
1042 1675 1240 1734 genus
1282 1655 1616 1716 schematis
1656 1656 1809 1716 sitas
1846 1657 2030 1715 esse?
2086 1674 2206 1731 que
2246 1672 2398 1731 qum
2441 1672 2689 1731 semper

283 1753 690 1814 vehementer
715 1755 1052 1815 honestant
1073 1755 1430 1828 dictionem,
1452 1757 1594 1816 tum
1616 1753 2053 1814 incredibilem
2072 1753 2367 1814 adferunt
2389 1756 2684 1813 ornatum

282 1854 343 1910 et
369 1851 659 1927 gratiam,
686 1852 929 1929 quoties
955 1853 1083 1913 iam
1106 1853 1425 1913 communi
1444 1871 1753 1912 consensu
1778 1852 2110 1929 receptain
2131 1850 2308 1928 vulgi
2327 1870 2683 1912 sermonem

284 1949 594 2011 abierunt.
700 1950 998 2011 Libenter
1051 1953 1225 2011 enim
1279 1951 1456 2012 audit
1509 1951 1772 2028 quisque
1830 1951 1993 2027 quod
2050 1950 2346 2027 agnoscit,
2408 1951 2681 2011 maxime
2711 1961 2775 2011 50

282 2067 433 2107 vero
472 2048 527 2108 si
571 2049 904 2108 vetustatis
953 2047 1411 2109 commendatio
1459 2048 1728 2125 quedam
1772 2048 2037 2120 accedat,
2076 2048 2133 2109 si
2168 2048 2422 2126 quidem
2463 2048 2681 2127 adagia

281 2166 414 2207 non
440 2145 623 2208 aliter
647 2166 838 2223 quam
863 2147 1013 2208 vina
1040 2147 1118 2207 ab
1145 2149 1310 2207 etate
1337 2147 1618 2224 precium
1643 2148 1975 2224 accipiunt.

363 2245 578 2323 Neque
603 2246 682 2305 ad
706 2245 944 2306 cultum
974 2247 1159 2306 modo
1184 2246 1440 2308 faciunt.
1515 2245 1757 2306 Neruos
1781 2266 2024 2324 quoque
2046 2266 2173 2306 non
2201 2245 2415 2306 minus
2439 2245 2680 2317 iuuant,

280 2362 476 2420 eoque
504 2343 738 2404 Fabius
764 2363 836 2404 ea
873 2364 1002 2404 non
1037 2345 1241 2405 solum
1269 2345 1336 2403 in
1366 2345 1446 2404 iis
1473 2347 1764 2405 numerat
1792 2344 2023 2421 quibus
2057 2344 2442 2404 exhilaretur
2477 2344 2677 2416 iudeX,

277 2444 341 2501 et
394 2442 465 2501 in
515 2440 770 2518 figuris;
829 2439 937 2503 sed
993 2443 1160 2503 inter
1212 2447 1584 2521 argumenta
1636 2443 2019 2520 paroemiam
2072 2442 2421 2521 plurimum
2475 2443 2683 2502 valere
2708 2462 2769 2514 55

274 2542 475 2616 putat,
549 2543 683 2601 siue
752 2540 943 2601 fidem
1018 2542 1216 2601 facere
1292 2542 1522 2617 cupias,
1594 2541 1731 2602 siue
1805 2540 2234 2601 aduersarium
2302 2539 2681 2618 prouerbiali

277 2637 540 2699 dicterio
593 2637 873 2716 repellas,
922 2639 1058 2700 siue
1105 2645 1216 2699 tua
1262 2638 1528 2707 munias.
1619 2639 1784 2715 Quid
1834 2640 2006 2701 enim
2053 2639 2438 2717 probabilius
2491 2657 2679 2716 quam

276 2737 445 2813 quod
484 2756 669 2797 nemo
712 2757 840 2797 non
885 2737 1088 2798 dicit?
1136 2737 1337 2812 Quem
1374 2740 1470 2798 tot
1511 2742 1808 2812 aetatum,
1841 2741 1936 2798 tot
1978 2739 2308 2798 nationum
2341 2756 2681 2798 consensus

274 2854 404 2895 non
432 2838 796 2912 pei-moueat
813 2838 846 2896 ’Β
885 2835 1176 2914 Allegata
1198 2836 1347 2896 haec
1375 2856 1411 2895 a
1438 2855 1542 2896 me
1570 2835 1780 2913 operis
1807 2855 2017 2897 amore
2048 2836 2394 2908 videantur,
2429 2834 2557 2893 nisi
2582 2854 2681 2894 res

273 2932 413 3009 ipsa
439 2933 668 2995 clamat
695 2954 771 2993 ex
795 2938 1119 2995 auctorum
1149 2933 1326 2994 omni
1352 2953 1596 3011 genere,
1625 2937 1698 2994 vt
1724 2935 1987 3011 quisque
2024 2933 2297 2993 maxime
2333 2930 2677 3009 precelluit,
2704 2937 2770 2989 60

275 3028 366 3090 ita
396 3032 750 3108 prouerbiis
794 3032 1162 3094 huiusmodi
1200 3032 1471 3092 maxime
1507 3031 1704 3093 fuisse
1732 3031 2129 3092 delectatum.
2224 3030 2361 3091 Iam
2398 3031 2677 3107 primum

275 3128 430 3205 quid
479 3129 666 3190 habet
716 3130 885 3191 orbis
925 3132 1213 3192 Platonis
1261 3130 1364 3191 vel
1413 3129 1693 3191 oratione
1747 3130 2076 3191 facundius
2122 3130 2220 3190 vel
2279 3129 2679 3207 philosophia

273 3226 609 3289 diuinius‘?
657 3229 747 3289 At
782 3228 837 3289 is
879 3229 1155 3306 dialogos
1196 3247 1357 3302 suos,
1390 3227 1554 3287 bone
1590 3229 1777 3302 Deus,
1812 3229 2069 3304 quantis
2104 3229 2182 3288 de
2222 3228 2423 3302 rebus,
2462 3231 2677 3287 tamen

273 3326 508 3387 crebris
542 3327 778 3406 adagiis
804 3328 1001 3388 veluti
1037 3326 1308 3388 stellulis
1340 3326 1717 3404 quibusdam
1754 3326 2163 3404 interspersit,
2196 3330 2267 3387 vt
2294 3347 2394 3386 me
2421 3326 2674 3405 quidem

275 3423 454 3484 nulla
505 3426 763 3502 perinde
822 3426 1139 3486 comoedia
1190 3428 1262 3484 vt
1327 3424 1518 3485 huius
1574 3423 1937 3502 philosophi
1995 3425 2338 3503 disputatio
2392 3425 2668 3486 delectet.
2700 3425 2763 3491 65

271 3524 438 3585 Tum
480 3523 763 3600 Plautus„
808 3524 1027 3585 vnicae
1072 3523 1305 3584 theatri
1346 3523 1616 3598 deliciae,
1663 3542 1854 3599 quam
1897 3522 2129 3601 vbique
2175 3526 2371 3584 scatet
2416 3524 2672 3602 adagiis,

267 3641 465 3700 quam
492 3641 685 3699 prope
712 3622 879 3682 nihil
904 3622 1057 3681 dicit
1089 3622 1257 3698 quod
1286 3640 1415 3680 non
1442 3621 1553 3680 aut
1588 3638 1625 3679 a
1652 3620 1829 3698 vulgi
1855 3640 2143 3681 sermone
2176 3622 2534 3699 sumpserit,
2565 3626 2675 3683 aut

266 3720 493 3782 statim
535 3719 611 3779 de
647 3720 962 3796 proscenio
989 3720 1058 3779 in
1088 3719 1266 3796 vulgi
1301 3738 1660 3778 sermonem
1690 3719 1943 3780 cesserit
1966 3742 1981 3792 ;
2029 3723 2100 3779 vt
2127 3720 2245 3780 hac
2272 3720 2671 3797 potissimum

267 3818 510 3880 virtute
578 3818 899 3878 Musarum
964 3818 1208 3895 eloquio
1273 3818 1571 3877 meruerit
1626 3817 1858 3894 equari.
1965 3818 2347 3879 Therentius
2408 3818 2675 3879 artificio

267 3917 501 3978 Plauto
569 3917 851 3994 superior
904 3936 1031 3977 non
1086 3920 1218 3975 tam
1281 3916 1516 3992 passim
1570 3915 1823 3992 quidem
1888 3916 2235 3993 prouerbiis
2287 3916 2505 3991 vtitur,
2563 3916 2673 3976 sed
2702 3926 2764 3980 70

264 4015 802 4094 exquisitioribus.
888 4015 997 4074 An
1053 4034 1181 4075 non
1235 4014 1319 4074 M.
1369 4016 1585 4088 Varro,
1643 4013 1744 4073 vir
1796 4016 2205 4091 vndecunque
2260 4013 2671 4088 doctissimus,

265 4113 763 4192 prouerbialibus
804 4112 1084 4174 dicteriis
1130 4114 1282 4173 adeo
1328 4117 1425 4173 est
1464 4111 1820 4185 delectatus,
1874 4115 1945 4173 vt
1994 4113 2362 4190 Satyrarum
2415 4132 2673 4173 suarum

263 4215 405 4272 tum
447 4213 820 4289 argumenta
859 4214 1000 4272 tum
1039 4211 1479 4288 inscriptiones
1513 4230 1642 4271 non
1680 4210 1937 4271 aliunde
1976 4210 2322 4288 petiuerit?
2369 4230 2404 4269 e
2446 4210 2671 4287 quibus

265 4309 539 4371 subinde
577 4309 852 4369 citantur
891 4310 1098 4369 adhuc
1137 4309 1266 4386 ille,
1308 4310 1432 4373 ὄνος
1468 4311 1610 4386 πρὸς
1647 4310 1839 4386 λύραν,
1875 4309 2048 4389 γνῶθι
2079 4310 2333 4378 σεαυτόν,
2363 4308 2445 4372 δὶς
2482 4308 2673 4371 παῖδες

333 4446 415 4493 37.
451 4430 833 4494 variegandam
856 4448 918 4481 a:
955 4430 1273 4481 variandam
1295 4432 1347 4485 β.
1613 4431 1695 4492 4⁶·
1731 4431 2001 4479 similibus
2023 4447 2086 4479 a:
2131 4429 2590 4480 similitudinibus
2611 4431 2664 4482 β.

263 4511 350 4560 55.
382 4500 438 4546 et
461 4512 554 4546 orn.
576 4499 629 4551 β.
827 4511 909 4559 59.
944 4499 981 4551 β
1005 4513 1019 4545 :
1052 4497 1304 4546 Alleuata
1326 4513 1372 4545 α.
1573 4511 1652 4558 74.
1688 4495 1795 4545 ὄνος
1815 4494 1928 4559 πρὸς
1948 4495 2105 4559 λύραν
2127 4514 2158 4543 α
2179 4514 2193 4546 :
2232 4494 2340 4544 ὄνος
2361 4493 2509 4559 λύρας
2528 4496 2582 4549 β.

332 4662 414 4709 54.
454 4644 680 4709 Fabius]
717 4646 797 4696 cf.
837 4646 1021 4708 Quint.
1060 4650 1184 4698 Inst.
1219 4663 1265 4709 5.
1306 4661 1379 4697 11.
1418 4661 1482 4709 37
1517 4646 1627 4696 and
1661 4662 1742 4708 41,
1783 4646 1983 4708 quoted
2020 4647 2079 4695 in
2113 4645 2208 4695 the
2243 4644 2446 4694 introd.
2484 4646 2538 4693 to
2571 4642 2666 4692 the

264 4715 517 4775 maiades,
543 4712 649 4765 LB.
675 4713 732 4761 ii.
760 4726 789 4772 7
813 4725 897 4760 na.
