3355 5380
248 375 419 459 1498]
945 378 1053 441 'ro
1094 377 1493 441 WILLIAM
1536 376 1911 439 HERMAN
2513 379 2632 436 217

242 556 356 599 non
392 536 580 597 modo
607 535 1037 596 vetustissima
1066 534 1523 599 necessitudine
1554 533 1984 607 verumetiam,
2015 533 2178 611 quod
2208 532 2634 595 arctissimum

241 654 343 713 ego
376 635 703 696 vinculum
739 635 910 711 puto,
940 633 1297 694 studiorum
1333 633 1629 695 societate
1665 630 2179 693 coniunctissimo
2196 633 2228 695 ‘3
2296 631 2636 709 Deplorare

244 733 515 796 fortunas
541 753 714 793 meas
741 732 944 810 magis
970 732 1128 793 libet
1154 752 1344 809 quam
1372 735 1435 791 te
1464 731 1803 792 confutare.

315 832 402 892 At
450 830 593 893 vide
640 829 914 905 interim,
963 849 1207 908 quaes0,
1258 849 1449 907 quam
1497 830 1727 889 merito
1774 849 1878 889 me
1927 828 2191 890 incuses·
2275 828 2636 891 Indicatum

242 931 343 1003 est,
371 928 577 990 nescio
615 948 653 989 a
687 948 825 1006 quo,
859 949 960 989 me
997 928 1118 988 tibi
1152 927 1557 1004 indignatum
1591 927 1814 989 abisse.
1900 927 2207 1002 Primum,
2242 947 2354 988 cur
2387 932 2459 989 tu
2495 926 2638 988 istis
2668 940 2728 992 15

241 1026 542 1088 indicibus
594 1026 797 1088 credis
845 1029 977 1094 tam
1027 1024 1207 1086 facile
1224 1027 1257 1086 ⁴?
1326 1026 1465 1085 tum
1509 1025 1567 1085 si
1613 1026 1889 1086 maxime
1929 1025 2228 1103 indigner
2261 1026 2431 1102 (vtar
2464 1026 2639 1087 enim

241 1144 309 1184 eo
334 1123 523 1184 verbo
547 1124 861 1185 inuidioso
888 1145 1012 1203 quo
1038 1127 1112 1184 tu
1139 1123 1372 1201 vteris),
1405 1143 1517 1184 cur
1542 1123 1608 1184 id
1646 1144 1775 1185 non
1812 1123 2056 1202 quaeris
2087 1124 2314 1201 potius,
2348 1125 2644 1202 quamob-

241 1240 371 1282 rem
411 1220 528 1281 tibi
573 1222 915 1300 indigner?
995 1221 1406 1299 Expostulaui
1450 1224 1661 1283 tecum
1708 1223 1955 1299 saepius
2002 1242 2112 1300 per
2158 1222 2391 1298 literas,
2440 1242 2641 1301 nuper

242 1318 422 1380 etiam
457 1340 683 1395 coram,
715 1321 882 1400 quod
917 1339 1187 1381 cessares
1218 1320 1287 1379 in
1313 1319 1534 1395 literis,
1568 1320 1730 1398 quod
1760 1319 1924 1380 nihil
1952 1321 2062 1380 tuo
2090 1319 2344 1399 ingenio
2369 1322 2639 1399 dignum

240 1415 564 1479 molireris.
650 1418 968 1480 Hortabar
1008 1421 1079 1478 vt
1121 1436 1311 1496 quam
1350 1417 1626 1478 maxime
1673 1418 1954 1479 nominis
1999 1418 2461 1482 immortalitati
2506 1440 2641 1481 con·
2669 1432 2735 1468 20

239 1513 482 1589 sulem,
513 1516 752 1596 aliquid
782 1518 1116 1578 excuderes
1141 1515 1267 1577 tale
1305 1515 1489 1594 quale
1520 1536 1738 1577 omnes
1769 1517 1883 1577 abs
1908 1519 1972 1577 te
1999 1521 2433 1596 expectarent;
2475 1518 2640 1580 nihil

238 1615 372 1673 tuae
404 1614 643 1692 gloriae
676 1617 1101 1694 anteponeres,
1129 1614 1556 1692 voluptatulas
1590 1614 1744 1675 istas
1778 1616 1970 1676 inerti
2005 1616 2197 1693 vulgo
2231 1617 2638 1696 relinqueres.

237 1709 300 1770 Si
322 1711 475 1773 haec
504 1715 658 1773 sunt
685 1714 962 1774 hominis
986 1732 1103 1775 suo
1130 1713 1457 1774 commodo
1487 1713 1887 1788 consulentis,
1922 1714 1978 1773 si
2005 1714 2264 1790 inimici,
2288 1715 2345 1776 si
2371 1716 2640 1793 superbi,

236 1809 392 1871 nihil
431 1811 658 1873 refello
699 1832 833 1889 quo
863 1812 1076 1872 minus
1114 1815 1188 1872 tu
1228 1831 1331 1871 me
1378 1812 1516 1872 iure
1559 1812 1932 1873 criminatus
1978 1813 2184 1874 fueris.
2269 1813 2386 1874 Sin
2433 1815 2645 1892 potius

234 1910 503 1970 amantis
544 1913 609 1970 et
648 1910 743 1971 tui
784 1909 1063 1971 nominis
1102 1908 1471 1984 auidissimi,
1510 1912 1574 1969 et
1615 1909 1842 1971 melius
1882 1910 2076 1970 etiam
2117 1911 2194 1970 de
2234 1914 2300 1971 te
2341 1932 2531 1989 quam
2572 1914 2645 1973 tu
2671 1926 2735 1975 ²5

233 2005 359 2082 ipse
426 2007 670 2068 sentias
739 2006 1084 2080 sentientis,
1143 2007 1293 2085 quid
1355 2010 1428 2068 tu
1489 2006 1801 2068 eiusmodi
1865 2007 2143 2071 hominis
2211 2008 2645 2070 infelicitatem

230 2105 545 2167 atrocibus
592 2107 785 2167 etiam
831 2105 1017 2175 dictis
1062 2104 1324 2166 incessis
1341 2107 1373 2166 Ῥ
1463 2105 1532 2165 Si
1581 2105 1732 2184 quid
1779 2105 1850 2166 in
1897 2108 1960 2168 te
2008 2126 2152 2167 sum
2198 2108 2641 2181 stomachatus,

231 2201 292 2260 id
332 2223 544 2264 vnum
584 2205 721 2263 erat
757 2203 830 2263 in
869 2222 1068 2279 causa,
1116 2204 1280 2280 quod
1327 2205 1401 2264 tu
1448 2224 1576 2265 non
1621 2203 1789 2267 tanti
1835 2204 2160 2281 ingenium
2200 2208 2385 2266 tuum
2427 2205 2650 2284 quanti

230 2320 339 2379 ego
384 2304 671 2364 facerem
713 2302 965 2363 faceres.
1070 2302 1193 2364 Sed
1242 2302 1466 2378 odiose,
1516 2303 1743 2382 inquis,
1793 2303 2107 2365 obtundis.
2210 2303 2401 2365 Nulla
2451 2304 2647 2382 igitur

227 2402 410 2462 venia
445 2403 690 2480 dignus
726 2404 824 2462 est
859 2401 967 2480 qui
1001 2400 1527 2480 intemperantius
1568 2404 1786 2463 amat?
1853 2401 1998 2462 Non
2034 2402 2211 2463 vides
2242 2402 2405 2464 hanc
2436 2422 2647 2464 meam
2673 2417 2741 2466 30

224 2496 707 2576 improbitatem
735 2500 813 2561 ab
840 2499 1156 2560 immensa
1176 2499 1445 2578 quadam
1473 2499 1707 2577 gloriae
1729 2502 1872 2561 tuae
1897 2499 2240 2578 cupiditate
2266 2501 2647 2578 profectam?

224 2596 404 2660 Nunc
430 2598 736 2660 studium
763 2600 834 2660 in
860 2602 925 2660 te
952 2618 1169 2660 meum
1204 2597 1368 2659 ferre
1404 2616 1601 2676 aequo
1635 2598 1850 2660 animo
1877 2618 2005 2658 non
2035 2600 2228 2675 potes,
2260 2598 2369 2678 qui
2394 2598 2649 2661 fastidia

218 2715 520 2778 persaepe
562 2697 785 2759 tulisti.

297 2796 469 2872 Quid
507 2800 734 2859 autem
767 2796 892 2856 sibi
928 2795 1151 2858 volunt
1188 2796 1380 2857 verba
1416 2795 1545 2871 illa,
1586 2796 1679 2856 mi
1711 2794 2044 2869 Gulielme,
2083 2793 2649 2870 ‘Quemadmodum

219 2892 409 2957 isthic
439 2895 656 2969 viuas,
689 2895 824 2972 ipse
863 2894 985 2955 scis
1032 2913 1147 2958 nec
1190 2914 1304 2973 ego
1348 2895 1606 2972 ignoro.’
1687 2896 1790 2955 Me
1834 2893 2154 2965 miserum,
2197 2912 2387 2970 quam
2434 2894 2649 2952 metuo
2676 2906 2741 2958 35

218 3012 295 3056 ne
334 2998 413 3058 tu
453 3015 572 3057 me
611 2993 722 3055 hic
762 2993 1039 3055 ociosum
1074 2993 1357 3071 ineptire,
1400 2993 1701 3054 obsonare
1738 2996 1926 3071 atque
1966 3011 2177 3053 amare
2224 2991 2474 3052 credas!
2554 2990 2650 3051 Tu

218 3111 379 3168 vero,
431 3095 537 3158 mi
588 3092 929 3170 Gulielme,
975 3092 1314 3154 Erasmum
1351 3112 1481 3153 non
1522 3093 1811 3170 ineptum
1850 3092 1960 3153 sed
2000 3090 2429 3153 miserrimum
2464 3090 2648 3167 finge,

216 3194 279 3250 et
311 3192 531 3269 illum,
569 3211 770 3271 quem
804 3193 877 3253 tu
913 3191 1331 3268 praefractum
1368 3190 1680 3269 appellare
1717 3190 1974 3265 solebas,
2005 3189 2134 3250 iam
2170 3189 2356 3267 plane
2383 3188 2652 3250 fractum

211 3293 272 3350 et
311 3291 797 3354 exanimatum.
880 3290 1045 3351 Cane
1083 3309 1187 3350 me
1227 3291 1302 3350 tu
1339 3288 1442 3349 vel
1483 3308 1563 3349 ex
1602 3288 1921 3350 veteribus
1962 3286 2245 3349 moribus
2282 3287 2386 3347 vel
2426 3305 2504 3347 ex
2545 3288 2655 3346 tua

211 3388 520 3452 felicitate
574 3388 885 3451 metiaris.
971 3387 1149 3465 Quod
1197 3391 1413 3449 autem
1457 3387 1713 3450 Gaudae
1752 3386 1939 3464 paulo
1986 3386 2244 3447 liberius
2287 3388 2497 3446 tecum
2540 3404 2653 3462 pro
2678 3399 2746 3451 40

209 3492 430 3552 nostra
467 3486 926 3550 familiaritate
958 3485 1330 3564 garriebam,
1366 3506 1506 3547 eam
1539 3486 1839 3564 loquendi
1882 3485 2298 3564 petulantiam
2338 3484 2443 3545 vel
2479 3483 2647 3558 vino,

210 3606 331 3663 quo
378 3591 537 3649 tum
591 3589 681 3647 vt
726 3586 848 3646 scis
890 3605 1074 3664 saepe
1119 3584 1372 3646 madere
1419 3583 1806 3662 cogebamur,
1859 3584 1961 3644 vel
2009 3583 2396 3644 valetudinis
2442 3582 2655 3644 studio

206 3684 489 3749 tribuere
559 3683 887 3757 debebas;
955 3702 1148 3761 quam
1207 3685 1279 3744 vt
1340 3682 1596 3760 penitus
1663 3682 2112 3764 confirmarem,
2175 3681 2507 3757 paululum
2577 3681 2654 3740 de

206 3785 487 3860 pristina
545 3783 737 3844 vitae
788 3782 1122 3843 seueritate
1175 3779 1452 3859 prudens
1505 3780 1887 3841 remiseram.
1999 3780 2331 3842 Caeterum
2386 3779 2443 3839 is
2495 3778 2655 3838 mihi

203 3887 294 3948 est
334 3885 643 3959 animus,
681 3883 751 3941 vt
792 3881 1063 3958 ineptire
1104 3881 1160 3941 si
1198 3880 1385 3941 liceat
1421 3878 1657 3953 nolim3
1707 3899 1778 3939 ea
1813 3897 2067 3939 rursum
2102 3897 2313 3938 rerum
2360 3876 2648 3951 conditi0,
2681 3893 2746 3942 45

273 4036 348 4072 12.
392 4037 501 4087 ego
522 4024 657 4071 aad.
692 4020 766 4070 0¹.
931 4035 1005 4081 14.
1046 4033 1244 4082 quaeso
1268 4020 1338 4080 te,
1366 4033 1531 4080 quam
1558 4015 1627 4068 Ο“.
1783 4031 1860 4079 15.
1896 4031 1994 4066 cur
2015 4021 2090 4067 Γ.
2124 4018 2220 4080 qui
2244 4018 2303 4066 Ε.
2459 4017 2535 4065 16.
2572 4015 2655 4063 in-

205 4086 400 4151 dignor
426 4089 501 4140 0¹.
707 4100 785 4147 17.
819 4099 917 4134 cur
937 4089 1013 4134 F:
1045 4086 1143 4146 qui
1166 4087 1225 4133 Ε.
1347 4084 1404 4132 id
1428 4099 1517 4133 om.
1542 4083 1613 4134 0¹.
1735 4084 1951 4144 quaeris
1972 4086 2052 4131 N:
2085 4082 2267 4145 queris
2291 4085 2365 4130 F:
2398 4080 2572 4129 credis
2596 4084 2653 4131 Ε.

214 4154 284 4202 i8.
324 4154 612 4217 indigner
637 4155 704 4201 H
720 4168 733 4198 =
768 4151 1027 4212 indignor
1047 4148 1165 4200 1:0¹.
1242 4155 1251 4158 “
1374 4164 1450 4198 22.
1490 4149 1654 4198 inerti
1677 4152 1794 4198 aad.
1821 4148 1888 4197 0¹.
2022 4149 2361 4211 relinqueres
2382 4150 2456 4195 F:
2489 4145 2656 4194 relin-

206 4231 378 4280 quem
399 4223 463 4272 Ε.
749 4218 830 4265 28.
869 4215 928 4264 id
950 4219 1028 4265 B:
1060 4216 1164 4264 hoc
1188 4215 1257 4265 0¹.
1444 4215 1504 4262 in
1528 4229 1687 4264 causa
1707 4230 1798 4263 om.
1828 4212 1897 4262 0¹.
2137 4228 2217 4274 34.
2256 4213 2421 4261 verba
2440 4215 2553 4261 add.
2584 4213 2652 4260 Ο“.

207 4286 283 4334 mi
303 4285 606 4337 Gulielme
630 4298 736 4332 om.
766 4282 838 4332 0¹.
1057 4283 1141 4343 36.
1177 4281 1438 4329 obsonare
1462 4283 1575 4329 add.
1606 4279 1676 4329 0¹.
1896 4281 1977 4340 38.
2015 4294 2175 4341 quem
2200 4278 2333 4327 olim
2357 4277 2655 4326 infractum

206 4351 536 4414 appellitare
574 4349 809 4399 solebas
842 4346 910 4398 0¹.
1215 4360 1294 4407 39.
1349 4349 1412 4395 tu
1447 4349 1563 4394 aad.
1603 4349 1683 4395 H:
1735 4359 1826 4394 om.
1864 4343 1983 4394 E01.
2179 4344 2423 4393 moribus
2455 4358 2546 4391 om.
2584 4341 2652 4390 0¹.

207 4431 285 4477 40.
321 4417 563 4469 Gondae
591 4415 679 4467 0¹.
777 4428 858 4474 42.
897 4410 1205 4463 valetudini
1226 4413 1287 4460 in
1310 4409 1494 4461 studio
1517 4408 1590 4460 0¹.
1684 4427 1765 4473 44.
1801 4411 2065 4474 pristinae
2093 4409 2165 4459 0¹.
2252 4423 2333 4472 45.
2376 4422 2561 4456 rursus
2586 4406 2657 4456 0¹.

271 4584 352 4631 19.
387 4564 683 4630 cessares]
715 4562 800 4613 Cf.
828 4563 928 4626 Ep.
954 4564 1032 4623 78.
1060 4578 1136 4626 13,
1162 4579 1213 4624 4.
1511 4560 1810 4625 particular
1829 4558 2085 4609 facilities
2107 4559 2189 4608 for
2216 4558 2502 4620 obtaining
2535 4556 2663 4606 beer

267 4638 352 4699 38.
390 4629 828 4701 praefractum]
853 4627 933 4679 cf.
960 4629 1059 4692 Ep.
1084 4643 1164 4690 33.
1193 4630 1276 4690 38.
1512 4627 1623 4677 and
1647 4627 1811 4677 wine.
1876 4627 1974 4676 See
1997 4626 2071 4675 Η.
2093 4641 2142 4675 v.
2162 4624 2351 4687 R(yn)‚
2368 4627 2494 4672 Hine.
2520 4622 2662 4670 um‘e

269 4719 354 4762 4¹·
392 4700 569 4766 vino]
607 4698 745 4747 The
782 4694 975 4745 monks
1007 4694 1068 4744 of
1094 4695 1268 4759 Steyn
1302 4694 1412 4745 had
1519 4696 1797 4743 &manache
1819 4695 2027 4754 Biodom,
2055 4690 2273 4753 Leiden,
2297 4702 2438 4751 1719,
2463 4688 2520 4737 ii.
2544 4702 2658 4749 322.

304 4801 477 4836 mn
1448 4797 1486 4850 q
