3355 5380
294 388 474 464 1497]
1089 389 1196 449 'ro
1250 388 1605 450 'rnoMAs
1660 389 1897 450 GREY
2573 397 2687 451 177

284 566 497 622 parem
532 565 736 623 neque
773 546 964 607 vellet
989 547 1201 620 vllam,
1236 566 1471 607 nouum
1508 546 1689 607 exitii
1729 566 1926 623 genus
1962 546 2156 607 homo
2190 549 2268 609 ad
2307 548 2688 610 maleficium

283 646 534 704 tantum
579 644 939 722 ingeniosus
978 645 1369 723 excogitauit,
1415 665 1538 722 quo
1577 647 1644 705 et
1683 664 1786 705 me
1832 644 1935 704 cui
1977 645 2340 707 deuinctum
2382 666 2518 708 esse
2559 666 2688 708 non
2716 663 2780 711 80

282 741 456 817 libet,
490 744 557 802 et
582 746 647 802 te
672 743 922 819 pariter,
953 744 1054 803 cui
1082 744 1352 821 turpiter
1382 743 1599 804 iuueni
1634 762 1791 819 puer
1827 742 2396 821 quinquagenarius
2423 745 2685 821 inuidet,

283 839 577 901 funditus
614 844 953 917 euerteret.
1041 842 1354 903 Haeccine
1400 844 1497 902 est
1550 841 1682 915 illa,
1734 860 1856 918 qua
1907 840 1985 901 ad
2044 860 2342 902 nauseam
2398 844 2687 905 omnium

278 937 539 1014 gloriari
570 940 746 1012 solet,
791 940 1170 1018 generositas
1187 941 1220 1001 ⁴?
1302 938 1442 1000 Hoc
1482 939 1642 1000 illud
1686 938 1919 1000 totiens
1958 939 2171 1000 iactati
2210 942 2458 1018 generis
2498 943 2689 1019 speci·

282 1037 484 1097 men?
565 1036 690 1097 Hic
744 1036 984 1098 scilieet
1037 1040 1132 1098 est
1186 1037 1440 1098 animus
1503 1037 1750 1115 magnis
1806 1036 2123 1099 natalibus
2176 1037 2455 1117 dignus?
2536 1040 2690 1116 Quis

280 1133 477 1194 istum
506 1134 610 1195 vel
636 1135 915 1196 humano
943 1136 1250 1214 sanguine
1274 1136 1671 1215 progenitum
1700 1134 1956 1197 credat?
2038 1136 2193 1212 Quis
2229 1157 2360 1197 non
2388 1136 2690 1216 Vergilia·
2715 1154 2777 1217 85

280 1252 439 1292 num
468 1233 627 1294 illud
656 1233 771 1294 illo
800 1233 1065 1314 dignum
1092 1235 1361 1310 iudicet3

1164 1358 1338 1419 duris
1364 1357 1583 1436 genuit
1608 1360 1672 1418 te
1701 1356 1988 1419 cautibus
2015 1357 2280 1419 horrens

649 1455 958 1516 Caucasus
990 1454 1426 1534 Hircanaeque
1451 1455 1791 1517 admorunt
1818 1455 2008 1516 vbera
2037 1456 2229 1533 tigres
2245 1459 2278 1517 ⁶?

361 1578 450 1637 Et
479 1577 669 1638 audet
694 1577 885 1639 homo
912 1579 1274 1639 mortalium
1313 1579 1599 1640 omnium
1637 1578 2225 1657 impudentissimus
2264 1599 2332 1639 se
2372 1579 2574 1644 multa
2608 1582 2686 1642 de

277 1680 357 1752 te,
391 1674 671 1753 plurima
709 1675 785 1735 de
825 1696 930 1737 me
971 1677 1269 1737 meritum
1310 1677 1681 1756 praedicare,
1727 1695 1965 1754 nosque
2007 1676 2172 1737 vltro
2213 1677 2688 1755 ingratitudinis
2712 1705 2777 1755 90

274 1793 580 1836 accusare.
669 1774 814 1835 Non
856 1777 951 1836 tot
993 1796 1276 1837 meorum
1320 1776 1389 1836 in
1427 1795 1494 1837 se
1536 1775 1879 1836 officiorum
1926 1775 2210 1849 testibus,
2258 1795 2386 1836 non
2426 1796 2685 1838 suarum

277 1871 344 1932 in
373 1892 483 1932 me
510 1872 886 1934 iniuriarum
924 1874 1303 1935 conscientia
1340 1876 1643 1935 mouetur.
1731 1873 1945 1934 Audet
1980 1892 2125 1932 cum
2164 1873 2266 1933 his
2306 1875 2487 1936 factis
2521 1875 2689 1936 inter

277 1970 573 2032 homines
608 1970 835 2047 viuere,
876 1973 1222 2034 modestius
1261 1973 1555 2047 facturus,
1595 1972 1652 2031 si
1677 1971 2013 2032 Timonem
2056 1970 2239 2031 illum
2281 1971 2570 2035 imitatus
2610 1995 2686 2035 ex

278 2067 579 2129 vniuerso
636 2070 969 2130 hominum
1025 2074 1204 2133 coetu
1259 2072 1327 2131 in
1377 2069 1835 2131 remotissimos
1887 2069 2115 2130 fluctus
2166 2070 2557 2150 demigraret,
2615 2092 2687 2132 ac

276 2165 464 2227 belua
490 2186 635 2228 cum
663 2167 871 2228 beluis
897 2171 1165 2230 aetatem
1192 2173 1415 2249 ageret.
2713 2198 2775 2248 95

360 2266 483 2326 Sed
540 2266 743 2327 dolori
797 2287 1158 2345 quanquam
1212 2268 1561 2329 iustissimo
1614 2268 1865 2328 frenum
1923 2266 2321 2345 stringamus.
2409 2267 2686 2330 Tametsi

276 2364 347 2423 in
402 2363 805 2425 acerbissima
856 2367 1238 2427 contumelia
1292 2385 1396 2427 me
1456 2366 1615 2427 illud
1673 2385 1804 2428 non
1860 2364 2257 2425 mediocriter
2311 2365 2686 2439 consolatur,

273 2462 443 2540 quod
487 2463 638 2523 haec
676 2463 828 2524 adeo
871 2484 996 2525 non
1039 2466 1125 2526 sit
1164 2464 1424 2543 impune
1465 2465 1807 2538 ablaturus,
1847 2466 1918 2524 vt
1957 2463 2088 2523 iam
2128 2467 2483 2540 praesentes
2525 2465 2688 2526 mihi

272 2580 510 2637 poenas
562 2561 830 2639 pendere
879 2564 1163 2643 coeperit,
1213 2564 1474 2625 daturus
1528 2563 1685 2623 olim
1740 2562 2076 2642 grauiores.
2162 2562 2329 2638 Quas
2345 2565 2378 2623 ¹?
2435 2563 2686 2641 inquis;

271 2679 424 2720 nam
455 2659 564 2720 ille
592 2660 844 2739 quidem
874 2662 996 2723 sibi
1031 2661 1295 2741 plaudit.
1380 2662 1550 2724 Esto.
1635 2663 1743 2723 An
1776 2680 1904 2722 non
1930 2659 2053 2721 tibi
2089 2660 2339 2722 abunde
2366 2662 2519 2722 satis
2548 2680 2686 2740 sup-
2717 2687 2808 2723 100

271 2759 450 2836 plicii
476 2759 730 2819 videtur
764 2780 913 2836 esse,
945 2763 1109 2839 quod
1139 2765 1205 2822 et
1231 2761 1649 2823 stultissimus
1684 2764 1784 2821 est
1817 2762 1882 2820 et
1920 2759 2484 2835 inuidentissimus,
2519 2760 2684 2839 quod

268 2861 546 2935 vtroque
582 2859 977 2919 miserrimus
992 2861 1026 2920 ⁴?
1107 2862 1214 2920 An
1253 2861 1510 2938 grauius
1545 2860 1750 2920 vllum
1790 2857 2084 2937 supplicii
2124 2878 2323 2936 genus
2348 2859 2685 2937 excogitari

272 2958 476 3036 possit
516 2957 916 3020 inuidentia?
956 2979 1114 3036 quae
1155 2960 1291 3037 ipsa
1330 2960 1429 3020 sui
1470 2959 1747 3019 carnifex
1787 2961 1884 3018 est
1923 2958 2125 3034 atque,
2170 2960 2242 3017 vt
2281 2960 2463 3034 poeta
2502 2957 2678 3032 dixit,

267 3057 656 3134 supplicium
713 3076 916 3119 suum.
1005 3058 1206 3134 Quare
1260 3058 1812 3137 epigrammaticus
1865 3056 1976 3116 ille
2028 3058 2091 3116 et
2139 3054 2318 3115 docte
2372 3058 2435 3115 et
2490 3056 2685 3116 facete

272 3154 782 3217 inuidentissimo
823 3157 1070 3217 cuidam
1113 3156 1428 3232 nebuloni,
1462 3157 1663 3218 nostri
1704 3159 1776 3216 vt
1814 3153 2089 3216 arbitror
2127 3154 2296 3214 senis
2336 3154 2680 3229 simillimo,
2716 3173 2806 3224 ¹05

267 3273 414 3314 eam
444 3254 645 3331 ipsam
674 3254 1095 3316 inuidentiam
1123 3259 1427 3333 tanquam
1455 3259 1809 3315 extremum
1839 3253 2153 3314 malorum
2181 3252 2591 3330 imprecatus:

684 3377 1012 3453 Omnibus,
1042 3378 1266 3456 inquit,
1298 3378 1601 3454 inuideas,
1635 3376 1871 3452 inuide,
1904 3395 2089 3436 nemo
2118 3375 2252 3436 tibi.

359 3501 674 3578 Equidem
715 3500 1043 3561 hominem
1085 3502 1369 3562 nondum
1410 3503 1544 3561 tam
1586 3499 1933 3579 capitaliter
1973 3499 2076 3560 odi
2119 3503 2192 3560 vt
2233 3502 2487 3560 tantum
2529 3500 2684 3561 mali

267 3598 469 3659 velim
513 3598 860 3677 imprecari.
966 3599 1339 3677 Quanquam
1384 3598 1491 3659 ille
1532 3599 1787 3677 quidem
1836 3598 2249 3676 dignissimus
2291 3602 2388 3659 est
2429 3599 2532 3659 cui
2574 3608 2685 3660 aut

265 3699 391 3759 hoc
421 3699 533 3759 aut
554 3697 609 3757 si
628 3696 792 3773 quod
820 3701 915 3758 est
944 3697 1218 3759 deterius
1243 3698 1505 3760 eueniat.
1580 3696 1711 3757 Nec
1740 3696 1960 3757 dubito
1986 3695 2355 3756 iamdudum
2383 3697 2680 3773 euenisse,
2714 3716 2733 3751 1
2751 3716 2809 3752 10

266 3796 330 3856 si
377 3814 524 3855 vere
568 3794 837 3855 Plautus
884 3794 1095 3873 dignis
1140 3796 1390 3856 euenire
1438 3795 1627 3873 digna
1674 3793 1945 3871 scripsit.
2032 3794 2151 3855 Cui
2190 3792 2364 3852 enim
2405 3791 2513 3852 ille
2552 3813 2684 3854 non

264 3891 523 3955 inuidet
548 3894 823 3954 misere?
864 3894 975 3970 qui
1003 3894 1168 3971 quod
1196 3897 1268 3954 tu
1296 3892 1664 3972 diligentius
1691 3893 1760 3953 in
1783 3892 1981 3952 literis
2008 3911 2235 3970 ageres,
2259 3891 2437 3951 cuius
2458 3891 2685 3953 virtuti

268 3991 547 4053 debebat
586 3990 904 4068 gratulari,
934 3991 1088 4052 adeo
1115 3992 1349 4053 inuidit
1376 3994 1447 4053 vt
1472 3995 1730 4069 repente
1757 3991 1826 4050 in
1852 3989 2147 4051 morbum
2176 3989 2508 4066 capitalem
2535 3991 2685 4052 inci·

262 4089 454 4150 derit.
544 4089 706 4165 Quid
751 4091 968 4149 autem
1009 4089 1199 4151 habet
1236 4089 1346 4150 ille
1388 4090 1553 4167 quod
1598 4108 1727 4148 non
1775 4086 2203 4148 misericordia
2243 4087 2453 4163 potius
2490 4107 2682 4165 quam

266 4186 516 4248 inuidia
569 4186 655 4247 sit
704 4187 1020 4265 dignum?
1081 4187 1138 4247 si
1182 4187 1672 4249 misericordiam
1721 4188 1999 4246 meretur
2047 4185 2364 4246 obstinata
2411 4185 2677 4246 malicia.
2711 4209 2803 4260 115

264 4284 414 4346 Iam
446 4285 676 4347 alteras
702 4305 932 4365 poenas
959 4286 1181 4365 accipe,
1212 4306 1368 4364 quas
1396 4306 1583 4347 nemo
1611 4305 1891 4363 vnquam
1920 4304 2151 4346 nocens
2186 4283 2424 4362 effugit.
2513 4285 2682 4360 Quas

332 4424 415 4470 92.
452 4414 524 4458 P:
561 4408 892 4458 iniuriarum
917 4409 1150 4458 testibus
1172 4408 1505 4458 conscientia
1527 4412 1574 4457 E
1790 4422 1870 4470 97.
1908 4411 1962 4457 Η
1981 4425 1993 4457 :
2029 4409 2089 4457 in
2113 4409 2229 4457 tam
2251 4406 2596 4456 acerbissima
2616 4410 2677 4457 Ε.

271 4490 291 4522 1
306 4489 383 4522 xo.
420 4478 503 4522 est
524 4478 639 4524 add.
665 4479 736 4524 Η.
901 4489 1009 4536 113.
1049 4474 1305 4524 inciderit
1321 4479 1367 4523 Β
1388 4477 1500 4525 LB:
1537 4473 1806 4523 incideret
1827 4478 1976 4522 Lond.
2149 4487 2257 4534 ¹15·
2297 4475 2597 4522 mereretur
2615 4475 2672 4522 F.

333 4630 410 4678 81.
441 4629 599 4693 puer]
616 4628 1419 4692 CLDeConmr.EpistLB.i.4638.
1597 4645 1706 4690 ¹07·
1741 4628 2031 4693 Omnibus]
2054 4627 2133 4679 Cf.
2163 4628 2320 4677 Mart.
2354 4643 2396 4676 1.
2425 4642 2508 4688 40.
2537 4642 2583 4675 2.

330 4697 411 4759 85.
450 4694 852 4759 Vergilianum]
874 4701 999 4745 Aen.
1026 4713 1073 4756 4.
1102 4698 1216 4758 366,
1246 4712 1290 4757 7.
1597 4712 1614 4743 1
1631 4711 1704 4744 11.
1744 4694 1996 4759 Plautus]
2021 4699 2156 4744 Pom.
2183 4707 2232 4754 5.
2261 4711 2305 4755 4.
2339 4709 2447 4743 roo.
