3355 5380
266 389 460 473 1489]
905 397 1135 459 PROM
1190 395 1675 459 CORNELIUS
1731 396 2083 458 GERARD
2593 403 2698 460 101

282 551 564 629 propriae
593 552 877 614 vilitatis
910 553 1132 614 rubore
1169 552 1472 628 conficior,
1507 553 1661 614 dum
1700 552 1829 614 tuis
1854 571 1958 613 me
1994 553 2383 615 immeritum
2418 550 2707 616 laudibus

294 670 413 710 non
451 670 689 727 parum
731 650 1058 714 exornasti.
1144 651 1348 713 Tanta
1387 650 1560 712 enim
1600 654 1665 712 et
1708 653 1840 711 tam
1879 650 2213 728 magnifica
2253 650 2331 711 de
2364 670 2469 712 me
2506 655 2707 715 sentis
2730 672 2768 721 5-

295 753 357 808 et
409 748 645 823 scribis,
709 752 784 809 vt
837 750 1283 828 propemodum
1342 749 1559 811 amicis
1611 748 1775 810 meis
1834 749 1912 810 de
1966 769 2071 810 me
2124 749 2435 812 inuidiam
2487 752 2704 813 fecisse

294 848 575 909 videaris.
663 848 905 910 Verum
950 849 1007 910 si
1049 868 1338 925 errorem,
1390 849 1500 927 qui
1544 849 1622 909 de
1661 848 1897 927 pietate
1935 848 2229 926 procedit,
2283 869 2411 910 non
2459 868 2706 928 semper

291 946 704 1009 ecclesiastica
741 948 1001 1009 damnat
1037 947 1271 1026 religio,
1305 967 1421 1008 nec
1453 950 1518 1008 te
1552 967 1798 1025 quoque
1833 947 2071 1009 nostris
2106 948 2252 1026 plus
2283 968 2479 1026 aequo
2509 948 2703 1010 laudi-

293 1047 409 1106 bus
449 1046 688 1106 amoris
723 1066 928 1107 errore
964 1047 1406 1107 immorantem
1434 1046 1818 1107 contendant
1854 1046 2050 1107 velim
2077 1046 2449 1126 suggillare;
2490 1048 2704 1126 itaque

291 1164 545 1205 necesse
585 1144 704 1206 erit
732 1149 819 1219 vt,
853 1145 1006 1206 dum
1044 1147 1225 1207 tuum
1262 1145 1332 1205 in
1367 1165 1472 1206 me
1507 1164 1782 1205 errorem
1821 1146 2400 1220 condemnauerint,
2432 1150 2496 1207 et
2525 1147 2700 1209 Petri
2731 1165 2792 1200 10

289 1243 605 1303 feruorem
647 1243 997 1320 passionem
1043 1243 1301 1304 Domini
1346 1263 1475 1304 non
1530 1244 1838 1305 ferentem
1883 1244 2221 1309 vincantur
2265 1244 2693 1308 condemnare.

292 1343 632 1402 Praeterea
672 1341 883 1402 cuncti
921 1341 1114 1403 velim
1162 1344 1603 1420 recognoscant
1649 1362 1767 1403 nec
1805 1345 1871 1403 te
1916 1363 2099 1420 posse
2142 1342 2399 1419 adulari,
2444 1364 2557 1405 nec
2597 1365 2701 1406 me

286 1442 398 1500 aut
446 1440 757 1518 vituperio
813 1440 1192 1501 commoneri
1243 1442 1351 1501 aut
1403 1440 1723 1502 immerita
1774 1441 1959 1503 laude
2002 1441 2310 1504 delectari.
2398 1443 2491 1504 At
2548 1443 2700 1505 dum

285 1539 441 1599 haec
487 1538 839 1614 scribimus,
875 1538 1085 1600 forsan
1121 1559 1358 1600 nouum
1400 1538 1824 1600 calumniandi
1865 1539 2164 1618 laqueum
2206 1541 2427 1603 amicis
2469 1541 2701 1603 nostris

284 1637 705 1711 conteximus,
745 1641 819 1697 vt
860 1638 1074 1699 dicant
1119 1656 1254 1699 esse
1296 1638 1544 1715 turpius
1586 1657 1693 1697 ore
1732 1640 1981 1716 proprio
2021 1658 2196 1700 meas
2235 1638 2452 1701 laudes
2491 1641 2700 1718 depro-
2731 1659 2787 1710 15

287 1758 461 1798 mere
497 1756 693 1815 quam
729 1736 931 1797 fuerat
962 1736 1041 1797 ab
1077 1736 1282 1798 alieno
1323 1735 1683 1814 suscepisse.
1773 1737 2158 1815 Quapropter
2184 1741 2257 1800 vt
2281 1740 2359 1800 ad
2387 1739 2701 1817 liquidum

284 1837 557 1897 aemulis
623 1835 859 1897 nostris
925 1835 1323 1910 satisfaciam,
1381 1835 1546 1913 quod
1610 1834 1820 1896 verbis
1890 1835 2042 1910 dixi,
2099 1836 2278 1897 factis
2346 1836 2694 1899 ostendam.

284 1937 487 1997 Credo
541 1935 830 2013 equidem
884 1955 960 1995 ex
1014 1935 1134 1996 hoc
1187 1954 1367 2013 posse
1416 1933 1798 2012 contingere,
1847 1954 1970 2011 quo
2023 1934 2126 1995 vel
2181 1934 2437 1996 tandem
2492 1955 2531 1996 a
2585 1954 2699 1997 sua

284 2033 542 2096 vesania
578 2034 851 2095 reuocati
887 2037 951 2095 et
992 2036 1135 2094 tuas
1174 2033 1244 2093 in
1284 2052 1387 2093 me
1427 2032 1641 2092 laudes
1681 2035 1747 2093 et
1782 2050 1995 2092 meum
2037 2031 2106 2093 in
2147 2034 2210 2093 te
2250 2052 2528 2094 amorem
2570 2053 2696 2094 non

287 2132 610 2210 potuerint
639 2152 769 2193 non
802 2152 1027 2194 amare.
1102 2130 1388 2193 Audiant
1415 2130 1526 2209 qui
1551 2130 1778 2204 velint,
1799 2128 2102 2191 irrideant
2129 2130 2235 2209 qui
2264 2150 2395 2190 non
2421 2131 2695 2193 credent.
2726 2148 2789 2184 ²0

376 2230 544 2293 Olim
574 2231 770 2311 igitur
796 2251 940 2292 cum
975 2230 1083 2291 ille
1118 2232 1331 2291 noster
1354 2228 1594 2289 amicus
1622 2227 1702 2288 de
1736 2231 1847 2289 tua
1883 2227 2044 2289 mihi
2081 2228 2392 2289 industria
2426 2228 2698 2308 plurima

288 2328 630 2405 recitasset,
676 2328 963 2389 animum
1009 2328 1142 2406 cepi
1183 2331 1391 2389 tecum
1434 2325 1747 2388 amicitiae
1789 2326 2009 2389 foedus
2049 2347 2381 2406 aggregare
2418 2330 2486 2390 et
2522 2327 2697 2407 longi

286 2428 537 2489 itineris
563 2427 931 2487 distantiam
968 2426 1204 2487 crebris
1241 2424 1803 2486 intercurrentibus
1838 2424 2117 2502 epistolis
2155 2424 2444 2486 releuare.
2533 2425 2697 2486 Tum

286 2529 568 2605 primum
597 2527 666 2587 in
695 2525 976 2587 obsidem
1005 2524 1103 2585 illi
1129 2524 1270 2585 dedi
1298 2525 1432 2585 diui
1458 2522 1702 2584 Nicolai
1737 2523 2065 2584 historiam
2105 2544 2142 2584 a
2177 2543 2280 2583 me
2319 2523 2462 2584 rudi
2492 2527 2697 2585 metro

286 2627 723 2705 conscriptam,
773 2626 891 2686 hoc
944 2628 1153 2685 tamen
1209 2627 1537 2703 praecauto
1590 2626 1665 2684 vt
1719 2626 1829 2683 tua
1883 2622 2056 2701 prius
2108 2623 2389 2683 carmina
2436 2623 2697 2701 (fatebor
2726 2636 2788 2687 ²5

287 2725 486 2801 enim)
550 2725 881 2803 diligenter
947 2724 1345 2803 prospiceret,
1400 2726 1464 2784 et
1528 2721 1584 2782 si
1645 2741 1781 2782 rem
1843 2722 2060 2799 aequis
2130 2725 2364 2782 certare
2434 2721 2697 2798 pedibus

286 2823 643 2897 iudicasset,
673 2826 915 2885 nostras
940 2842 1183 2901 quoque
1220 2821 1487 2900 ineptias
1522 2820 1642 2881 tibi
1681 2838 2050 2880 communes
2086 2820 2332 2880 faceret.
2423 2818 2699 2880 Verebar

285 2923 457 2983 enim
482 2922 658 2999 (nam
694 2921 929 2983 famam
965 2920 1060 2982 tui
1099 2918 1378 2982 nominis
1416 2917 1791 2998 iampridem
1820 2918 2104 2979 Iohanne
2147 2922 2360 2979 nostro
2402 2921 2695 2979 narrante

289 3017 1082 3099 cognoueram)—verebar,
1130 3017 1413 3096 inquam,
1465 3036 1569 3077 me
1622 3019 1733 3077 tuo
1780 3016 2256 3094 incomparabili
2310 3014 2694 3078 vincendum

288 3120 543 3198 ingenio
598 3123 663 3180 et
724 3138 900 3180 meae
954 3116 1328 3180 temeritatis
1384 3116 1840 3177 confutandum
1896 3114 2249 3194 opprobrio,
2304 3114 2533 3192 quippe
2587 3115 2696 3192 qui
2723 3129 2791 3178 30

287 3221 416 3281 tuis
455 3217 711 3281 disertis
750 3216 1007 3278 auribus
1046 3235 1222 3277 meos
1261 3215 1533 3277 furfures
1573 3215 1941 3277 iniecissem.
2029 3213 2140 3274 Sin
2169 3215 2380 3275 autem
2418 3216 2484 3273 te
2509 3214 2694 3293 (quod

287 3323 349 3379 et
375 3318 642 3379 indubie
678 3320 833 3378 tunc
868 3313 1225 3394 suspicabar
1260 3317 1328 3375 et
1367 3333 1536 3375 nunc
1572 3333 1718 3375 cum
1756 3333 2005 3375 summa
2042 3312 2244 3374 cordis
2282 3311 2697 3390 gratulatione

288 3419 582 3496 expertus
607 3417 774 3492 sum)
799 3413 1028 3493 potiori
1054 3412 1310 3492 quidem
1338 3413 1535 3490 gradu
1562 3412 1801 3474 videret
1828 3411 2140 3484 incedere,
2168 3430 2386 3471 meum
2413 3410 2696 3484 interim,

287 3536 473 3595 quem
547 3513 673 3575 sibi
746 3513 1203 3586 commiseram,
1273 3510 1656 3589 palefredum
1726 3511 2081 3572 tortuosum
2157 3509 2328 3570 domi
2400 3509 2722 3588 retineret,

289 3613 744 3676 absconditum.
819 3611 958 3672 Hac
984 3610 1177 3690 igitur
1203 3609 1526 3671 occasione
1553 3607 1901 3669 dementiae
1929 3628 2076 3669 suae
2103 3611 2328 3668 nactus
2354 3606 2694 3680 vesaniam,
2720 3618 2781 3669 35

290 3714 548 3774 demum
574 3710 652 3772 ad
682 3729 786 3769 me
813 3708 1170 3787 regrediens
1207 3707 1486 3768 insinuat
1509 3711 1573 3767 te
1611 3707 1892 3768 carmina
1926 3705 2182 3785 quidem
2221 3707 2434 3765 nostra
2469 3704 2695 3781 legisse

286 3814 407 3889 sed,
458 3811 568 3873 vbi
609 3810 864 3887 legeras,
913 3809 1254 3884 caperatam
1296 3805 1570 3866 frontem
1614 3806 1849 3882 ducere,
1884 3805 2428 3866 rhinoceronteum
2470 3821 2695 3863 nasum

290 3909 670 3987 portendere,
704 3905 999 3981 deridere,
1033 3906 1350 3966 corrodere
1379 3904 1473 3981 (vt
1499 3904 1631 3965 suis
1656 3902 1865 3964 verbis
1890 3905 2068 3981 Vtar),
2103 3922 2174 3963 ea
2213 3901 2697 3979 circumquaque

289 4009 601 4070 dilaniare.
693 4004 820 4066 His
859 4003 1069 4082 itaque
1107 4002 1374 4080 acceptis
1413 4001 1580 4063 haud
1624 4001 1856 4064 iniuria
1880 4000 2225 4079 vituperiis,
2262 4000 2467 4060 Deum
2504 4000 2698 4058 testor

288 4107 442 4167 nihil
483 4125 591 4165 me
633 4104 1022 4164 commotum
1061 4101 1272 4174 fuisse,
1312 4100 1420 4160 sed
1465 4100 1655 4178 digna
1695 4099 2059 4178 reputabam
2102 4120 2204 4160 me
2245 4098 2405 4159 meis
2444 4095 2696 4176 ineptiis
2719 4111 2785 4160 40

288 4203 550 4266 conuitia
576 4201 905 4280 recepisse.
967 4200 1204 4261 Verum
1232 4200 1310 4261 de
1338 4198 1442 4260 his
1468 4219 1544 4259 ex
1571 4200 1690 4260 hoc
1719 4201 1784 4259 et
1808 4200 1879 4260 in
1903 4200 2274 4277 perpetuum
2301 4195 2693 4275 supersedere

286 4303 534 4378 decreui,
589 4321 676 4363 ne
721 4299 827 4362 vel
873 4298 1145 4360 amicum
1201 4300 1489 4359 nostrum
1534 4299 1597 4357 et
1644 4298 1833 4359 modo
1881 4316 2251 4359 conuersum
2294 4294 2696 4375 impatienter

285 4401 742 4464 commaculem
770 4399 875 4460 vel
903 4398 1028 4459 iam
1056 4397 1288 4477 sopitos
1314 4395 1679 4457 resuscitem
1703 4396 1897 4473 ignes.
1986 4396 2198 4474 Atque
2230 4394 2346 4455 hoc
2374 4396 2696 4472 propterea

1144 4557 1221 4607 15.
1254 4558 1368 4594 esse
1392 4546 1561 4603 scripsi
1580 4560 1593 4592 ε
1627 4557 1715 4592 me
1738 4546 1833 4592 LB.

512 4726 603 4761 οι.
645 4703 893 4768 amicus]
919 4703 1139 4755 Mai-tin.
1208 4701 1304 4765 Ep.
1334 4716 1409 4765 19.
1442 4716 1490 4751 2.
1659 4701 1738 4750 28.
1778 4698 2051 4763 Iohanne]
2076 4698 2154 4750 Cf.
2180 4698 2275 4760 Ep.
2302 4711 2384 4748 ao.
2408 4711 2454 4744 a.
