3355 5380
269 398 292 435 1
307 378 443 463 489]
900 380 1009 441 ΤΟ
1063 380 1549 443 CORNELIUS
1606 380 1961 442 GERARD
2539 383 2563 437 1
2579 384 2601 437 1
2617 384 2650 437 7

258 539 452 600 multa
468 537 665 599 litura
690 557 847 617 opus
865 540 963 599 est
980 539 1044 600 et
1065 538 1465 616 castigatione
1485 537 1760 616 plurima
1786 541 2121 615 antequam
2142 535 2304 614 quod
2328 534 2656 596 condimus

252 638 564 698 edendum
605 635 986 715 putabimus.
1072 636 1191 698 Sed
1229 636 1382 715 quid
1427 656 1540 715 ego
1574 640 1878 715 tanquam
1916 634 2140 715 exigua
2180 634 2409 695 tabella
2447 635 2655 694 totum

256 736 483 811 orbem,
513 734 692 795 breui
725 734 989 813 epistola
1017 737 1220 796 totam
1245 734 1589 796 rhetoricae
1624 734 1780 797 artis
1805 733 2300 814 praeceptionem
2327 731 2658 809 complecti
2682 747 2749 798 40

247 834 466 910 enitar,
489 836 600 894 aut
629 833 780 911 quid
802 833 1153 894 Mineruam
1179 834 1273 909 (vt
1298 834 1501 911 aiunt)
1525 832 1760 910 docere,
1789 837 1900 894 aut
1926 833 1994 893 in
2023 832 2270 909 syluam
2296 831 2471 909 ligna
2494 831 2658 892 ferre

250 934 484 1010 pergo?
564 931 750 993 Nosti
790 931 1092 1008 Tullium,
1137 932 1300 993 nosti
1352 930 1832 1008 Quintilianum,
1879 932 2047 992 nosti
2088 930 2439 1005 Horatium,
2487 931 2657 992 nosti

248 1029 676 1105 Gaufiedum3
746 1050 935 1110 quam
981 1030 1239 1109 copiosa,
1291 1050 1479 1109 quam
1532 1030 1842 1108 praeclara
1895 1030 2088 1090 huius
2140 1027 2296 1091 artis
2346 1027 2658 1089 ediderint

247 1133 577 1206 praecepta
620 1132 786 1190 certe
827 1147 954 1189 non
1003 1148 1071 1189 es
1109 1127 1398 1205 nescius;
1460 1148 1619 1207 quae
1660 1128 1942 1208 quisquis
1987 1129 2150 1188 recte
2195 1125 2553 1202 seruauerit,
2602 1126 2659 1187 is

248 1246 394 1287 sane
438 1225 752 1305 poeticum
792 1247 1025 1288 munus
1063 1227 1344 1288 absolute
1384 1227 1665 1288 confecit.
1752 1227 1844 1288 At
1876 1248 1956 1287 ne
1983 1226 2051 1286 in
2080 1225 2377 1304 epithetis
2403 1225 2658 1305 quidem
2683 1240 2745 1291 45

245 1327 351 1385 aut
424 1325 737 1386 sermonis
801 1324 1102 1386 blanditie
1167 1324 1443 1403 palmam
1503 1328 1657 1403 puto
1720 1324 2072 1386 consistere.
2186 1322 2310 1384 Illa
2363 1322 2534 1384 enim
2589 1324 2657 1385 in

247 1423 546 1484 Terentio
589 1422 974 1501 Horatioque
1026 1423 1240 1499 rarius,
1284 1422 1449 1484 hanc
1505 1424 1574 1484 in
1622 1422 1854 1499 Persio,
1903 1421 2157 1482 Sidonio
2212 1422 2658 1501 nonnullisque

242 1521 384 1582 aliis
430 1520 872 1582 eruditissimis
905 1522 1178 1582 tenuiter
1215 1540 1349 1583 esse
1390 1520 1651 1582 videbis.
1737 1520 1918 1582 Adde
1960 1521 2276 1582 Nasonem
2315 1521 2661 1583 Tibullum-

245 1640 357 1696 que
384 1619 651 1679 Marone
679 1622 893 1681 nostro
921 1618 1125 1680 multo
1164 1619 1418 1698 quidem
1446 1639 1581 1681 esse
1618 1619 1991 1694 blandiores,
2025 1622 2094 1681 at
2130 1640 2520 1699 nequaquam
2560 1620 2658 1682 illi

242 1718 551 1777 continuo
590 1717 865 1794 palmam
908 1717 1158 1795 eripere.
1244 1717 1465 1797 Itaque
1504 1718 1969 1795 Hieronymum
2012 1721 2213 1794 tuum,
2254 1717 2346 1779 mi
2386 1719 2654 1796 Corneli,
2686 1732 2750 1784 50

242 1820 500 1893 poetam
579 1815 831 1895 quidem
911 1815 1373 1894 demonstrasti,
1444 1816 1551 1877 sed
1629 1816 1916 1877 nondum
1994 1837 2117 1896 quo
2195 1817 2661 1895 proficiscebare

241 1914 614 1991 peruenisti.
717 1913 839 1974 Sed
887 1918 1020 1975 esto
1066 1935 1284 1976 omnes
1335 1915 1600 1990 vicerit3
1669 1935 1826 1994 quae
1882 1935 2021 1976 mea
2074 1915 2145 1976 in
2193 1915 2658 1994 Hieronymum

244 2015 433 2072 tuum
486 2012 724 2073 iniuria
777 2016 889 2089 est,
951 2012 1009 2074 si
1060 2016 1123 2074 te
1175 2016 1434 2074 canente
1488 2014 1695 2075 solum
1751 2013 1937 2074 illum
1998 2016 2345 2092 priscorum
2415 2035 2661 2077 seruare

242 2111 530 2188 vestigia,
589 2130 701 2189 ego
754 2130 831 2171 ex
883 2111 1146 2173 aduerso
1197 2132 1346 2173 eum
1399 2132 1529 2173 non
1583 2111 1809 2188 solum,
1867 2112 1975 2173 sed
2032 2132 2176 2173 cum
2234 2112 2661 2191 compluribus

240 2210 384 2270 aliis
418 2209 489 2270 id
533 2227 715 2287 agere
748 2209 1091 2271 contendi?
1159 2209 1375 2289 Neque
1402 2209 1576 2271 enim
1611 2210 1711 2271 illi
1745 2210 2017 2289 praetuli
2055 2231 2426 2290 quenquam,
2457 2230 2658 2290 neque
2685 2219 2745 2272 5⁵

243 2308 429 2368 illum
466 2306 805 2385 posthabui
838 2308 1144 2387 cuiquam,

321 2407 523 2483 Haec,
579 2407 673 2467 mi
725 2406 990 2482 Corneli,
1044 2406 1539 2468 conflictantium
1589 2427 1762 2468 more
1809 2408 1910 2469 vel
1969 2408 2180 2488 potius
2233 2407 2302 2468 in
2358 2407 2663 2485 palaestra

242 2505 607 2566 ludentium
649 2505 1049 2582 contulimus,
1091 2506 1221 2565 imo
1261 2505 1447 2566 iocati
1485 2525 1723 2567 sumus.

692 2603 875 2665 Nunc
914 2606 1126 2666 tamen
1168 2603 1398 2665 omisso
1439 2624 1809 2683 quaeramus
1843 2603 2004 2664 seria
2039 2603 2206 2665 lude.

242 2703 520 2764 Difficile
585 2701 752 2763 dictu
809 2705 906 2764 est
965 2702 1347 2779 Hieronymi
1404 2702 1515 2779 tui,
1563 2703 1693 2762 imo
1747 2702 1965 2779 nostri,
2014 2699 2324 2762 lectitanti
2381 2700 2657 2762 carmina
2683 2698 2749 2749 ⁶0
2844 2790 2854 2796 .

240 2804 521 2878 quantae
578 2800 740 2861 mihi
804 2800 1118 2879 voluptati
1169 2801 1252 2862 sit
1312 2804 1449 2861 tam
1510 2800 1838 2879 praeclara,
1890 2802 2023 2861 tam
2078 2819 2369 2878 expressa
2426 2799 2658 2861 veteris

238 2899 644 2979 eloquentiae
690 2900 1083 2961 monimenta
1129 2918 1467 2977 superesse,
1513 2919 1780 2977 eumque
1821 2898 2085 2976 dignum
2131 2899 2392 2959 omnino
2448 2896 2653 2958 iudico

242 3018 431 3075 quem
483 3016 726 3072 omnes,
756 2996 983 3076 quibus
1022 2998 1244 3059 charae
1284 2999 1437 3059 sunt
1480 2996 1745 3072 litterae,
1783 2999 2015 3073 ament,
2047 2993 2270 3072 colant,
2303 2995 2655 3073 legantque.

243 3097 466 3158 Nescio
517 3099 735 3156 tamen
782 3115 864 3156 an
921 3095 1231 3173 omnibus,
1289 3116 1441 3175 quos
1489 3096 1856 3175 superstites
1910 3096 2109 3171 video,
2154 3116 2299 3156 eum
2349 3095 2656 3173 praeferre

239 3196 473 3272 ausim,
500 3198 648 3255 tum
690 3194 769 3255 ob
810 3194 874 3256 id
902 3214 1120 3256 causae
1148 3195 1312 3274 quod
1349 3194 1527 3255 facile
1564 3194 1650 3255 sit
1681 3194 2132 3273 epigrammata
2167 3192 2332 3254 belle
2368 3193 2649 3270 scribere,
2680 3198 2744 3265 ⁶5

238 3296 380 3353 tum
432 3293 525 3354 ob
574 3292 893 3373 vtriusque
933 3295 1128 3372 partis
1169 3293 1424 3355 dubiam
1467 3292 1758 3353 facientia
1797 3293 2072 3354 carmina
2117 3291 2409 3371 palmam.
2493 3291 2655 3353 Rem

237 3397 452 3454 tamen
500 3391 692 3454 nobis
735 3392 924 3453 facies
963 3391 1403 3470 gratissimam,
1445 3390 1502 3452 si
1550 3393 1789 3452 caetera
1827 3411 2070 3470 quoque
2118 3390 2495 3468 Hieronymi
2545 3394 2654 3452 aut

238 3489 521 3552 aliorum
571 3490 627 3549 si
674 3510 828 3568 quae
878 3492 1028 3552 sunt
1074 3492 1362 3568 poemata
1416 3490 1492 3550 ad
1541 3509 1657 3550 nos
1717 3488 2110 3550 commodato
2159 3490 2418 3551 dederis.
2527 3489 2654 3551 Pro

236 3589 365 3650 tuis
420 3587 949 3650 cumulatissimis
984 3589 1400 3667 maximisque
1426 3587 1746 3650 beneficiis
1779 3588 2013 3666 gratias
2046 3588 2260 3664 habeo,
2291 3587 2654 3668 habeboque

236 3686 394 3748 dum
434 3688 677 3764 vinam,
717 3706 904 3765 quam
940 3687 1261 3749 maximas.
1347 3685 1521 3748 Vale.
2377 3759 2380 3762 ‚
2683 3696 2749 3750 70

885 3861 1027 3924 2⁷».
1118 3859 1213 3925 To
1261 3858 1660 3926 Commune
1706 3834 2021 3925 Gratim).

310 3975 522 4031 Gouda
547 3972 670 4030 MS.
705 3989 857 4044 1323.
884 3974 924 4030 f.
952 3991 1016 4047 17
1040 3982 1119 4030 νο.
2311 3972 2577 4046 (Steyn.)

2311 4060 2490 4133 <1489
2503 4061 2570 4135 ‘?>

702 4150 1017 4198 ERASMVS
1061 4151 1406 4200 CORNELIO
1450 4151 1572 4201 SVO
1616 4150 1938 4200 SALVTEM
1983 4150 2196 4199 D101‘1'.

323 4247 607 4323 Qwumo
626 4245 857 4322 omnia,
878 4248 969 4306 mi
985 4247 1249 4322 Corneli,
1271 4268 1426 4325 quae
1446 4249 1558 4309 abs
1574 4251 1637 4309 te
1658 4246 2157 4326 proficiscuntur,
2183 4266 2300 4308 nos
2319 4245 2651 4325 magnifice

242 4348 335 4420 (vt
363 4364 647 4423 aequum
674 4346 792 4421 est)
818 4344 1023 4406 literis
1056 4346 1386 4423 tradimus,
1423 4366 1574 4424 qum
1602 4349 1860 4406 mutuae
1888 4347 2138 4406 nostrae
2165 4343 2650 4406 necessitudinis

1171 4483 1251 4531 43.
1285 4467 1621 4518 Ganfredum
1643 4471 1742 4518 ΕΒ.

310 4593 395 4638 43.
446 4575 815 4639 Gauri-edum]
860 4576 1107 4639 Geoffrey
1149 4576 1218 4625 de
1261 4575 1404 4626 vino
1505 4575 1805 4626 mediaeval
1841 4575 2191 4624 univcrsities
2227 4574 2363 4623 than
2393 4571 2649 4622 Horace’s

245 4641 408 4692 Salvo
444 4641 752 4707 (Vinctus),
774 4646 833 4699 fi.
872 4657 1012 4704 1200,
1047 4657 1120 4690 an
1149 4640 1406 4704 English·
1502 4651 1605 4691 Ars
1624 4646 1816 4690 Ροοείοα.
1884 4641 1982 4690 See
2007 4641 2170 4689 DNB.

252 4723 397 4756 man.
441 4707 556 4757 His
580 4712 763 4756 Pontia
783 4723 917 4769 ηοω,
940 4723 1009 4757 on
1031 4708 1125 4756 the
1148 4708 1404 4770 composi-
1570 4722 1649 4769 59.
1688 4705 1869 4770 Nunc]
1896 4706 1963 4756 cf.
1990 4706 2124 4756 Hor.
2142 4710 2240 4754 Sat.
2261 4720 2305 4753 1.
2337 4719 2378 4752 1.
2402 4718 2481 4765 27.

251 4774 371 4822 tion
407 4773 469 4820 of
497 4774 708 4836 poeti-y,
733 4787 844 4822 was
876 4773 1081 4822 ranked
1115 4772 1310 4836 higher
1343 4774 1402 4821 in
1568 4774 1648 4823 66.
1688 4771 1936 4836 dubiam]
1957 4770 2081 4822 JuV.
2111 4785 2186 4820 η.
2215 4771 2324 4821 181.
