3355 5380
601 371 719 428 244
1319 368 1701 431 LETTERS
1742 368 1849 429 OF
1893 368 2292 432 ERASMUS
2817 363 3004 447 [1499

601 524 901 585 stitutum
933 526 1229 584 ventosae
1267 523 1563 601 suffragia
1597 524 1798 602 plebis
1839 544 2166 603 nunquam
2206 546 2350 586 sum
2392 527 2750 603 aucupatus,
2783 524 3014 601 quippe

603 642 761 700 quae
804 621 945 699 pari
984 623 1335 683 temeritate
1381 623 1446 681 et
1492 620 1717 699 probat
1760 624 1825 682 et
1865 622 2303 700 reprehendit;
2350 623 2440 684 ita
2477 642 2516 683 a
2556 621 3015 700 probatissimis

518 737 578 773 ιο
602 720 755 781 viris
794 719 1039 781 laudari
1078 720 1573 798 pulcherrimum
1614 740 1860 798 semper
1900 720 2277 796 existimaui,
2323 722 2433 800 qui
2474 741 2590 781 nec
2628 719 2787 781 falso
2828 739 3015 798 quen·

603 838 791 897 quam
810 838 929 896 pro
947 837 1061 880 sua
1079 818 1480 897 simplicitate
1499 816 1704 879 velint
1733 818 1999 895 laudare,
2023 839 2136 880 nec
2156 821 2399 898 possint
2420 838 2532 897 pro
2551 838 2666 880 sua
2685 818 3020 896 prudentia

601 916 754 992 falli,
800 936 1069 994 quorum
1111 937 1313 994 neque
1353 916 1635 978 doctrina
1673 917 2095 995 suspicionem
2135 918 2379 991 erroris,
2426 936 2540 978 nec
2582 917 2716 978 vita
2752 919 3020 978 assenta-

603 1015 804 1077 tionis
839 1015 1078 1092 recipit.
1166 1015 1405 1076 Verum
1443 1018 1589 1075 tuae
1622 1014 1858 1092 laudes,
1890 1016 1983 1077 mi
2011 1016 2236 1092 Colete,
2268 1020 2519 1077 tantum
2553 1015 2730 1076 abest
2755 1018 2827 1075 vt
2854 1013 3019 1075 mihi

604 1114 828 1175 cristas
861 1114 1188 1189 erexerint,
1223 1115 1295 1174 vt
1331 1115 1522 1174 homo
1555 1116 1781 1174 natura
1812 1115 2145 1191 putidulus
2170 1115 2606 1176 vehementius
2633 1113 2829 1174 etiam
2858 1112 3019 1172 mihi

520 1229 580 1280 15
605 1210 1051 1289 displicuerim.
1136 1211 1370 1272 Videor
1413 1211 1588 1272 enim
1636 1211 1963 1273 admoneri
2019 1212 2268 1290 qualem
2323 1231 2428 1273 me
2482 1231 2616 1273 esse
2662 1211 3013 1284 conueniat,

606 1331 802 1389 quum
829 1329 903 1372 ea
930 1310 1007 1371 de
1031 1330 1134 1371 me
1162 1311 1604 1388 praedicantur
1630 1329 1789 1387 quae
1816 1311 1887 1371 in
1917 1310 2060 1373 aliis
2087 1331 2362 1387 veneror,
2396 1311 2463 1371 in
2491 1331 2598 1372 me
2623 1311 2945 1388 desydero.

688 1407 873 1485 Noui,
927 1409 1078 1469 noui
1124 1408 1259 1485 ipse
1308 1408 1563 1486 optime,
1610 1428 1731 1486 qua
1775 1428 1877 1469 me
1923 1413 2097 1485 parte
2145 1408 2386 1470 calceus
2426 1408 2715 1487 stringat.
2804 1407 3020 1486 Neque

607 1510 822 1567 tamen
861 1526 1095 1581 eorum,
1128 1508 1236 1585 qui
1272 1527 1375 1567 me
1412 1507 1533 1567 tibi
1559 1510 1693 1567 tam
1725 1511 2010 1568 amanter
2040 1509 2578 1582 commendarunt,
2610 1510 2720 1568 aut
2749 1507 3020 1568 officium

608 1607 717 1666 aut
758 1604 1219 1665 humanitatem
1260 1605 1662 1682 reprehendo,
1696 1624 1897 1683 neque
1936 1608 2111 1667 tuam
2147 1606 2217 1666 in
2253 1605 2602 1683 recipienda
2627 1604 3024 1666 commenda·

524 1724 587 1758 20
611 1703 783 1764 tione
834 1702 1206 1763 facilitatem
1257 1702 1562 1780 vitupero.
1651 1703 1977 1780 Siquidem
2031 1707 2104 1764 vt
2159 1704 2422 1765 humani
2474 1706 2568 1764 est
2616 1702 2898 1765 hominis
2944 1701 3024 1761 de

610 1801 847 1878 ignotis
881 1801 1151 1879 benigne
1185 1801 1436 1875 sentire,
1474 1801 1565 1861 ita
1598 1800 1819 1861 festini
1853 1820 1924 1861 ac
1961 1800 2164 1862 facilis
2192 1802 2413 1864 amicis
2452 1801 2722 1863 libenter
2747 1799 3017 1861 credere.

612 1899 673 1960 Ν
674 1918 777 1959 am
806 1900 969 1977 quod
995 1919 1073 1960 ex
1102 1899 1259 1961 meis
1286 1898 1485 1977 ipsius
1510 1897 1766 1976 scriptis
1800 1920 1904 1959 me
1940 1898 2176 1975 laudas,
2207 1900 2272 1961 id
2307 1900 2435 1963 tale
2464 1919 2601 1961 esse
2633 1902 2789 1978 puto
2815 1901 2887 1959 vt
2914 1901 3023 1957 aut

612 1997 848 2058 vrbana
866 1997 1339 2060 laudatiuncula
1360 2017 1477 2059 nos
1495 1998 1576 2059 ad
1596 1998 1900 2059 virtutem
1923 1998 2192 2060 excitare
2216 1999 2506 2075 volueris,
2532 2002 2642 2060 aut
2670 1995 3024 2058 incredibili

612 2097 880 2174 quadam
909 2095 1219 2161 modestia
1247 2100 1355 2158 tua
1381 2097 1556 2158 fieret
1578 2100 1649 2157 vt
1675 2096 1881 2156 aliena
1900 2096 2020 2157 tibi
2040 2096 2235 2158 nimis
2253 2098 2587 2176 placerent,
2615 2101 2725 2158 tua
2748 2095 3024 2157 nimium

526 2215 586 2265 25
613 2194 1027 2273 displicerent.
1117 2197 1319 2272 Quare
1360 2196 1645 2256 animum
1694 2195 1945 2273 quidem
1987 2196 2054 2255 in
2098 2216 2201 2257 me
2241 2201 2424 2257 tuum
2467 2201 2600 2257 tam
2638 2198 3023 2273 promptum,

612 2298 744 2354 tam
772 2313 1168 2371 propensum,
1193 2297 1326 2354 tam
1355 2293 1694 2355 candidum
1722 2293 2082 2371 amplector,
2107 2298 2180 2355 vt
2200 2295 2406 2371 debe0‚
2430 2295 2713 2367 libenter,
2738 2313 3021 2365 veneror,

611 2390 969 2466 exosculor3
1008 2392 1311 2453 iudicium
1338 2412 1481 2467 amo
1506 2395 1577 2452 vt
1604 2391 1896 2466 amicum,
1931 2412 2059 2452 non
2085 2392 2283 2470 probo
2309 2396 2383 2454 vt
2406 2413 2666 2454 verum:
2701 2412 2832 2454 non
2863 2392 3028 2470 quod

612 2496 677 2551 te
719 2490 991 2551 iudicem
1031 2495 1138 2551 aut
1180 2510 1402 2568 parum
1444 2490 1742 2551 idoneum
1783 2489 2161 2563 existimem,
2192 2512 2388 2568 quum
2430 2492 2519 2552 sis
2557 2491 2895 2570 prudentia
2929 2490 3029 2552 vir

612 2589 936 2667 singulari,
980 2592 1089 2649 aut
1126 2589 1363 2664 fictum,
1410 2609 1606 2666 quum
1649 2588 1846 2648 animi
1889 2587 1985 2648 tui
2027 2588 2497 2666 simplicitatem
2537 2611 2664 2651 non
2702 2590 3028 2668 ignorem;

528 2710 593 2758 30
615 2688 723 2750 sed
761 2687 926 2766 quod
959 2688 1191 2766 partim
1224 2708 1436 2749 amore
1467 2686 1681 2765 lapsus
1722 2687 2337 2749 commendatoribus
2383 2688 2542 2751 meis
2586 2688 2860 2750 nimium
2901 2708 3027 2749 cre·

616 2787 866 2862 dideris,
898 2786 1130 2864 partim
1159 2787 1425 2848 candore
1453 2786 1615 2846 miro
1644 2786 1916 2863 quodam
1944 2790 2128 2865 atque
2156 2787 2461 2848 modestia
2486 2788 2711 2849 alienis
2735 2787 3029 2849 laudibus

616 2886 892 2947 nimium
921 2885 1191 2964 benigne
1217 2886 1462 2946 fauetis.
1550 2886 1670 2961 Qui
1699 2889 1913 2946 tamen
1939 2905 2111 2946 error
2135 2888 2303 2960 tuuS,
2335 2887 2426 2946 mi
2455 2886 2684 2960 Colete‚
2714 2886 2833 2947 hoc
2867 2884 3028 2946 mihi

617 2984 800 3046 debet
831 3003 964 3045 esse
1000 2984 1347 3059 iucundior,
1380 2983 1544 3063 quod
1579 2983 1658 3044 ab
1695 3003 1766 3042 eo
1801 2983 1886 3043 sit
1917 2983 2129 3045 animo
2165 2984 2479 3062 profectus
2506 2985 2617 3063 qui
2653 3005 2756 3046 me
2782 3003 3030 3062 semper

614 3083 798 3144 vnice
840 3082 1183 3158 delectauit,
1225 3082 1520 3156 humano,
1568 3081 1754 3157 facili,
1801 3081 2081 3158 candido,
2123 3082 2204 3143 ab
2246 3083 2422 3144 omni
2463 3083 2853 3145 inuidentiae
2895 3083 3033 3144 labe

530 3200 591 3252 35
616 3180 1015 3242 alienissimo.
1102 3180 1268 3241 Malo
1296 3181 1505 3260 itaque
1534 3182 1597 3240 te
1625 3180 1702 3240 de
1734 3180 1916 3241 nobis
1942 3184 2229 3243 amanter
2252 3202 2456 3244 errare
2484 3202 2672 3260 quam
2706 3182 3031 3260 integrum

619 3280 782 3339 nihil
809 3279 964 3341 falli.

699 3379 760 3437 V
761 3399 940 3439 erum
994 3399 1076 3439 ne
1131 3399 1365 3439 merces
1420 3380 1664 3459 ignotas
1719 3380 1873 3442 falsa
1926 3380 2284 3442 laudatione
2339 3380 2457 3442 tibi
2504 3379 2793 3442 obtrusas
2840 3378 3036 3439 fuisse

616 3480 832 3555 postea
878 3476 1170 3554 queraris,
1214 3482 1279 3537 et
1320 3480 1390 3538 vt
1439 3478 1675 3557 deligas
1717 3479 2085 3556 priusquam
2137 3478 2382 3557 diligas,
2426 3498 2507 3539 en
2555 3478 2874 3556 meipsum
2915 3476 3036 3538 tibi

518 3635 521 3642 ,
617 3573 982 3647 describam,
1025 3577 1204 3635 tanto
1244 3575 1498 3652 quidem
1547 3575 1775 3637 melius
1816 3579 2049 3654 quanto
2090 3596 2233 3636 sum
2282 3576 2416 3654 ipse
2456 3576 2620 3636 mihi
2662 3595 2854 3654 quam
2894 3574 3040 3635 aliis

531 3693 595 3742 40
620 3673 850 3734 notior.
934 3672 1217 3733 Habebis
1257 3673 1584 3734 hominem
1628 3674 1820 3749 tenui,
1858 3675 1989 3736 imo
2031 3674 2224 3751 nulla,
2262 3675 2534 3752 fortuna,
2568 3673 2649 3734 ab
2689 3672 3038 3735 ambitione

618 3771 911 3848 alienum,
973 3772 1049 3832 ad
1106 3771 1446 3832 amandum
1503 3773 2086 3851 propensissimum,
2144 3773 2474 3835 literarum
2542 3773 2819 3834 tenuiter
2886 3792 3038 3833 sane

620 3869 911 3947 peritum,
958 3869 1068 3930 sed
1117 3870 1329 3930 tamen
1373 3871 1818 3931 admiratorem
1872 3872 2446 3950 flagrantissimum,
2499 3872 2609 3949 qui
2652 3871 3040 3948 probitatem

620 3966 891 4028 alienam
950 3967 1235 4046 religiose
1291 3972 1637 4041 veneretur,
1699 3988 1878 4029 suam
1940 3970 2167 4031 habeat
2225 3970 2472 4031 nullam
2497 3991 2513 4043 ;
2583 3968 2695 4047 qui
2754 3969 3043 4031 doctrina

621 4065 801 4126 facile
854 4065 1151 4126 omnibus
1204 4066 1395 4139 cedat,
1447 4066 1570 4126 fide
1629 4068 1912 4142 nemini3
1970 4067 2340 4146 simplicem,
2391 4070 2696 4145 apertum,
2745 4067 3038 4139 liberum,

534 4184 596 4234 45
620 4161 966 4224 simulandi
998 4182 1068 4224 ac
1096 4162 1537 4224 dissimulandi
1562 4163 1740 4224 iuxta
1767 4163 2059 4241 ignarum
2082 4187 2098 4239 ;
2137 4165 2354 4226 animo
2379 4164 2610 4242 pusillo
2637 4164 2748 4225 sed
2774 4165 3042 4243 integrO,

622 4261 936 4323 sermonis
971 4261 1177 4339 parci3
1219 4281 1367 4321 eum
1404 4260 1672 4339 denique
1709 4281 1748 4322 a
1783 4282 1905 4339 quo
1936 4265 2182 4341 praeter
2209 4262 2499 4324 animum
2532 4261 2698 4323 nihil
2732 4266 3041 4340 expectes.

624 4359 1009 4422 Huiusmodi
1046 4359 1371 4420 hominem
1407 4358 1464 4420 si
1499 4361 1591 4434 tu,
1624 4359 1853 4434 Colete,
1890 4365 2065 4439 potes
2104 4381 2331 4436 amare,
2366 4360 2422 4422 si
2465 4363 2575 4422 tua
2611 4361 3046 4423 familiaritate

625 4459 890 4538 dignum
931 4459 1181 4535 iudicas,
1215 4457 1305 4519 ita
1346 4457 1685 4519 Erasmum
1727 4460 1795 4519 in
1838 4463 1951 4521 tuo
1986 4480 2126 4521 aere
2167 4462 2496 4521 numerato
2534 4463 2604 4520 vt
2642 4458 2807 4520 nihil
2846 4479 3047 4540 aeque

626 4560 808 4619 tuum
836 4558 1171 4619 existimes

1567 4696 1616 4743 9.
1652 4695 1790 4743 quae
1814 4686 1885 4731 F:
1919 4681 2012 4743 qui
2039 4684 2098 4731 Ε.
