3355 5380
241 357 418 440 1498]
1002 360 1109 421 ΤΟ
1148 361 1191 421 J
1195 360 1379 422 OHN
1421 361 1857 424 MAUBURN
2506 368 2614 423 201

230 518 526 579 iniunctis
570 535 684 577 vos
728 522 925 577 certos
968 518 1250 594 efficeret,
1296 518 1656 594 praesertim
1700 519 1853 596 quid
1905 518 2187 594 patribus
2231 518 2626 581 scribendum
2656 541 2716 576 10

227 618 477 696 putaret
499 637 515 691 3
557 616 725 694 quod
751 619 816 676 et
843 615 1006 676 feeit.

307 714 795 792 Expeotsuimus
821 717 887 775 et
909 714 1113 775 adhue
1139 718 1535 793 expectamus
1562 716 1975 776 reuerendum
2002 714 2072 776 in
2110 715 2358 777 Christo
2384 720 2624 795 patrem

230 818 522 889 vestrum,
564 833 754 891 quem
795 813 1259 873 admonendum
1298 817 1361 874 et
1402 812 1866 874 adhortandum
1907 813 2240 891 diligenter
2270 814 2626 875 curabimus

228 933 339 991 per
373 912 607 974 amieos
633 915 890 987 vestros,
921 912 1095 973 viros
1118 912 1336 989 vtique
1368 912 1769 990 grauissimos
1793 934 1807 985 ;
1850 911 2078 989 quibus
2113 916 2419 989 quantum
2456 912 2623 972 eordi

228 1010 358 1070 sint
398 1009 647 1088 negotis
677 1012 887 1072 vestra
913 1013 976 1069 et
1012 1013 1247 1088 quanta
1282 1010 1359 1071 ad
1396 1029 1508 1071 vos
1541 1009 1891 1071 afficiantur
1917 1009 2367 1083 beneuolentia,
2410 1029 2622 1071 meum
2654 1031 2710 1083 15

230 1111 392 1169 eerte
432 1128 560 1169 non
599 1111 699 1169 est
738 1108 940 1168 dieere
987 1112 1051 1169 et
1091 1108 1211 1184 ipsi
1254 1108 1407 1169 satis
1447 1106 1797 1186 intelligere
1835 1108 2111 1186 potestis.
2199 1107 2326 1168 Neo
2365 1107 2621 1170 moleste

228 1206 553 1268 ferendum
593 1206 650 1267 si
689 1206 860 1267 lento
902 1206 1152 1284 quidem
1194 1206 1388 1283 gradu
1430 1206 1633 1267 adhue
1671 1206 2012 1285 procedant
2051 1206 2264 1267 omnis
2291 1229 2307 1280 ;
2353 1206 2621 1269 arduum

229 1309 316 1365 est
355 1305 527 1366 enim
561 1305 829 1366 assuetis
872 1304 1370 1366 dissuetudinem
1407 1305 1569 1366 daoe.
1641 1302 1784 1365 ‘Sed
1821 1304 1932 1382 qui
1967 1304 2140 1365 dedit
2177 1304 2468 1382 incipere,
2511 1326 2622 1384 per

224 1404 492 1481 gratiam
523 1424 705 1465 susm
737 1404 913 1465 dabit
937 1407 1003 1464 et
1031 1403 1334 1481 perficere,
1379 1403 1467 1464 its
1507 1407 1580 1463 vt
1621 1403 1796 1463 breui
1831 1404 2046 1463 omnia
2088 1407 2616 1465 consummentur.

224 1502 334 1564 Eia
363 1503 573 1580 igitur,
598 1502 961 1580 dignissime
983 1501 1182 1576 Prior,
1206 1501 1441 1562 milites
1459 1504 1702 1562 vestros
1729 1501 2197 1562 strenuissimos
2216 1522 2345 1562 non
2371 1504 2620 1564 oessetis
2650 1523 2711 1559 πο

222 1602 529 1662 cohortari
554 1621 635 1660 ne
662 1601 1045 1674 deficiantur,
1077 1600 1356 1661 animare
1383 1600 1611 1660 curetis
1637 1619 1719 1659 ne
1748 1602 2236 1660 consternentur.
2321 1600 2422 1661 Sic
2448 1600 2618 1661 enim

222 1699 398 1759 faciet
419 1700 594 1760 Deus
614 1717 758 1759 eum
778 1698 1187 1759 tribulatione
1207 1701 1601 1776 prouentum,
1623 1699 1716 1759 its
1733 1701 1807 1759 vt
1825 1718 1953 1758 non
1978 1698 2333 1775 praeualest
2362 1699 2616 1761 Goliath

221 1796 517 1858 aduersus
542 1796 757 1872 Israel,
791 1797 900 1857 sed
926 1796 1215 1858 funditus
1242 1799 1498 1875 pereant
1526 1796 1873 1857 Philistini.

296 1897 523 1957 Prooes
556 1898 814 1970 vestras,
848 1915 990 1955 oum
1018 1895 1569 1973 quantulacunque
1594 1894 1957 1955 humilitate
1985 1893 2178 1969 valeo,
2212 1894 2618 1957 deuotissime

220 1993 651 2071 imploramus.
734 1993 906 2069 Vale,
938 1997 1127 2071 pater,
1159 2013 1304 2054 eum
1331 1993 1579 2054 vestris.
2646 2012 2704 2064 ²5

295 2092 437 2154 Diei
483 2112 609 2153 non
647 2094 869 2170 potest,
910 2095 1089 2169 pater
1128 2092 1425 2170 piissime,
1473 2111 1662 2169 quam
1702 2091 1823 2151 ista
1865 2093 2079 2168 ooepts
2109 2090 2272 2150 mihi
2309 2090 2612 2169 placeant.

219 2189 430 2252 Altius
457 2191 647 2267 plane
676 2210 748 2251 ae
775 2209 959 2268 porro
986 2210 1119 2250 rem
1147 2190 1457 2269 prospicio
1484 2190 1768 2250 diuinam
1794 2212 1808 2261 ;
1849 2207 2102 2267 prorsus
2128 2189 2289 2250 mihi
2316 2189 2580 2263 videtur,

703 2305 797 2365 Tu
839 2325 920 2365 ne
961 2304 1106 2365 eede
1147 2302 1347 2380 malis,
1393 2305 1500 2365 sed
1542 2307 1756 2365 eontra
1794 2303 2122 2364 audentior
2161 2302 2251 2363 ito

706 2405 909 2479 Quam
949 2407 1060 2464 tua
1101 2406 1162 2464 te
1201 2403 1452 2465 fortuna
1490 2404 1672 2465 sinet.

289 2518 404 2581 Est
458 2518 624 2581 mihi
673 2519 924 2579 animus
966 2518 1463 2597 pulcherrimum
1507 2517 1753 2578 facinus
1803 2520 2098 2591 vestrum,
2147 2516 2255 2576 vbi
2301 2516 2449 2594 quid
2496 2517 2611 2579 otii
2640 2538 2705 2588 30

209 2614 476 2692 dabitur,
510 2615 723 2694 aliquo
764 2615 1118 2678 litterarum
1161 2619 1573 2678 monumento
1615 2614 1965 2677 nobilitare.
2053 2612 2371 2675 Historias
2410 2635 2615 2676 emen-

208 2713 410 2777 datius
469 2715 812 2794 impressas
865 2717 1069 2777 mitto.
1173 2717 1269 2777 Tu
1316 2717 1416 2777 fao
1462 2715 1591 2777 mei
1637 2714 2003 2775 memineris
2044 2714 2114 2773 in
2155 2713 2437 2791 precibus
2484 2716 2612 2777 tuis

205 2816 263 2873 et
287 2813 445 2876 bene
480 2815 636 2889 vale,
671 2817 846 2891 pater
872 2815 1126 2892 optime.
1207 2816 1308 2876 Me
1333 2814 1431 2876 tui
1459 2812 1968 2874 amantissimum
1998 2813 2106 2872 sut
2134 2829 2274 2872 ama
2301 2814 2426 2885 sut,
2460 2812 2516 2873 si
2542 2812 2606 2872 id

208 2913 485 2976 multum
514 2917 630 2988 est,
660 2912 883 2974 saltem
909 2912 1113 2991 dilige.

286 3011 595 3073 Erasmus
622 3011 739 3073 tibi
766 3012 1065 3091 proprius.
1154 3011 1311 3074 Vale
1336 3032 1411 3072 ex
1440 3010 1715 3072 Parisiis.
2637 3027 2699 3078 35

848 3195 947 3257 74.
1037 3191 1133 3256 To
1180 3191 1547 3257 N1onoms
1590 3190 1920 3256 WERNER.

274 3313 406 3370 Vita
430 3312 661 3370 Erasmi
687 3332 742 3384 p.
774 3329 892 3384 193.
2144 3307 2394 3383 (Paris.)

272 3401 446 3458 Lond.
477 3403 640 3458 xxxi.
669 3419 770 3470 24:
808 3401 917 3459 LB.
943 3402 1088 3472 App.
1118 3414 1240 3471 502.
2049 3395 2130 3469 (o.
2154 3396 2317 3468 April
2345 3395 2537 3471 1498.)

264 3525 516 3589 [Plsinly
559 3527 973 3585 contemporary
1008 3522 1144 3571 with
1190 3523 1289 3584 Ep.
1325 3536 1402 3583 75.
1492 3519 1547 3568 It
1581 3523 1731 3568 must
1767 3519 1830 3567 be
1870 3517 2055 3581 placed
2092 3517 2292 3580 during
2325 3516 2608 3569 Cornelius

206 3590 447 3641 Gersrd's
482 3591 621 3640 visit
652 3593 709 3637 to
744 3588 898 3637 Paris
934 3588 1052 3650 (Ep.
1082 3587 1207 3649 78);
1255 3588 1366 3635 and
1401 3586 1497 3635 the
1531 3586 1902 3647 approximate
1937 3584 2060 3632 dato
2095 3597 2221 3645 may
2254 3584 2318 3632 be
2351 3585 2606 3634 obtained

204 3655 333 3706 from
364 3658 464 3707 the
507 3655 783 3705 mser-enee
813 3655 874 3703 in
906 3654 1000 3716 Ep.
1035 3669 1143 3715 124.
1176 3655 1209 3700 8
1246 3655 1335 3716 (ιο
1367 3655 1497 3714 Apr.
1538 3651 1684 3713 1500)
1721 3653 1777 3698 to
1809 3664 1841 3698 s
1873 3650 2023 3699 sever
2055 3649 2116 3698 of
2141 3648 2324 3698 which
2355 3649 2610 3700 Erasmus

206 3720 304 3772 had
325 3723 527 3786 nearly
551 3720 681 3770 died
704 3724 812 3770 two
834 3734 991 3783 years
1013 3717 1237 3782 before]
2605 3773 2610 3776 .

233 3871 543 3921 ERASMVS
589 3869 1093 3918 BOTERODAMVS
1135 3865 1436 3916 NICOLAO
1481 3864 1816 3912 WEBNERO
1864 3863 2225 3912 BELIGIOSO
2267 3863 2475 3911 PATRI
2519 3867 2573 3914 8.

276 3991 401 4053 Lm
442 4011 742 4054 mensem
782 3995 847 4052 et
898 3989 1237 4052 dimidium
1286 3986 1657 4066 grauissime
1707 3986 1938 4059 laboro,
1981 3988 2154 4063 pater
2201 3983 2602 4059 obseruando,

206 4109 307 4151 nec
361 4091 579 4153 adhue
635 4107 811 4168 spem
866 4089 1085 4150 salutis
1140 4086 1343 4148 video.
1446 4085 1610 4161 Quid
1666 4087 1764 4145 est
1816 4085 1949 4147 vits
2002 4082 2296 4158 hominis,
2355 4085 2606 4162 quantis

204 4188 521 4253 doloribus
571 4189 812 4250 mixta!
867 4186 1192 4248 Febrieuls
1238 4184 1397 4246 leuis
1437 4203 1541 4244 me
1580 4203 1738 4260 pene
1780 4181 2019 4256 oooidit,
2064 4180 2172 4242 sed
2223 4180 2599 4258 quotidiana.

206 4286 329 4349 Iam
371 4287 670 4351 mundus
722 4286 1021 4365 displioet,
1068 4289 1402 4346 oontemno
1455 4282 1601 4343 illas
1654 4300 1795 4360 spes
1848 4301 2035 4354 meas,
2094 4279 2372 4340 desidero
2426 4279 2602 4340 illam

204 4385 389 4449 vitun
417 4407 552 4467 qus
593 4385 666 4445 in
703 4388 916 4445 saneto
943 4384 1070 4445 otio
1098 4382 1333 4461 possim
1361 4379 1523 4442 mihi
1550 4384 1612 4441 et
1650 4380 1765 4442 vni
1794 4379 1926 4441 Deo
1952 4398 2188 4452 vacare,
2220 4377 2508 4438 meditari
2536 4376 2603 4436 in
2630 4397 2659 4447 5

452 4520 540 4572 78.
581 4530 667 4564 21.
705 4530 772 4564 ne
794 4521 902 4565 aab
923 4515 1251 4564 deficiantur
1273 4526 1364 4562 om.
1387 4514 1441 4567 β.
1963 4523 2045 4570 32.
2080 4509 2275 4558 omitto
2296 4509 2347 4562 β.

892 4667 970 4717 73.
1006 4664 1085 4713 28.
1119 4663 1202 4712 Tu
1225 4661 1319 4727 ne]
1343 4662 1499 4724 Vei-g.
1525 4665 1647 4710 Aen.
1674 4662 1724 4710 6.
1749 4673 1831 4722 95,
1858 4662 1904 4708 6.

293 4765 449 4796 ωε
1438 4765 1475 4804 p
