3355 5380
266 379 451 464 1511]
1109 388 1218 448 ΤΟ
1258 387 1484 450 JOHN
1526 390 1797 451 COLE'P
2537 394 2657 452 479

260 539 515 601 domino
541 540 881 616 Montioi03
922 544 1031 604 sed
1057 544 1190 622 ipse
1210 548 1421 623 potius
1448 566 1550 607 me
1570 548 1937 609 contraham
1960 552 2023 609 et
2050 568 2398 610 assuescam
2420 549 2668 611 fortiter

257 638 419 699 ferre
456 643 898 717 paupertatem.
988 644 1041 704 Ο
1083 643 1357 705 amicum
1405 645 1780 707 consilium!
1864 646 2067 723 Atqui
2108 647 2226 708 hoc
2269 649 2524 709 nomine
2563 650 2665 709 vel

259 738 532 798 maxime
559 738 664 800 odi
691 738 1011 802 fortunam
1039 760 1261 818 meam,
1293 763 1406 821 per
1438 764 1628 821 quam
1664 763 1794 805 non
1836 744 2019 805 liceat
2059 764 2193 805 esse
2224 747 2668 807 verecundum.
2691 751 2760 802 60

261 837 423 897 Cum
476 836 642 898 vires
688 838 941 915 ferrent,
989 839 1224 902 libebat
1272 841 1668 904 dissimulare
1710 842 2007 919 inopiam.
2092 842 2275 904 Nunc
2322 863 2452 905 non
2500 845 2663 920 licet,

262 934 389 994 nisi
427 935 622 996 libeat
662 940 726 996 et
765 937 966 999 vitam
1008 938 1362 1018 negligere3
1418 959 1778 1018 quanquam
1819 959 1946 1000 non
1987 940 2337 1017 vequeadeo
2375 941 2671 1019 perfricui

261 1030 487 1093 faciem
526 1038 598 1096 vt
640 1035 856 1097 omnia
896 1039 1105 1114 petam
1145 1037 1224 1098 ab
1263 1037 1575 1099 omnibus.
1659 1040 1723 1098 A
1763 1039 2020 1100 caeteris
2058 1058 2276 1099 vereor
2317 1058 2398 1100 ne
2443 1040 2673 1101 frustra

261 1136 516 1209 petam;
558 1153 596 1194 a
633 1136 695 1195 te
735 1154 884 1196 vero
925 1155 1049 1213 qua
1089 1135 1308 1210 fronte,
1341 1156 1583 1213 quaeso,
1613 1140 1828 1214 petam
1845 1138 1880 1197 ⁴?
1946 1138 2309 1214 praesertim
2351 1157 2497 1198 cum
2539 1139 2673 1216 ipse

263 1230 381 1290 hoc
413 1251 606 1308 opum
629 1251 853 1309 genere
879 1252 1011 1294 non
1044 1233 1384 1295 admodum
1412 1236 1707 1295 abundes.
1795 1235 2098 1295 Attamen
2135 1236 2191 1294 si
2227 1234 2347 1318 tibi
2374 1235 2675 1313 probatur
2697 1241 2759 1306 65

262 1327 721 1405 inuerecundia,
742 1331 965 1392 finiam
981 1332 1309 1409 epistolam
1328 1333 1608 1394 clausula
1622 1352 1814 1411 quam
1834 1352 2093 1411 possum
2110 1333 2672 1411 impudentissima.

265 1425 392 1488 Nec
417 1428 570 1488 adeo
594 1448 855 1505 possum
882 1431 1207 1508 perfricare
1235 1431 1456 1492 faciem
1486 1436 1557 1494 vt
1586 1432 1766 1493 nullo
1801 1431 1989 1492 titulo
2025 1432 2139 1492 abs
2172 1434 2237 1492 te
2270 1436 2518 1509 petam3
2560 1453 2675 1494 nec

263 1525 418 1586 adeo
457 1527 764 1604 superbus
802 1531 1017 1590 tamen
1058 1549 1199 1590 sum
1232 1533 1304 1591 vt
1344 1548 1579 1590 munus
1618 1529 1917 1603 reficiam,
1961 1530 2018 1590 si
2061 1529 2202 1607 quis
2250 1530 2395 1592 talis
2438 1534 2676 1594 amicus

262 1622 538 1685 libenter
581 1624 838 1700 dederit,
867 1627 1228 1703 praesertim
1277 1628 1396 1688 hoc
1440 1646 1646 1688 rerum
1698 1629 1887 1687 statu.
1969 1628 2145 1688 Vale.
2232 1628 2388 1689 Sum
2439 1629 2674 1691 oblitus

266 1720 596 1783 breuitatis
621 1741 811 1799 quam
839 1743 1297 1803 proposueram.
2701 1747 2765 1800 70

346 1818 541 1880 Venit
568 1820 637 1881 in
666 1825 947 1884 mentem
975 1823 1271 1899 quiddam
1301 1824 1464 1901 quod
1494 1823 1746 1898 ridebis,
1766 1823 1911 1884 scio.
1974 1824 2135 1884 Cum
2157 1823 2323 1885 inter
2344 1826 2676 1904 magistros

266 1915 506 1993 aliquot
532 1939 940 1997 proponerem
970 1922 1048 1982 de
1076 1921 1575 1999 hypodidascalo,
1609 1921 1867 1998 quidam
1907 1940 2035 1981 non
2073 1921 2327 1983 infimae
2364 1924 2677 2001 opinionis

267 2014 615 2092 subridens,
670 2021 684 2048 ‘
702 2019 857 2094 Quis
873 2020 889 2045 ’
932 2019 1137 2099 inquit
1185 2024 1199 2052 ‘
1217 2021 1532 2081 sustineat
1574 2020 1640 2080 in
1683 2039 1755 2079 ea
1796 2019 2011 2081 schola
2051 2020 2249 2080 vitam
2291 2040 2472 2099 agere
2512 2022 2680 2083 inter

267 2132 509 2190 pueros,
585 2117 692 2194 qui
759 2121 969 2195 posset
1035 2118 1245 2179 vbiuis
1312 2120 1863 2196 quomodocunque
1935 2118 2151 2179 viuere
2166 2121 2201 2180 ⁴?
2219 2121 2235 2145 '
2357 2120 2676 2198 Respondi

266 2212 629 2291 modestius,
675 2215 795 2277 hoc
836 2237 1070 2278 munus
1109 2217 1270 2278 mihi
1312 2217 1509 2278 videri
1559 2218 1662 2278 vel
1711 2216 1778 2276 in
1821 2217 2043 2293 primis
2088 2216 2443 2294 honestum,
2495 2218 2678 2279 bonis
2707 2237 2766 2290 75

269 2311 552 2373 moribus
605 2334 675 2375 ac
742 2316 944 2377 literis
1012 2316 1342 2377 instituere
1411 2317 1829 2389 iuuentutem,
1890 2333 2088 2391 neque
2145 2314 2470 2375 Christum
2539 2334 2677 2376 eam

266 2412 535 2472 aetatem
574 2416 1034 2493 contempsisse,
1082 2418 1147 2475 et
1187 2415 1255 2475 in
1296 2414 1539 2475 nullam
1582 2414 1815 2474 rectius
1857 2412 2146 2474 collocari
2186 2413 2572 2489 beneficium,
2614 2419 2678 2475 et

270 2527 578 2589 nusquam
619 2514 932 2590 expectari
972 2515 1246 2574 fructum
1272 2513 1640 2588 vberiorem,
1675 2515 1894 2589 vtpote
1922 2530 2066 2570 cum
2106 2511 2220 2572 illa
2259 2511 2345 2572 sit
2391 2531 2567 2590 seges
2607 2531 2679 2572 ac

270 2608 451 2684 sylua
492 2611 883 2689 reipublicae.
971 2612 1224 2684 Addidi,
1254 2612 1305 2673 si
1349 2611 1453 2689 qui
1504 2611 1634 2672 sint
1667 2610 1957 2671 homines
1995 2629 2139 2669 vere
2179 2608 2282 2686 pii,
2318 2628 2422 2669 eos
2459 2608 2525 2667 in
2564 2608 2680 2668 hac

270 2730 404 2771 esse
429 2712 742 2772 sententia
768 2716 838 2772 vt
866 2716 1095 2790 putent
1123 2732 1256 2773 sese
1286 2711 1461 2772 nullo
1488 2710 1687 2771 officio
1716 2709 1916 2787 magis
1942 2709 2244 2769 demereri
2266 2709 2473 2769 Deum
2493 2728 2678 2785 quam
2702 2717 2768 2767 80

270 2809 327 2868 si
354 2828 580 2885 pueros
606 2811 861 2871 trahant
887 2812 964 2871 ad
988 2811 1326 2873 Christum.
1414 2812 1625 2888 Atque
1654 2808 1711 2868 is
1737 2811 2063 2885 corrugato
2087 2827 2241 2867 naso
2264 2805 2676 2880 subsannanS‚

277 2907 381 2967 ‘Si
418 2908 590 2985 quis'
619 2908 824 2987 inquit
857 2909 1046 2969 ‘velit
1083 2908 1340 2969 omnino
1378 2907 1609 2969 seruire
1645 2905 1917 2980 christo,
1951 2905 2337 2982 ingrediatur
2374 2907 2679 2964 monaste·

273 3007 442 3066 rium
479 3026 549 3066 ac
585 3007 950 3085 religionem
971 3008 1004 3066 ’.
1090 3006 1410 3085 Respondi
1444 3006 1715 3066 Paulum
1757 3004 1825 3064 in
1863 3003 2182 3064 charitat-is
2208 3002 2425 3063 officiis
2450 3022 2681 3079 ponere

273 3125 484 3166 veram
510 3104 910 3182 religionem3
952 3106 1316 3167 charitatem
1349 3109 1560 3165 autem
1600 3104 1668 3163 in
1706 3104 1824 3164 hoc
1861 3122 1996 3163 esse
2038 3106 2109 3162 vt
2147 3101 2452 3179 proximis
2493 3119 2681 3179 quam

272 3205 551 3265 maxime
582 3204 909 3282 prosimus.
1000 3205 1233 3265 Reiecit
1270 3204 1387 3264 hoc
1422 3207 1722 3281 tanquam
1760 3201 2053 3279 imperite
2091 3199 2349 3262 dictum.
2441 3200 2456 3229 ⁴
2479 3197 2683 3272 Ecce,’
2706 3203 2768 3265 85

273 3303 495 3381 inquit,
530 3304 677 3363 ‘nos
704 3302 1072 3381 reliquimus
1098 3303 1313 3364 omnia
1336 3324 1351 3375 ;
1393 3302 1460 3362 in
1489 3300 1608 3361 hoc
1636 3304 1730 3360 est
1757 3298 2094 3377 perfectio!
2181 3301 2195 3329 ‘
2213 3297 2355 3357 Non
2394 3296 2646 3375 reliquit
2666 3296 2683 3320 ⁹

271 3400 531 3479 inquam
557 3402 572 3431 ⁴
589 3402 801 3462 omnia
827 3402 951 3480 qui,
973 3420 1116 3461 cum
1145 3400 1341 3478 possit
1361 3399 1657 3478 plurimis
1684 3398 1973 3476 prodesse
2001 3396 2210 3457 labore
2231 3415 2360 3470 suo,
2384 3395 2682 3456 detrectat

274 3500 547 3560 officium
575 3500 738 3578 quod
771 3499 1079 3560 humilius
1113 3499 1458 3559 habeatur.'
1539 3500 1750 3574 Atque
1784 3496 1892 3571 ita,
1928 3515 2006 3555 ne
2045 3494 2128 3554 lis
2167 3493 2451 3568 oriretur,
2485 3493 2683 3554 homi·

276 3617 422 3658 nem
479 3598 713 3659 dimisi.
827 3598 1022 3659 Vides
1077 3596 1444 3674 sapientiam
1500 3595 1890 3656 Scotisticam
1959 3595 2023 3653 et
2092 3592 2283 3652 habes
2338 3592 2677 3670 dialogum.

275 3695 550 3755 Rursum
578 3695 733 3755 vale.
824 3695 1257 3773 cantabrigiae
1284 3694 1582 3772 postridie
1610 3693 1885 3754 Simonis
1909 3694 1973 3753 et
2004 3692 2215 3752 Iudae.
2289 3685 2629 3771 [maxum]
2707 3703 2772 3754 90

876 3826 1083 3911 238,ae
1169 3825 1264 3890 Το
1309 3827 1626 3889 Anmmw
1672 3825 2076 3889 Amronms.

347 3912 592 3984 Farrago
616 3929 672 3981 p.
699 3926 819 3978 204.
2149 3906 2511 3978 Cambridge.

347 4000 405 4056 F.
431 4020 486 4072 p.
515 4013 650 4070 337:
689 3997 827 4055 HN:
867 3997 1042 4055 Lond.
1069 3997 1188 4055 viii.
1217 4013 1280 4067 7:
1327 3998 1434 4054 LB.
1467 4000 1584 4057 126.
2051 4010 2082 4050 2
2112 3994 2429 4051 November
2461 4007 2613 4064 1511.

1097 4104 1175 4169 [A
1199 4104 1491 4167 repetition
1513 4103 1572 4153 of
1591 4105 1689 4165 Ep.
1717 4101 1855 4164 234]

756 4220 1070 4270 EBASMvs
1115 4220 1444 4268 ANDRBAE
1491 4217 1822 4266 AMMONIO
1867 4217 1991 4265 SVO
2038 4218 2088 4265 S.
2137 4217 2201 4266 D.

360 4317 592 4379 Rmns1
617 4318 872 4378 tandem
912 4317 1337 4395 oenophorum
1377 4318 1560 4374 tuum
1588 4333 1714 4374 vna
1750 4333 1894 4374 cum
1930 4311 2254 4373 versiculis
2292 4308 2457 4370 male
2496 4308 2677 4368 natis.

275 4417 518 4493 Auriga
552 4417 883 4478 confirmat
920 4435 987 4476 se
1024 4414 1368 4476 reddidisse
1395 4412 1592 4486 Mor-0,
1619 4412 1783 4490 quod
1820 4411 1883 4472 id
1922 4410 2224 4488 temporis
2258 4408 2489 4469 aberas.
2577 4405 2680 4464 Ad

345 4530 458 4582 237.
475 4530 556 4589 58.
593 4528 814 4578 domino
836 4545 929 4579 om.
953 4533 1017 4578 H.
1366 4528 1447 4587 63.
1482 4539 1670 4575 vereor
1693 4540 1785 4574 om.
1807 4529 1873 4573 H.
2222 4522 2303 4571 68.
2338 4534 2458 4569 sum
2484 4522 2598 4568 add.
2624 4521 2680 4566 F.

276 4610 358 4658 90.
393 4606 615 4642 mnam
636 4597 752 4643 aad.
773 4597 840 4643 H.

926 4691 1038 4744 287.
1055 4689 1136 4739 86.
1173 4702 1272 4737 nos
1293 4684 1637 4748 reliquimus]
1664 4685 1819 4735 Matt.
1850 4699 1925 4746 19.
1950 4699 2028 4743 27.
