3355 5380
631 445 750 501 240
1156 404 1157 407 ‘
1356 435 1738 497 LETTERS
1779 435 1886 496 or
1928 430 2329 496 ERAsMUS
2846 430 3037 515 [1499

542 630 602 681 ¹5
632 596 914 658 minibus
956 598 1266 674 prestare;
1339 593 1651 672 siquidem
1694 596 1760 653 et
1806 610 1976 653 ceras
2019 596 2084 652 et
2132 591 2440 670 imagines
2486 594 2548 651 et
2594 593 2933 652 stemmata
2973 596 3038 653 et

632 711 847 754 aureas
886 694 1131 753 statuas
1164 694 1230 752 et
1269 692 1498 752 incisos
1540 691 1608 751 in
1649 710 1720 750 es
1759 688 1982 751 titulos
2018 692 2084 749 et
2123 709 2411 767 operosas
2450 690 2813 767 pyramides
2853 689 3040 768 longa

630 808 946 854 annorum
998 790 1188 851 series
1239 790 1593 862 demolitur,
1634 788 1771 849 sola
1820 790 2150 865 poetarum
2206 790 2617 848 monumenta
2665 788 2801 865 ipsa
2854 792 3041 861 etate,

633 908 755 968 que
795 908 895 949 res
942 888 1150 948 omnis
1196 887 1498 962 debilitat,
1551 886 1959 948 inualescunt.
2068 886 2247 961 Quod
2291 886 2633 963 prudenter
2676 886 3040 964 intelligens

632 986 990 1050 Alexander
1015 986 1141 1060 ille,
1174 988 1592 1064 cognomento
1619 984 1905 1063 Magnus,
1934 1002 1973 1044 a
1999 984 2285 1062 Cherylo,
2317 985 2498 1061 poeta
2534 1003 2663 1045 non
2698 985 3037 1045 admodum

546 1106 608 1142 20
633 1105 783 1147 sane
827 1083 1009 1159 bon0,
1056 1083 1341 1162 singulos
1392 1082 1735 1144 versiculos
1787 1080 2148 1143 tolerabiles
2202 1081 2474 1159 singulis
2521 1081 2916 1160 Phylippicis
2963 1103 3042 1143 ex

632 1187 812 1262 pacto
837 1181 1199 1244 redimebat.
1271 1180 1698 1259 Prospiciebat
1726 1180 2031 1240 nimirum
2055 1182 2122 1241 et
2146 1179 2395 1258 Apellis
2419 1179 2666 1241 tabulas
2691 1184 2755 1242 et
2782 1181 3043 1260 Lysippi

633 1286 872 1344 statuas
923 1281 1138 1360 paucis
1189 1280 1380 1342 annis
1439 1279 1816 1353 interituras,
1879 1298 1993 1339 nec
2054 1275 2392 1356 quicquam
2456 1278 2716 1338 omnino
2778 1278 3042 1339 fortium

635 1379 918 1441 virorum
973 1379 1343 1440 memoriam
1398 1381 1682 1439 eternam
1735 1395 1920 1454 posse
1982 1375 2233 1437 reddere
2293 1377 2502 1453 preter
2565 1376 3047 1437 immortalitate

634 1476 857 1556 dignas
893 1476 1285 1537 eruditorum
1325 1475 1660 1535 hominum
1701 1474 1983 1547 litteras3
2030 1493 2145 1534 nec
2185 1473 2391 1535 vllum
2430 1493 2562 1535 esse
2606 1475 2801 1552 glorie
2843 1494 3047 1552 genus

549 1604 605 1653 ²5
633 1574 960 1653 syncerius
985 1593 1054 1635 ac
1080 1574 1463 1653 prestantius
1485 1592 1673 1651 quam
1697 1572 1863 1649 quod
1882 1590 1921 1632 a
1939 1572 2208 1649 posteris
2227 1573 2453 1633 virtuti
2473 1573 2661 1633 datur
2684 1573 3038 1649 hominum,

637 1694 765 1735 non
805 1674 1105 1748 fortunae,
1135 1692 1267 1733 non
1306 1671 1387 1731 ab
1427 1691 1654 1747 amore,
1688 1690 1817 1731 non
1858 1690 1897 1731 a
1936 1674 2130 1745 metu,
2170 1690 2296 1732 non
2338 1670 2417 1731 ab
2456 1671 2896 1745 assentatione,
2933 1673 3045 1733 sed

636 1771 829 1832 libero
869 1771 1099 1833 iudicio
1147 1770 1518 1848 profectum.
1616 1770 1758 1846 Age
1811 1768 1952 1844 iam,
2006 1768 2116 1846 qui
2169 1768 2370 1829 malos
2411 1788 2634 1829 versus
2678 1771 2812 1830 tam
2860 1769 3049 1830 chare

635 1868 935 1948 prodigus
987 1868 1162 1942 emit,
1222 1887 1432 1928 nonne
1488 1869 1661 1944 optet
1717 1866 2087 1927 Homericos
2142 1887 2271 1927 non
2331 1867 2597 1944 singulis
2652 1867 2874 1937 aurei&
2932 1866 3045 1926 sed

636 1966 907 2044 singulis
946 1964 1209 2027 vrbibus
1248 1965 1548 2026 emercari
1568 1968 1602 2025 ‘1'
1684 1965 1885 2042 Quem
1928 1965 2184 2041 quidem
2235 1970 2521 2042 poaetam
2569 1969 2632 2024 et
2682 1965 2750 2025 in
2801 1962 3048 2024 deliciis

548 2089 611 2138 30
635 2064 942 2138 habuisse,
975 2068 1039 2124 et
1063 2062 1303 2126 Achilli
1339 2063 1645 2124 inuidisse
1684 2063 1929 2140 legitur,
1962 2063 2218 2124 beatum
2248 2063 2436 2124 illum
2463 2063 2887 2141 pronuncians
2912 2081 3050 2122 non

638 2162 847 2224 solum
872 2162 1125 2237 virtute,
1158 2163 1266 2224 sed
1294 2160 1696 2239 potissimum
1725 2162 1840 2222 tali
1868 2161 2180 2222 virtutum
2211 2181 2468 2223 suarum
2497 2182 2777 2240 precone.

722 2260 1095 2338 Quanquam
1128 2279 1259 2321 non
1296 2280 1396 2320 me
1434 2259 1598 2320 clam
1631 2262 1727 2319 est
1761 2259 1878 2319 hac
1910 2260 2125 2320 nostra
2152 2260 2456 2321 memoria
2482 2260 2795 2338 principes
2821 2259 3052 2337 pleros·

640 2379 761 2436 que
781 2358 1011 2419 litteris
1030 2361 1161 2418 tam
1183 2377 1311 2419 non
1335 2357 1629 2419 delectari
1650 2376 1839 2436 quam
1860 2376 1966 2418 eas
1986 2377 2115 2418 non
2130 2358 2501 2436 intelligunt
2524 2379 2540 2431 ε
2583 2359 2693 2436 qui
2709 2361 3053 2434 vtrumque

639 2455 814 2517 iuxta
832 2457 1121 2533 ineptum
1141 2456 1524 2531 existimant,
1550 2455 1681 2516 imo
1708 2455 2090 2533 pudendum,
2114 2457 2488 2534 optimatem
2515 2458 2725 2517 virum
2754 2455 2856 2516 vel
2888 2456 3052 2516 scire

551 2575 612 2628 35
638 2553 879 2615 litteras
897 2553 999 2615 vel
1018 2573 1056 2614 a
1074 2554 1371 2615 litteratis
1386 2554 1626 2615 laudari
1647 2578 1664 2630 ς
1706 2555 1884 2630 quasi
1900 2574 2050 2615 vero
2067 2556 2199 2616 sint
2228 2555 2348 2633 ipsi
2367 2556 2470 2616 vel
2496 2575 2643 2617 cum
2662 2556 3053 2631 Alexandro,

638 2653 739 2716 vel
794 2674 940 2715 cum
985 2653 1216 2729 Cesare,
1264 2652 1370 2715 vel
1422 2653 1687 2714 omnino
1742 2673 1886 2715 cum
1931 2654 2062 2715 vllo
2102 2656 2386 2716 veterum
2432 2659 2542 2717 aut
2589 2656 2894 2734 grauitate
2939 2658 3057 2717 aut

639 2752 945 2831 sapientia
997 2755 1107 2813 aut
1151 2752 1615 2813 benefactorum
1659 2751 1860 2830 gloria
1909 2753 2287 2815 conferendi.
2377 2754 2676 2831 Ineptum
2730 2756 2959 2830 putant
3015 2773 3058 2814 a

642 2855 822 2931 poeta
861 2850 1119 2926 laudari,
1151 2851 1297 2929 quia
1338 2849 1656 2911 desierunt
1694 2851 1892 2911 facere
1924 2851 2253 2926 laudanda,
2288 2872 2401 2913 nec
2432 2856 2646 2914 tamen
2677 2873 2715 2913 a
2753 2852 3061 2914 Gnatoni-

641 2950 761 3012 bus
807 2951 939 3011 suis
984 2949 1227 3011 laudari
1270 2947 1628 3026 refugiunt;
1690 2968 1729 3009 a
1769 2949 1996 3026 quibus
2037 2970 2103 3009 se
2146 2950 2340 3011 rideri
2379 2955 2489 3013 aut
2529 2952 2753 3024 sciunt,
2800 2951 2855 3010 si
2899 2949 3058 3028 quid

553 3080 618 3128 40
641 3050 915 3127 sapiunt,
944 3051 1054 3109 aut
1095 3047 1159 3108 id
1201 3047 1257 3108 si
1298 3047 1601 3123 nesciunt,
1633 3047 2000 3108 stultissimi
2042 3052 2211 3109 sunt.
2302 3049 2471 3124 Quos
2503 3049 2761 3129 quidem
2803 3069 2917 3127 ego
2948 3047 3059 3108 vel

642 3145 777 3222 ipso
819 3144 990 3205 Mida
1038 3142 1389 3205 stolidiores
1432 3144 1654 3216 iudicO,
1704 3144 1814 3223 qui
1862 3145 2128 3205 asininis
2176 3146 2474 3207 auriculis
2523 3148 2890 3225 deturpatus
2933 3150 3054 3218 est,

643 3263 774 3304 non
816 3243 982 3321 quod
1020 3241 1299 3303 carmina
1330 3245 1780 3317 contemneret,
1813 3243 1920 3304 sed
1955 3243 2122 3321 quod
2156 3244 2419 3321 agrestia
2444 3246 2745 3322 preferret
2770 3244 3058 3307 eruditis.

644 3341 811 3401 Mida
853 3342 1064 3418 itaque
1098 3360 1229 3401 non
1266 3343 1400 3400 tam
1432 3342 1683 3400 animus
1725 3340 1922 3402 defuit
1955 3361 2145 3419 quam
2183 3341 2531 3417 iudicium3
2571 3346 2637 3404 at
2675 3343 2782 3404 his
2818 3343 3061 3404 nostris

643 3442 999 3515 Vtrumque.
1088 3439 1148 3499 A
1185 3458 1453 3515 quorum
1495 3438 1771 3499 stulticia
1807 3460 1960 3517 qum
2004 3440 2425 3517 intelligerem
2468 3461 2829 3520 generosam
2872 3443 3061 3502 tuam

555 3554 618 3602 45
643 3535 917 3599 indolem
985 3535 1389 3597 vehementer
1450 3536 1800 3613 abhorrere,
1859 3537 2004 3599 Dux
2059 3538 2414 3615 clarissime,
2474 3559 2668 3618 eoque
2723 3541 2850 3600 iam
2906 3539 3067 3600 inde

643 3655 681 3696 a
707 3635 982 3712 puericia
1006 3637 1152 3694 tuos
1188 3637 1446 3694 conatus
1482 3639 1757 3713 spectare
1784 3639 1856 3696 vt
1881 3655 2010 3697 non
2039 3639 2171 3697 tam
2200 3640 2452 3698 tuorum
2479 3640 2835 3716 temporum
2862 3658 3064 3716 quam

645 3736 932 3795 veterum
959 3732 1189 3794 similis
1215 3733 1475 3794 euadere
1501 3734 1731 3811 cupiaS,
1766 3754 1895 3796 non
1921 3733 2160 3796 veritus
2187 3755 2332 3796 sum
2359 3736 2529 3796 hunc
2556 3735 3066 3814 qualemcunque

647 3831 1065 3912 panegyricon
1111 3831 1358 3893 nomini
1401 3836 1513 3894 tuo
1556 3854 1929 3912 nuncupare.
2040 3834 2159 3910 Qui
2208 3834 2264 3895 si
2312 3838 2419 3897 tue
2466 3834 2824 3897 celsitudini
2866 3836 3068 3914 longe

648 3933 852 4010 impar
897 3933 993 4010 (vt
1035 3931 1155 4008 est)
1196 3930 1532 4006 videbitur,
1581 3932 1944 3994 memineris
1990 3932 2180 3995 facito
2228 3938 2292 3995 et
2341 3937 2795 4008 Artarxersem,
2843 3954 3068 4013 regem

561 4054 624 4105 50
647 4027 1242 4109 prestantissimum,
1291 4049 1518 4107 aquam
1570 4049 1608 4090 a
1660 4033 1973 4092 rusticano
2027 4032 2299 4109 quodam
2355 4033 2651 4110 operario,
2701 4053 2891 4111 quam
2946 4032 3070 4093 ille

649 4148 843 4189 manu
858 4129 1120 4206 vtraque
1139 4126 1439 4190 haustum
1460 4129 1848 4207 obequitanti
1869 4130 2196 4208 obtulerat,
2221 4131 2487 4193 hilarem
2506 4132 3071 4209 subridentemque

648 4226 954 4305 accepisse
982 4247 998 4300 ε
1037 4228 1102 4287 et
1133 4226 1411 4286 eiusdem
1448 4227 1724 4288 nominis
1760 4228 1970 4303 alium,
2003 4232 2075 4290 vt
2107 4228 2345 4309 opinor,
2377 4250 2489 4307 pro
2527 4230 2695 4291 malo
2731 4250 2769 4291 a
2804 4249 3075 4308 pauper-

650 4323 793 4385 culo
818 4323 1109 4402 quopiam
1135 4323 1328 4385 allato
1355 4325 1608 4403 perinde
1633 4330 1707 4387 vt
1739 4347 1853 4404 pro
1880 4327 2503 4407 magnificentissimo
2532 4347 2793 4389 munere
2824 4328 3076 4406 gratias

651 4420 864 4501 egisse,
902 4423 1110 4482 ratum
1134 4421 1428 4483 videlicet
1455 4441 1584 4484 non
1613 4423 1829 4485 minus
1856 4443 1990 4485 esse
2020 4425 2224 4504 regale
2251 4445 2443 4502 parua
2469 4428 2754 4503 prompte
2781 4425 3078 4503 accipere

724 4567 799 4613 ¹7·
835 4553 1193 4601 monumenta
1214 4553 1280 4606 βε
1317 4555 1589 4603 momenta
1612 4572 1659 4603 α.
1882 4570 1957 4618 19.
1992 4556 2059 4609 βε
2093 4560 2424 4620 9gnomento
2444 4574 2492 4606 a.
2698 4557 2779 4604 28.
2813 4558 2880 4608 βε
2918 4560 3082 4621 opti-

653 4622 789 4668 nent
812 4636 861 4667 α.
1096 4632 1177 4679 33.
1212 4633 1303 4667 eas
1324 4623 1441 4668 add.
1463 4621 1514 4674 β.
1752 4621 1834 4682 36.
1869 4621 1981 4669 vllo
2002 4623 2069 4676 βε
2107 4622 2203 4671 illo
2225 4639 2274 4672 α.
2491 4636 2574 4684 39.
2611 4622 2657 4670 si
2681 4619 2816 4684 quid
2834 4624 3084 4685 sapiunt

651 4700 743 4734 om.
765 4686 819 4739 β.
1007 4698 1090 4745 4ο.
1126 4685 1186 4734 id
1208 4689 1320 4734 add.
1344 4686 1399 4739 β.
1550 4688 1682 4736 sunt
1702 4703 1765 4737 αε
1797 4687 1912 4736 sint
1935 4690 2148 4749 oportet
2171 4690 2222 4741 β.
2402 4702 2482 4749 45.
2523 4686 2649 4736 inde
2672 4702 2704 4738 a
2727 4689 2982 4750 puericia
3005 4709 3040 4740 α
3063 4708 3086 4743 ε

651 4763 798 4799 nunc
821 4764 854 4799 a
873 4764 1041 4813 puero
1062 4750 1115 4803 β.
1311 4763 1392 4814 51·
1428 4751 1682 4801 haustam
1707 4754 1760 4807 β.
