3355 5380
335 363 517 448 1501]
984 368 1090 429 ΤΟ
1147 367 1501 429 ΑΝΤΟΝῩ
1556 368 1663 429 oF
1718 368 2064 429 BERGEN
2614 374 2739 428 339>

320 524 668 586 Monachus
695 526 878 603 longe
907 525 1079 587 aliud
1101 525 1424 601 simulans,
1444 527 1518 587 vt
1539 529 1753 587 narrat
1772 525 1921 602 ipse,
1944 528 2108 586 recta
2129 524 2274 586 iude
2291 525 2367 586 ad
2387 524 2732 586 officialem

322 641 510 700 quem
552 626 795 698 vocant,
843 623 1050 684 virum
1093 623 1370 700 profecto
1410 641 1662 685 summa
1708 622 1880 683 vitae
1926 622 2288 700 integritate
2335 625 2398 682 et
2445 621 2734 684 absoluta

323 720 480 782 iuris
503 721 828 799 vtriusque
864 722 1195 799 prudentia
1230 722 1777 799 spectatissimum,
1811 721 2013 783 nostri
2050 720 2351 782 maiomm
2376 720 2444 781 in
2472 720 2731 782 modum

318 823 660 883 amantem.
718 821 788 881 Is
814 840 961 882 vero
988 820 1056 881 in
1093 840 1162 880 re
1188 823 1321 882 tam
1347 819 1704 898 prodigiosa
1729 818 1895 880 nihil
1916 819 2107 879 etiam
2128 819 2510 880 contandum
2535 821 2732 893 ratuS,

319 916 649 979 hominem
685 918 982 996 prodente
1016 917 1308 996 theologo
1345 938 1456 996 per
1491 917 1695 997 regios
1729 917 2054 978 ministros
2080 917 2148 977 in
2175 916 2430 977 vincula
2457 917 2725 988 coniicit,

322 1034 451 1075 non
479 1015 619 1077 sine
643 1036 836 1078 vxore
863 1021 927 1077 et
953 1016 1098 1078 filia.
1176 1016 1482 1079 Protinus
1508 1017 1577 1077 in
1603 1015 1788 1077 aedes
1814 1015 2145 1094 irruptum,
2171 1015 2541 1092 mysterium
2571 1014 2730 1075 illud

319 1112 714 1175 adorandum
766 1112 1005 1176 honore
1066 1134 1189 1192 quo
1244 1114 1654 1176 conueniebat
1706 1114 2043 1191 prolatum,
2093 1113 2337 1191 dieique
2381 1114 2518 1174 eius
2565 1114 2729 1189 quod

322 1214 456 1272 erat
489 1211 805 1290 reliquum
840 1216 904 1274 et
941 1233 1066 1275 nox
1103 1213 1313 1274 omnis
1347 1233 1385 1274 a
1419 1212 1585 1275 clero
1618 1212 2062 1289 monachisque
2095 1216 2415 1289 pernoctes
2438 1211 2732 1272 excubias

323 1310 654 1389 agentibus
678 1310 1045 1373 solennibus
1072 1311 1467 1373 cantionibus
1493 1315 1558 1373 et
1583 1312 1868 1391 precibus
1895 1310 2216 1372 celebrata.

405 1409 720 1471 Postridie
748 1409 986 1472 indicta
1012 1409 1292 1471 solennis
1318 1409 1709 1488 supplicatio,
1727 1409 2088 1471 vestiuntur
2106 1409 2418 1487 tapetibus
2438 1408 2734 1487 vtrinque

321 1505 476 1581 viae,
528 1528 773 1586 quaque
819 1508 1030 1569 ibatur
1071 1528 1314 1586 quaque
1358 1509 1435 1570 ad
1491 1507 1804 1586 templum
1852 1506 2208 1575 redibatur·
2262 1505 2733 1585 perstrepebant

321 1605 473 1666 vrbe
521 1607 656 1666 tota
705 1607 947 1683 templa
1001 1607 1195 1667 sacris
1249 1605 1713 1668 tintinnabulis.
1802 1606 2093 1667 Procedit
2145 1605 2349 1667 clerus
2402 1605 2733 1666 vniuersus

320 1723 466 1764 cum
531 1702 665 1765 suis
728 1704 993 1782 quisque
1048 1704 1333 1782 reliquiis
1386 1707 1520 1766 tota
1583 1704 1844 1766 ciuitate
1896 1706 1975 1765 ad
2030 1702 2458 1782 spectaculum
2512 1703 2725 1778 effusa,

319 1801 635 1880 dignaque
676 1822 905 1881 pompa
945 1807 1408 1865 sacramentum
1449 1824 1484 1864 e
1525 1803 1965 1865 consceleratis
2004 1802 2262 1864 aedibus
2301 1800 2621 1862 sublatum
2662 1802 2731 1862 in

321 1899 633 1977 templum
689 1900 1048 1962 salutiferae
1104 1901 1287 1963 Cruci
1342 1921 1590 1963 sacrum
1645 1901 1941 1962 defertur.
2053 1899 2156 1960 Ibi
2211 1898 2542 1978 theologus
2600 1903 2730 1960 tam

321 1997 633 2077 frequenti
668 1998 959 2061 concione
999 2003 1301 2079 quantam
1340 2004 1524 2062 antea
1555 2000 1759 2061 visam
1792 2000 1986 2061 fuisse
2019 2002 2272 2077 negant,
2310 2019 2444 2059 rem
2477 2017 2730 2058 omnem

322 2117 452 2158 non
506 2098 646 2160 sine
702 2096 933 2177 gloriae
987 2098 1340 2178 suspicione
1392 2098 1691 2176 exponit;
1733 2098 2076 2159 identidem
2126 2097 2446 2159 obtestans
2492 2095 2731 2158 Christi

318 2216 545 2274 corpus
586 2195 748 2257 inibi
788 2196 906 2258 sub
938 2197 1044 2259 dio
1082 2197 1458 2275 appositum,
1502 2201 1575 2259 vt
1615 2200 1749 2258 erat
1788 2216 1863 2256 ex
1904 2195 2165 2256 aedibus
2211 2194 2479 2256 malefici
2520 2194 2730 2272 depor-

321 2298 545 2356 tatum.
620 2295 875 2356 Fecerat
903 2294 1072 2357 idem
1097 2295 1414 2373 postridie,
1444 2295 1726 2357 facturus
1754 2295 1906 2357 item
1936 2295 2231 2372 deinceps
2257 2298 2341 2369 et,
2370 2297 2440 2355 vt
2468 2294 2731 2373 quicque

319 2392 417 2454 illi
452 2393 522 2453 in
555 2393 834 2456 vinculis
868 2394 1138 2457 fuissent
1173 2393 1462 2470 confessi,
1504 2394 1592 2455 ita
1628 2393 1906 2472 quotidie
1944 2392 2173 2471 populo
2209 2391 2729 2464 renunciaturus;

322 2491 487 2568 quod
546 2491 671 2553 sibi
726 2492 910 2553 credo
973 2492 1392 2554 certissimam
1459 2491 1769 2570 parandae
1837 2489 2335 2551 immortalitatis
2396 2489 2728 2551 materiam

318 2588 597 2650 oblatam
638 2609 773 2651 esse
815 2590 1131 2666 iudicaret,
1175 2590 1300 2651 nisi
1342 2589 1657 2666 officialis,
1703 2590 1803 2649 vir
1837 2588 2102 2650 minime
2144 2589 2395 2664 stultus,
2435 2588 2727 2665 theologo

321 2688 452 2748 iam
470 2690 736 2751 ventoso
760 2689 993 2767 gloriae
1015 2708 1201 2750 curru
1221 2687 1519 2751 volitanti
1545 2688 1874 2750 silentium
1900 2686 2319 2766 imposuisset.
2388 2685 2727 2748 Excutiun·

321 2789 431 2847 tur
455 2790 521 2847 et
546 2787 889 2849 audiuntur
914 2788 1158 2849 assidue
1185 2807 1224 2848 a
1247 2787 1560 2866 theologis
1586 2808 1624 2849 a
1651 2787 1903 2849 Lutetia
1930 2787 1998 2847 in
2026 2787 2145 2847 hoc
2170 2785 2400 2859 ascitis,
2426 2784 2729 2846 adhibitis

321 2884 477 2945 item
547 2885 791 2948 duobus
856 2886 1314 2949 iureconsultis.
1404 2885 1702 2947 Narrauit
1772 2885 1953 2946 nobis
2013 2884 2312 2946 Officialis
2378 2884 2729 2963 prodigiosa

322 2984 627 3062 quaedam
652 2984 723 3045 in
751 2985 1222 3064 quaestionibus
1248 3006 1286 3046 a
1313 2985 1450 3046 viro
1477 2984 1720 3063 aperiri,
1751 2984 1858 3045 sed
1888 3003 2041 3062 quae
2073 2983 2355 3045 nondum
2393 3002 2507 3060 pro
2543 2982 2729 3044 certis

319 3082 540 3144 referri
591 3088 865 3161 possent,
922 3085 1087 3162 quod
1142 3084 1352 3162 ipsum
1407 3083 1531 3144 sibi
1584 3103 1809 3162 parum
1864 3081 2067 3143 adhuc
2122 3084 2409 3142 const-are
2463 3080 2727 3142 diceret:

322 3180 657 3243 mulierem
695 3185 884 3243 noctu
926 3182 1175 3244 miseris
1211 3182 1415 3243 modis
1449 3200 1488 3241 a
1521 3181 1970 3242 cacodaemone
2005 3179 2233 3254 vexari,
2276 3180 2493 3259 pungi,
2538 3180 2723 3252 caedi,

323 3281 570 3357 raptari,
592 3299 879 3359 peneque
903 3280 1289 3343 exanimari:
1323 3279 1524 3341 filiam
1551 3299 1700 3341 vero
1726 3279 1827 3341 sui
1854 3298 2135 3341 securam
2162 3298 2365 3357 neque
2394 3278 2728 3357 quicquam

318 3377 618 3456 supplicii
652 3383 828 3441 metu
865 3379 1266 3455 commoneri,
1297 3378 1464 3457 quod
1491 3378 1613 3439 sibi
1643 3377 1923 3456 quotidie
1961 3397 2106 3439 cum
2143 3377 2283 3438 luce
2317 3380 2564 3454 praesto
2592 3376 2728 3437 fieri

320 3477 595 3539 affirmat
643 3477 851 3539 nescio
899 3498 1105 3557 quem,
1147 3478 1257 3558 qui
1299 3478 1677 3539 consolando
1723 3477 2002 3539 dolorem
2050 3476 2149 3537 illi
2192 3496 2446 3537 omnem
2487 3475 2728 3537 adimat

316 3577 654 3655 animoque
677 3576 1022 3654 tranquillo
1057 3596 1193 3638 esse
1227 3576 1453 3638 iubeat.
1528 3574 1805 3636 Tenetur
1829 3579 1894 3636 et
1923 3574 2223 3653 Magduni
2253 3573 2522 3635 malefici
2550 3573 2728 3635 cuius

317 3694 514 3753 supra
539 3674 806 3737 memini
831 3676 1039 3737 vidua.

399 3774 644 3835 Eamus
691 3794 861 3835 nunc
902 3778 966 3837 et
1012 3773 1315 3849 Medeam,
1370 3775 1734 3852 Thyestem,
1784 3773 2101 3835 Neronem
2149 3776 2479 3849 poetarum
2529 3790 2727 3849 nugas

316 3893 455 3935 esse
487 3871 829 3948 credamus,
862 3893 1007 3933 cum
1036 3871 1392 3934 Christiana
1427 3872 1720 3953 impietas
1754 3872 2067 3933 eiusmodi
2104 3870 2349 3947 piacula
2376 3868 2721 3948 protulerit,

317 3992 594 4052 quorum
635 3991 716 4031 ne
756 3971 1017 4032 nomina
1060 3971 1315 4049 quidem
1359 3971 1530 4033 norit
1574 3970 1934 4049 antiquitas·
2023 3970 2200 4045 Quod
2248 3969 2420 4031 enim
2469 3965 2724 4028 tandem

317 4070 466 4132 huic
510 4072 798 4132 monstro
837 4068 1210 4130 vocabulum
1244 4069 1535 4131 indemus
1555 4072 1588 4132 ⁶?
1671 4068 1839 4131 Nam
1880 4068 2355 4142 Chaldaeorum,
2387 4066 2727 4145 genethlia-

317 4188 556 4243 corum,
604 4167 1213 4239 mathematicorum‚
1257 4168 1703 4243 maleficorum,
1765 4167 2282 4245 Pythonicorum,
2339 4166 2720 4240 diuinorum,

316 4266 740 4345 hamspicum,
772 4283 1100 4344 augurum,
1124 4264 1480 4342 ariolorum,
1512 4267 2139 4341 necromanticorum,
2169 4264 2720 4343 geomanticorum,

317 4364 776 4443 sortilegorum,
820 4362 1282 4424 incantatorum
1325 4363 1420 4425 vti
1460 4362 1625 4425 leuia
1667 4364 1928 4425 nomina
1970 4363 2135 4423 nihil
2177 4363 2371 4424 etiam
2414 4362 2492 4422 ad
2533 4359 2726 4421 huius

389 4498 498 4557 ¹76.
535 4512 566 4546 a
590 4501 696 4545 mo
719 4496 936 4545 Lutetia
959 4511 1048 4544 om.
1078 4499 1143 4544 H.
1213 4488 1218 4495 ’
1317 4510 1424 4557 190.
1461 4496 1888 4559 Pythonicorum
1914 4499 1965 4542 H
1987 4512 2000 4542 ε
2037 4494 2447 4543 Plutonicorum
2476 4496 2541 4542 E:
2583 4490 2722 4552 Phy-

318 4563 624 4611 tonicorum
646 4565 692 4610 P
707 4578 722 4611 ι
753 4566 860 4609 item
883 4564 1016 4624 insta
1037 4565 1069 4610 l.
1100 4561 1204 4622 196.

494 4691 600 4738 ¹74.
638 4676 918 4742 Officialis]
946 4676 1116 4727 Iudex
1138 4678 1489 4741 Episcopalis,
1518 4677 1807 4740 Ducange3
1842 4677 1937 4725 the
1964 4676 2189 4723 modern
2215 4673 2551 4725 Chaucellor.

2763 740 2851 791 ¹55

2763 1220 2854 1268 160

2760 1706 2849 1768 165

2760 2208 2854 2260 ¹70

2756 2701 2845 2754 ¹75

2689 3179 2847 3226 '180

2757 3674 2844 3741 ¹35

2754 4178 2849 4227 190
