3355 5380
279 422 462 506 1501]
941 427 1048 489 ΤΟ
1105 428 1540 491 NICHOLAS
1593 428 2036 491 BENSROTT
2552 434 2669 490 369

271 603 469 662 neque
495 583 923 646 dissimulabo,
996 584 1221 646 Enitar
1246 605 1359 663 pro
1386 584 1624 646 viribus
1649 588 1724 646 vt
1751 585 1806 645 si
1833 585 1997 664 grati
2016 607 2251 648 nomen
2278 606 2408 649 non
2433 588 2671 665 possim

269 683 533 760 assequi,
565 681 791 743 saltem
818 682 1054 760 ingrati
1080 682 1360 744 hominis
1386 686 1603 744 notam
1630 683 1844 744 videar
1868 684 2177 762 effugisse.
2265 687 2439 749 Vale.

350 780 599 842 Salutat
646 782 711 841 te
757 800 835 841 ex
880 781 1093 843 animo
1140 781 1380 857 Battus,
1427 785 1564 843 toto
1613 784 1861 859 pectore
1915 785 2081 845 tuus.
2170 783 2267 844 Ex
2314 786 2663 848 Tornehen.
2702 807 2756 857 ¹5

270 898 370 940 xv.
419 878 725 941 calendas
767 880 1060 958 Augusti.
1150 876 1370 961 [Anno
1411 899 1475 941 κ.
1491 899 1653 941 cccc.
1669 877 1868 962 xcm]

824 1077 966 1138 161.
1055 1074 1153 1139 To
1197 1074 1489 1140 Au'romr
1534 1091 1619 1137 or
1664 1074 2118 1142 Luxnnnuao.

337 1207 591 1279 Farrago
613 1228 669 1280 p.
695 1224 816 1278 271.
1648 1255 1653 1264 .
2165 1211 2538 1269 Tournehem.

339 1296 400 1353 F.
424 1314 480 1368 p.
510 1298 645 1367 388:
687 1296 828 1354 HN:
870 1295 1044 1353 Lond.
1068 1297 1144 1353 ix.
1170 1313 1271 1353 22:
1311 1296 1421 1354 LB.
1453 1312 1535 1368 57.
2108 1302 2171 1355 18
2197 1298 2332 1370 July
2361 1298 2594 1373 (1501).

1015 1420 1465 1485 [Contemporary
1486 1420 1621 1469 with
1648 1420 1746 1482 Ep.
1776 1420 1909 1485 159.]

368 1551 686 1600 Elusuvs
733 1552 1243 1602 ROTERODAMVS
1288 1554 1354 1601 D.
1402 1553 1711 1602 ANTONIO
1757 1552 2247 1602 LVTZENBVRGO
2291 1557 2343 1605 Β.
2391 1556 2448 1603 Ρ.
2495 1556 2542 1603 D

338 1676 542 1751 Qvas1
591 1695 813 1752 parum
857 1676 1051 1737 fuerit
1100 1677 1266 1754 quod
1316 1696 1460 1737 cum
1502 1676 1643 1736 istic
1691 1695 1990 1752 essemus,
2036 1680 2168 1736 tam
2218 1676 2502 1754 improbe
2546 1677 2664 1737 tibi

260 1773 587 1852 negocium
628 1775 905 1851 fecimuS,
953 1775 1198 1836 absenti
1240 1794 1487 1853 quoque
1532 1774 1874 1848 faciemus3
1927 1794 2148 1835 verum
2188 1773 2375 1850 istud,
2419 1775 2667 1835 Antoni

259 1872 680 1947 festinissime‚
728 1894 856 1934 non
898 1873 1327 1951 impudentiae
1368 1875 1630 1947 nostrae,
1676 1873 1786 1933 sed
1837 1875 1983 1933 tuae
2029 1872 2333 1950 singulari
2375 1872 2666 1934 facilitati

258 1969 533 2048 imputes
586 1976 847 2050 oportet.
962 1971 1340 2050 Scripsimus
1394 1969 1620 2031 Iacobo
1674 1971 1912 2044 Tutori,
1972 1971 2203 2048 partim
2259 1973 2330 2031 vt
2389 1973 2665 2031 veterem

258 2066 568 2147 hospitem
625 2074 912 2131 nostrum
968 2071 1086 2131 hoc
1140 2073 1442 2149 tanquam
1497 2070 1654 2149 ξενΐῳ
1713 2068 2107 2151 donaremus,-
2150 2068 2383 2147 partim
2438 2071 2512 2129 vt
2565 2068 2665 2129 illi
2689 2080 2718 2128 5

257 2165 458 2227 veluti
483 2168 777 2229 stimulos
802 2169 1286 2244 subiiceremus3
1336 2188 1461 2247 quo
1498 2167 1701 2245 magis
1738 2167 2012 2228 curando
2040 2185 2293 2227 summa
2316 2166 2400 2242 vi,
2433 2166 2659 2242 studio,

258 2264 522 2343 ingenio
589 2266 835 2345 fideque
899 2267 1225 2328 annitatur
1276 2269 1350 2327 vt
1403 2266 1553 2327 talis
1611 2266 1822 2327 redeat
1883 2264 2241 2328 adolescens
2304 2266 2411 2344 qui
2465 2267 2664 2344 possit

255 2361 562 2442 Bergensi
614 2364 797 2443 stirpi
857 2365 1038 2426 facile
1093 2365 1378 2426 omnium
1434 2364 1870 2425 ornatissimae
1923 2365 2062 2423 tum
2118 2362 2468 2425 eruditione
2520 2366 2663 2424 tum

253 2462 540 2523 moribus
579 2463 928 2540 splendoris
973 2463 1387 2525 accessionem
1434 2463 1710 2541 aliquam
1758 2462 2112 2539 adiungere.
2197 2461 2302 2522 Ad
2346 2480 2488 2522 eam
2526 2481 2661 2522 rem

251 2560 511 2622 tametsi
538 2561 702 2622 nihil
728 2560 978 2640 ambigo
1015 2561 1170 2640 quin
1207 2561 1313 2622 ille
1348 2563 1569 2640 suapte
1607 2562 1831 2637 sponte
1864 2580 2116 2622 summo
2142 2559 2286 2620 nisu
2314 2560 2658 2636 incumbat,
2690 2591 2750 2626 10

252 2661 475 2724 tamen
516 2680 688 2723 meas
728 2664 936 2740 partes
975 2681 1108 2723 esse
1149 2665 1303 2741 puto
1343 2680 1606 2740 meoque
1646 2660 1718 2722 in
1759 2678 1946 2721 omne
1986 2659 2159 2721 istud
2200 2678 2401 2738 genus
2447 2678 2661 2721 amore
2788 2681 2794 2688 ·

249 2756 553 2837 illiusque
578 2759 649 2819 in
679 2779 781 2819 me
799 2760 1119 2822 beneficiis
1144 2760 1429 2839 dignum,
1452 2762 1526 2820 vt
1544 2758 1811 2821 subinde
1829 2758 1931 2820 vel
1959 2758 2250 2833 currenti,
2275 2758 2436 2836 quod
2457 2757 2655 2833 aiunt,

250 2855 450 2919 calcar
485 2856 716 2919 addere
754 2876 983 2920 curem.
1068 2860 1193 2920 Eas
1227 2858 1443 2918 literas
1466 2858 1760 2920 Antonio
1777 2856 2104 2918 tabellioni
2131 2856 2406 2917 studiose
2431 2856 2655 2928 trades,

247 2954 842 3034 commendabisque
882 2960 953 3017 vt
984 2976 1108 3034 qua
1140 2957 1300 3019 solet
1331 2975 1479 3018 cura
1517 2955 1765 3034 fideque
1797 2953 2123 3015 Aureliam
2162 2954 2429 3032 perferat
2454 2975 2470 3027 ;
2524 2973 2661 3030 pro·

246 3051 564 3115 fecturum
592 3054 763 3116 enim
789 3056 989 3117 audio.
2687 3067 2705 3102 ¹
2716 3066 2745 3117 5

323 3153 678 3228 Caeterum,
713 3153 1172 3215 humanissime
1208 3154 1300 3215 mi
1332 3154 1597 3229 Antoni,
1639 3153 1695 3213 si
1731 3153 1882 3230 quid
1921 3152 2112 3212 etiam
2144 3150 2468 3211 valeamus
2506 3148 2661 3210 libet

245 3269 629 3328 cognoscere,
682 3252 930 3330 agimus
977 3256 1142 3313 certe
1188 3252 1452 3313 feliciter
1496 3255 1684 3331 atque
1729 3250 2043 3324 suauiter3
2105 3247 2207 3309 vel
2255 3248 2420 3327 quod
2470 3248 2660 3308 Batto

242 3347 536 3426 fruimur,
570 3350 749 3411 cuius
785 3370 899 3429 ego
936 3351 1149 3412 animo
1176 3350 1528 3411 certissimo
1556 3348 2122 3426 candidissimoque
2148 3348 2239 3408 sic
2265 3367 2367 3407 me
2396 3344 2652 3420 oblecto,

241 3444 327 3506 sic
379 3468 627 3526 pascor,
679 3451 750 3509 vt
806 3448 1004 3509 nolim
1060 3448 1162 3509 vel
1215 3448 1539 3510 vniuersas
1592 3449 1883 3509 Arabum
1936 3466 2117 3525 gazas
2171 3464 2317 3506 cum
2370 3444 2488 3505 hac
2535 3462 2659 3504 vna

238 3544 549 3609 felicitate
584 3550 972 3608 commutare
998 3571 1013 3622 ;
1055 3548 1159 3609 vel
1191 3547 1356 3626 quod
1384 3549 1520 3608 toto
1545 3548 1792 3624 pectore
1832 3546 1900 3606 in
1941 3545 2141 3607 literis
2167 3563 2404 3617 sumus,
2433 3544 2500 3602 et
2525 3542 2658 3600 tan·
2683 3566 2745 3601 20

237 3663 425 3720 quam
454 3646 546 3708 ab
572 3647 749 3706 omni
776 3647 1183 3724 negociorum
1211 3646 1476 3723 strepitu
1505 3645 1692 3722 longe
1718 3646 1943 3705 semoti
1970 3645 2038 3706 in
2065 3643 2311 3704 intimis
2329 3642 2657 3703 Musarum

237 3743 598 3805 recessibus
632 3744 829 3805 abditi
869 3745 1156 3806 latemus.
1242 3745 1518 3805 Deorum
1548 3743 1733 3821 plane
1760 3743 1909 3818 vita,
1939 3742 1995 3803 si
2021 3742 2379 3820 plusculum
2412 3741 2655 3801 adesset

238 3837 577 3903 librorum.
629 3841 821 3904 Hunc
835 3844 1031 3921 igitur
1047 3844 1336 3904 animum
1353 3863 1496 3903 cum
1515 3842 1791 3903 literulis
1808 3841 1968 3902 meis
1985 3841 2260 3914 debeam,
2280 3838 2373 3900 mi
2388 3835 2652 3912 Antoni,

235 3954 448 3999 nonne
497 3937 624 4000 tibi
672 3940 887 4002 videar
932 3940 1414 4019 ingratissimus,
1464 3940 1518 4001 si
1566 3939 1921 4002 studiorum
1967 3959 2252 4000 meorum
2302 3957 2405 3998 me
2452 3936 2655 4014 capiat

233 4038 598 4112 poenitudo,
654 4041 951 4117 tanquam
1006 4059 1162 4117 quae
1216 4040 1458 4099 nullam
1512 4039 1760 4116 frugem
1814 4036 2146 4099 attulerint
2163 4040 2195 4099 ⁸?
2277 4038 2655 4098 Inaurentur
2681 4061 2741 4110 25

233 4133 359 4210 alii,
389 4136 466 4197 in
512 4136 840 4214 fastigium
876 4138 1241 4213 euehantur,
1275 4139 1562 4198 creentur
1589 4137 2008 4215 magistratus,
2039 4136 2202 4197 mihi
2236 4135 2449 4198 Musae
2481 4154 2654 4195 meae

230 4232 390 4295 nihil
420 4238 681 4313 praeter
716 4236 962 4313 vigilias
986 4240 1051 4297 et
1077 4236 1386 4298 inuidiam
1422 4240 1780 4314 reportent;
1821 4254 2148 4314 nunquam
2185 4237 2393 4295 tamen
2423 4232 2650 4292 harum

230 4331 606 4407 poenitebit,
658 4334 809 4394 dum
859 4334 962 4395 hic
1012 4334 1173 4395 mihi
1220 4333 1643 4413 perseuerabit
1705 4333 1959 4395 animus
2012 4334 2302 4395 fortunae
2353 4328 2654 4392 volubilis

293 4481 406 4529 160.
454 4496 536 4543 15·
601 4480 679 4530 Ex
723 4495 846 4531 arce
889 4481 1222 4531 Tornehensi
1267 4486 1330 4530 H.
1690 4484 1763 4532 16.
1838 4483 2003 4531 Anno
2046 4492 2373 4532 nocetum
2414 4479 2527 4526 add.
2580 4479 2644 4522 Η.

228 4545 338 4594 161.
361 4560 412 4607 5.
453 4546 644 4595 Xenio
667 4551 722 4595 F.
925 4549 1003 4597 26.
1043 4552 1299 4597 creentur
1320 4547 1667 4611 magistratus
1689 4563 1779 4599 om.
1806 4552 1864 4597 P.

294 4699 481 4757 161.4.
521 4697 879 4763 Scripsimus]
915 4698 1012 4760 Ep.
1044 4711 1150 4759 159.
1563 4712 1636 4761 ¹3·
1676 4696 1947 4763 Antonio]
1965 4696 2044 4749 Of.
2068 4697 2164 4760 Ep.
2186 4693 2645 4759 156introd.,aud

297 4776 342 4822 7.
380 4760 734 4825 adolescens]
760 4762 990 4813 Dismas.
1494 4763 1592 4826 Ep.
1627 4765 1733 4823 167.
