3355 5380
675 406 792 464 542
1361 401 1744 466 LE'H'ERS
1797 401 1908 464 OF
1960 400 2362 465 ERASMUS
2884 397 3089 483 [¹5¹3

673 558 894 621 messis
947 561 1060 621 est.
1147 558 1362 622 Pridie
1416 580 1609 639 quam
1662 564 1808 622 tuae
1865 559 2026 622 mihi
2081 559 2505 636 redderentur,
2551 559 2925 637 scripseram
2980 577 3092 636 per

588 672 647 723 ²5
673 658 994 719 Brianum.
1080 658 1149 719 Is
1190 660 1416 721 horum
1453 658 1783 721 Gallorum
1824 658 2156 720 historiam
2199 657 2523 718 volumine
2565 655 2934 735 complexus
2971 661 3089 717 est.

673 754 1040 817 Garmiliani
1086 755 1480 835 epitaphium
1538 756 1687 832 vidi,
1732 776 2001 835 cumque
2057 756 2330 833 legerem
2375 756 2693 831 pullulare,
2746 753 2949 816 ‘Hic’
2991 755 3093 815 in·

672 874 861 932 quam
903 855 1174 917 ‘scabies
1212 856 1382 930 est’;
1426 855 1649 916 deinde
1687 875 1833 915 cum
1874 854 2220 916 sciscitanti
2260 853 2726 932 respondissent
2765 874 2904 915 esse
2945 854 3096 916 car-

675 952 944 1023 miliani
975 954 1316 1032 respondi‘
1336 973 1489 1016 sane
1515 953 1656 1032 ipso
1682 954 1946 1031 dignum
1973 951 2113 1013 est!
2187 951 2264 1013 Id
2295 952 2552 1030 quidam
2578 951 2671 1011 sic
2696 956 3094 1028 acceperunt,

676 1050 854 1129 quasi
886 1050 1184 1114 dixissem
1209 1052 1541 1113 Scotorum
1571 1052 1740 1130 Rege
1768 1050 2075 1129 dignum3
2117 1050 2348 1129 quibus
2374 1048 2736 1127 plusculum
2763 1052 2901 1111 erat
2929 1050 3089 1125 nasi,

590 1164 654 1215 30
675 1148 998 1211 subrisere.
1086 1150 1210 1212 Sed
1247 1170 1364 1212 nae
1398 1155 1471 1212 tu
1500 1150 1693 1212 homo
1721 1150 1997 1210 nimium
2024 1168 2093 1211 es
2120 1149 2445 1224 candidus,
2479 1149 2591 1226 qui
2628 1147 2878 1210 belluae
2906 1147 3095 1209 istius

677 1246 878 1308 famae
906 1248 1214 1310 consulas.
1296 1248 1400 1310 Ita
1428 1269 1530 1309 me
1557 1249 1729 1310 Deus
1758 1249 1940 1323 amet,
1964 1267 2195 1326 magno
2223 1247 2489 1308 emerim
2517 1247 2574 1308 si
2608 1245 2911 1307 siluisses.
3000 1247 3095 1307 De

678 1345 969 1423 Baptista
994 1347 1189 1407 miror
1215 1350 1467 1408 tantum
1494 1348 1565 1408 in
1604 1345 1811 1407 literis
1848 1345 1975 1407 tuis
2013 1365 2148 1407 esse
2174 1345 2519 1407 silentium.
2609 1344 2773 1405 Nam
2801 1344 3099 1405 Bouillas

679 1462 827 1504 mox
867 1443 1198 1506 adfuturus
1244 1444 1596 1507 nunciatur.
1688 1445 1841 1521 Age,
1880 1443 1895 1473 ‘
1917 1443 2387 1521 sanctissimum
2406 1443 2424 1468 '
2465 1463 2566 1504 me
2605 1461 2807 1515 vocas,
2853 1446 2923 1504 at
2965 1463 3098 1505 non

679 1543 816 1603 sine
843 1544 1081 1609 summi
1108 1543 1439 1605 Pontificis
1467 1542 1718 1604 iniuria.
1785 1541 1963 1618 Quod
1991 1545 2203 1603 autem
2229 1542 2556 1620 epitheton
2581 1540 2812 1603 rectius
2840 1541 3100 1620 quadra·

592 1655 656 1707 35
682 1639 793 1701 bat
837 1640 908 1701 in
953 1641 1225 1702 militem
1262 1646 1328 1703 et
1369 1641 1672 1703 victorem
1710 1659 1901 1719 quam
1950 1640 2349 1702 ‘fortissimi'
2370 1642 2404 1701 ⁴?
2471 1637 2742 1700 Etiamsi
2783 1658 3099 1716 nug-arum

682 1740 898 1815 ἁμάξας
934 1738 1180 1813 habeas,
1212 1760 1341 1801 non
1383 1741 1570 1801 modo
1612 1738 1901 1814 sacculos,
1936 1759 2262 1817 nunquam
2292 1741 2508 1799 tamen
2549 1737 2836 1798 animum
2879 1757 3099 1799 meum

682 1836 976 1916 explebis,
1022 1837 1078 1899 si
1119 1837 1451 1917 contigerit
1494 1840 1705 1898 tecum
1746 1835 2038 1915 colloqui.

766 1935 963 1996 Video
991 1935 1074 1996 Μ.
1106 1936 1413 1997 Ioannem
1440 1939 1640 2009 tuum,
1674 1935 1806 1995 imo
1843 1938 2149 2010 nostrum,
2180 1935 2247 1995 in
2290 1934 2582 1996 curandis
2621 1931 2825 1996 literis
2862 1933 3101 1995 nostris

685 2032 1239 2111 diligentissimum
1275 2034 1484 2097 fuisse.
1570 2033 1793 2111 Itaque
1834 2032 2031 2111 pluris
2072 2031 2396 2093 hominem
2438 2032 2612 2107 faci0‚
2645 2052 3014 2112 quanquam
3038 2037 3101 2094 et

596 2158 663 2209 40
684 2135 866 2192 antea
893 2130 1054 2192 mihi
1083 2133 1356 2193 charum.
1443 2130 1528 2205 Is,
1560 2131 1656 2192 vti
1694 2136 1927 2207 narrat,
1960 2151 2088 2192 non
2124 2130 2327 2191 ambit
2366 2130 2717 2207 mediocria,
2750 2132 2861 2192 sed
2889 2150 3103 2192 meros

685 2228 1090 2308 episcopatus.
1179 2231 1442 2293 Vtinam
1469 2231 1756 2291 succedat
1784 2254 1800 2305 ;
1840 2228 2094 2291 videtur
2119 2228 2305 2290 amici
2334 2229 2706 2308 candidique
2733 2228 2956 2289 animi.

769 2326 916 2402 Nos,
975 2327 1069 2388 mi
1125 2326 1447 2403 Ammoni,
1508 2327 1635 2388 iam
1692 2346 1943 2389 menses
1994 2326 2234 2406 aliquot
2287 2326 2474 2406 plane
2541 2326 2826 2389 cochleae
2893 2328 3101 2389 vitam

687 2426 1004 2503 viuimus;
1046 2427 1218 2488 domi
1261 2426 1562 2488 contracti
1599 2426 1956 2505 conditique
1998 2445 2357 2487 mussamus
2401 2426 2469 2486 in
2515 2426 2760 2489 studiis.
2870 2426 3104 2506 Magna

688 2524 795 2585 hic
841 2524 1151 2600 solitudo;
1212 2525 1441 2586 absunt
1488 2525 1882 2604 pestilentiae
1928 2528 2103 2585 metu
2150 2523 2473 2603 plerique3
2534 2545 2894 2603 quanquam
2955 2544 3101 2586 cum

602 2646 665 2698 45
690 2624 920 2684 adsunt
960 2623 1256 2701 vniuersi,
1303 2627 1442 2686 tum
1484 2645 1729 2704 quoque
1771 2623 2039 2686 solitudo
2079 2627 2193 2685 est.
2307 2623 2613 2702 Sumptus
2651 2622 3103 2700 intolerabiles,

691 2723 937 2785 lucrum
965 2743 1045 2784 ne
1071 2723 1336 2785 teruncii
1364 2724 1633 2803 quidem.
1720 2724 1886 2785 Puta
1912 2744 2015 2784 me
2048 2723 2175 2784 iam
2211 2724 2332 2784 hoc
2368 2723 2488 2783 tibi
2525 2743 2637 2801 per
2677 2724 2894 2784 omnia
2933 2744 3106 2785 sacra

692 2822 1012 2884 deierasse.
1116 2821 1417 2883 Nondum
1461 2823 1745 2901 quinque·
1793 2841 2039 2883 menses
2094 2825 2248 2884 sunt
2289 2821 2454 2899 quod
2502 2821 2626 2881 huc
2672 2842 2775 2882 me
2823 2822 3106 2896 contuli;

693 2920 948 2982 interim
992 2919 1071 2980 ad
1122 2920 1446 2997 sexaginta
1489 2918 1731 2980 nobiles
1774 2919 2103 2997 insumpsi.
2216 2919 2435 2980 Vnum
2471 2917 2774 2980 duntaxat
2810 2920 2891 2981 ab
2930 2921 3105 2983 audi-

693 3019 936 3081 toribus
977 3017 1354 3097 quibusdam
1397 3018 1619 3095 accepi,
1665 3038 1934 3095 eumque
1975 3016 2254 3079 multum
2297 3018 2632 3096 deprecans
2674 3037 2745 3078 ac
2786 3038 3102 3081 recusans.

608 3137 673 3192 50
696 3117 952 3179 Certum
979 3119 1074 3177 est
1101 3116 1203 3177 his
1228 3115 1532 3194 hybernis
1556 3116 1881 3177 mensibus
1908 3115 2090 3177 πάντα
2116 3115 2280 3176 λίθον
2305 3118 2486 3189 κινεῖν,
2506 3116 2815 3194 planeque
2837 3135 3101 3191 sacram,

697 3216 861 3296 quod
914 3217 1107 3289 aiunt,
1158 3234 1449 3276 ancoram
1504 3214 1763 3275 soluere.
1869 3213 1937 3275 Si
1991 3215 2283 3290 succedit,
2334 3214 2559 3275 nidum
2613 3214 2887 3293 aliquem
2946 3216 3107 3276 mihi

697 3314 962 3393 parab03
1004 3313 1105 3374 sin
1134 3312 1363 3388 minus,
1396 3315 1637 3374 certum
1665 3316 1761 3373 est
1788 3312 1937 3379 hinc
1992 3312 2257 3388 auolare,
2291 3313 2602 3374 incertum
2629 3332 2768 3392 quo.
2844 3312 2915 3374 Si
2945 3314 3108 3376 nihil

698 3413 887 3487 aliud,
921 3416 1083 3474 certe
1110 3412 1344 3472 moriar
1370 3410 1539 3473 alibi.
1629 3411 1801 3473 Bene
1828 3411 1984 3473 vale.

780 3509 1224 3588 cantabrigiae.
1310 3510 1540 3586 Quarto
1568 3510 1890 3573 calendas.
1922 3510 2243 3572 Decembr.
2336 3507 2531 3592 [armo
2559 3506 2841 3592 1.n.x1.].

765 3694 849 3743 as.
883 3679 1079 3730 horum
1112 3685 1191 3731 Ex
1233 3679 1378 3730 hano
1408 3684 1455 3730 Γ
1475 3685 1649 3742 eon-iq.
1812 3682 1894 3743 38.
1934 3680 2004 3732 Π.
2027 3697 2118 3732 om.
2140 3684 2208 3733 H.
2402 3698 2484 3744 40.
2521 3695 2697 3732 meras
2727 3683 3009 3746 episcopas
3043 3688 3110 3734 H.

702 3763 781 3808 44.
819 3745 1167 3809 pestilentiae
1192 3749 1342 3795 metu
1366 3750 1480 3796 add.
1506 3750 1560 3796 Γ.
1759 3763 1840 3809 49.
1874 3762 1936 3796 ac
1958 3761 2212 3797 recusans
2232 3751 2346 3797 add.
2363 3751 2428 3799 H.
2629 3762 2714 3811 53.
2748 3748 2959 3799 moriar
2979 3751 3110 3801 alibi

702 3817 780 3861 E:
813 3813 1015 3861 moriar
1038 3812 1186 3873 alibi,
1213 3813 1511 3862 moriturus
1533 3817 1611 3862 F.
1642 3811 1773 3862 alibi
1799 3814 2092 3864 moriturus
2110 3817 2156 3861 F
2175 3817 2346 3873 cor-riq.

771 3982 851 4030 33.
886 3969 1316 4033 sanctissimum]
1347 3969 1683 4033 Evidently·
1665 3985 1726 4019 ιιι
1757 3969 1854 4020 the
1954 3970 2133 4021 letter.

704 4032 929 4083 address
970 4036 1027 4083 to
1072 4032 1167 4096 ΕΡ.
1211 4036 1324 4085 280.
1410 4036 1522 4085 The
1567 4037 1856 4099 postscript
2020 4037 2101 4099 38.
2143 4035 2212 4085 Π.
2241 4036 2528 4102 Ioannem]
2559 4037 2707 4088 John
2738 4037 2801 4086 of
2825 4037 3107 4090 Lon-aine.

709 4100 770 4160 (1.
791 4100 879 4162 5¹)
899 4099 1166 4150 indicates
1187 4101 1311 4150 that
1324 4101 1420 4151 the
1444 4102 1722 4151 reflection
1744 4116 1856 4150 was
1957 4100 2104 4152 Οἰ.Ε
2058 4103 2159 4165 ΕΡ.
2181 4116 2294 4164 ⁹73·
2323 4117 2383 4163 ⁴¹
2411 4117 2519 4164 seq.

707 4166 767 4215 in
791 4163 1133 4216 Ammonius’
1149 4165 1302 4215 mind
1328 4170 1385 4217 at
1408 4166 1504 4217 the
1524 4165 1631 4217 end
1653 4167 1715 4217 of
1733 4167 1857 4217 that
2022 4183 2104 4230 49·
2138 4168 2413 4234 recusans]
2441 4169 2520 4219 Cf.
2548 4167 2645 4231 ΕΡ.
2672 4169 2788 4228 296.
2815 4183 2927 4232 135,
2954 4172 3006 4221 6.
