3355 5380
730 395 807 452 54
1428 382 1802 447 LETTERS
1856 382 1963 445 OF
2018 381 2412 444 ERASMUS
2926 376 3121 462 [1536

640 569 702 619 35
731 546 896 622 Got,’
922 545 1041 606 hoc
1082 547 1176 605 est
1209 544 1224 574 ‘
1244 542 1445 606 Chare
1472 542 1681 616 Deus,’
1702 539 1919 619 quinto
1953 538 2133 599 eidus
2165 536 2367 598 Iulias
2399 536 2516 597 sub
2554 536 2826 598 mediam
2865 540 3123 597 noctem

730 645 862 707 vita
887 645 1142 704 functus
1167 645 1277 703 est.
1364 640 1492 701 Nec
1530 640 1686 700 alias
1718 637 1927 699 emisit
1961 656 2158 712 voces,
2189 635 2428 696 ratione
2463 654 2618 697 vsus
2649 634 2895 713 integra
2920 654 3123 713 vsque

728 744 810 804 ad
866 761 1229 819 supremum
1284 737 1453 800 vitae
1519 738 1786 799 exitum.
1880 734 2355 814 Impatientiam
2423 737 2637 795 autem
2688 733 2759 794 in
2812 733 3124 795 soluendo

731 842 992 901 naturae
1031 837 1240 900 debito
1280 837 1605 898 ostendere
1644 855 1778 896 esse
1826 833 2012 895 debet
2051 854 2089 894 a
2128 832 2484 894 Christiano
2523 851 2778 909 prorsus
2817 831 3117 908 alienum,

731 958 928 1017 quum
963 957 1133 998 mors
1173 936 1421 1014 piorum
1462 934 1627 995 nihil
1675 934 1760 994 sit
1803 932 1925 993 nisi
1964 932 2270 993 transitus
2314 926 2395 992 ad
2439 930 2639 992 vitam
2682 930 3026 1008 meliorem,
3057 936 3126 993 et

642 1059 709 1111 40
732 1035 839 1115 qui
865 1035 1223 1096 moriuntur
1259 1054 1386 1096 non
1426 1033 1777 1093 moriantur
1812 1030 1920 1091 sed
1959 1030 2333 1108 praecedant
2374 1048 2492 1090 nos
2531 1029 2750 1089 eodem
2791 1030 3126 1107 peruenire

732 1132 1069 1212 cupientes,
1101 1135 1173 1193 vt
1200 1134 1295 1193 est
1324 1130 1491 1209 apud
1519 1128 1895 1207 Septimium
1920 1127 2395 1189 Tertullianum.
2483 1127 2712 1188 Paucis
2730 1131 2878 1187 ante
2902 1128 3128 1190 diebus

732 1251 923 1310 quam
946 1231 1084 1293 vita
1111 1229 1564 1307 defungeretur,
1589 1246 1785 1305 quum
1812 1224 2173 1287 Bonifacius
2193 1224 2663 1301 Amerbachius‚
2691 1225 3129 1305 Hieronymus

734 1329 1078 1391 Frobenius
1100 1331 1160 1389 et
1182 1326 1477 1388 Nicolaus
1497 1325 1880 1403 Episcopius,
1913 1324 2096 1385 amici
2119 1324 2485 1398 selectiores,
2509 1322 2690 1384 illum
2713 1324 2896 1385 officii
2916 1325 3131 1403 gratia

733 1428 927 1489 simul
947 1427 1321 1501 (inuiserent,
1359 1423 1715 1486 cubiculum
1751 1424 2060 1501 ingressos
2091 1424 2288 1484 trium
2323 1423 2666 1485 amicorum
2693 1422 2772 1484 ad
2800 1422 3132 1485 consolan-

643 1551 708 1603 45
736 1525 888 1588 dum
936 1525 1052 1587 Iob
1094 1522 1485 1587 venientium
1537 1522 1885 1597 admonuit,
1937 1521 2195 1582 vbinam
2249 1521 2476 1582 scissae
2527 1526 2733 1583 vestes
2787 1524 2997 1584 essent
3052 1542 3132 1584 ac

735 1624 975 1684 cineres
1002 1622 1308 1700 capitibus
1333 1619 1736 1699 inspergendi
1763 1638 2077 1699 quaerens.
2165 1619 2307 1680 Hoc
2334 1622 2548 1680 autem
2576 1638 2746 1680 anno
2773 1639 2840 1680 se
2863 1619 3132 1681 moritu·

736 1741 880 1782 rum
906 1725 1053 1783 ante
1093 1721 1328 1782 multos
1366 1738 1615 1781 menses
1653 1717 1985 1780 vaticinari
2021 1715 2193 1794 solet,
2229 1720 2296 1778 et
2326 1718 2533 1779 triduo
2568 1717 2865 1795 primum,
2897 1718 3134 1780 deinde

735 1819 927 1881 biduo
953 1822 1223 1882 mortem
1249 1819 1574 1897 praedixit.
1659 1818 1865 1894 Quam
1893 1816 2215 1896 publicum
2249 1818 2349 1879 sui
2377 1817 2755 1879 desiderium
2782 1816 3128 1895 reliquerit,

736 1919 919 1980 testis
969 1918 1094 1980 fuit
1147 1919 1438 1997 frequens
1491 1917 1569 1978 ad
1623 1936 1913 1995 supremo
1972 1915 2308 1978 visendum
2365 1917 2645 1979 defuncti
2711 1936 2934 1994 corpus
2986 1936 3135 1977 con·

652 2041 716 2091 50
739 2036 971 2079 cursus.
1058 2017 1285 2078 Elatus
1327 2019 1423 2077 est
1475 2015 1757 2077 humeris
1810 2014 2233 2076 studiosorum
2285 2016 2366 2076 ad
2421 2016 2639 2077 aedem
2686 2014 3134 2092 cathedralem,

739 2118 925 2193 atque
963 2114 1052 2176 ibi
1095 2115 1269 2176 iuxta
1308 2114 1537 2193 gradus
1576 2113 1804 2192 quibus
1844 2113 1923 2174 ad
1965 2113 2226 2174 chorum
2266 2113 2360 2191 (vt
2397 2113 2643 2190 vocant)
2668 2114 3026 2175 ascenditur
3056 2114 3136 2175 in

740 2213 997 2275 sinistro
1022 2213 1247 2291 templi
1273 2213 1483 2288 latere,
1506 2210 1614 2272 vbi
1641 2210 1941 2272 sacellum
1969 2210 2095 2271 fuit
2122 2211 2198 2274 D.
2223 2211 2471 2290 Virgini
2497 2232 2759 2288 sacrum,
2788 2211 3134 2273 honorifice

740 2309 1041 2387 sepultus.
1147 2309 1208 2370 N
1209 2328 1314 2370 am
1370 2308 1438 2369 in
1493 2328 1722 2387 pompa
1768 2308 2017 2370 funebri
2063 2329 2193 2370 non
2250 2311 2467 2371 consul
2521 2312 2723 2386 mode,
2774 2310 2884 2371 sed
2933 2310 3139 2371 etiam

739 2428 773 2468 e
800 2406 1194 2469 senatoribus
1212 2406 1499 2485 'plerique
1526 2405 1930 2483 visebantur;
1970 2407 2322 2471 academiae
2353 2409 2774 2487 professorum
2801 2428 2873 2469 ac
2900 2408 3140 2469 studio·

651 2533 712 2582 55
740 2525 951 2567 sorum
978 2506 1191 2567 aberat
1217 2525 1420 2567 nemo.

822 2602 970 2665 Fuit
1008 2603 1079 2664 in
1115 2603 1247 2664 vita
1289 2622 1485 2681 quum
1526 2601 1597 2662 in
1638 2601 1951 2663 studiosos
1987 2602 2196 2681 inopia
2241 2624 2503 2681 pressos,
2554 2608 2695 2666 tum
2739 2605 2808 2665 in
2854 2607 3138 2666 caeteros

740 2702 1020 2765 subsidio
1090 2702 1327 2781 dignos,
1403 2701 1647 2780 quoties
1705 2701 2136 2777 occurrissent,
2193 2703 2533 2764 admodum
2593 2704 2886 2766 liberalis.
3004 2704 3142 2767 Nec

742 2800 1037 2862 dissentit
1063 2820 1102 2861 a
1128 2803 1423 2861 consueta
1461 2799 1845 2878 benignitate
1885 2820 2173 2878 suprema
2212 2801 2492 2862 hominis
2530 2801 2839 2864 voluntas.
2926 2803 3143 2864 Testa·

740 2902 1034 2961 mentum
1072 2900 1243 2961 enim
1297 2898 1577 2960 condidit
1621 2899 1894 2960 Romani
1949 2898 2276 2961 Pontificis
2323 2899 2680 2975 Clementis,
2738 2901 2902 2979 Imp.
2953 2903 3133 2964 Caes.

651 3007 715 3056 60
741 2997 950 3059 Caroli
975 2998 1138 3075 Aug.
1173 3017 1243 3058 ac
1276 2996 1683 3075 magistratus
1711 2996 2081 3059 Basiliensis
2115 2997 2562 3075 diplomatibus
2587 2998 2888 3074 munitus,
2910 2999 2978 3059 in
3008 3019 3142 3077 quo

743 3095 1161 3156 clarissimum
1187 3094 1400 3156 virum
1440 3093 1837 3156 Bonifacium
1874 3095 2369 3158 Amerbachium
2404 3097 2897 3159 iureconsultum
2937 3099 3143 3159 nomi·

743 3196 965 3253 natum
1005 3190 1337 3253 haeredem
1380 3191 1527 3252 fidei
1573 3192 1907 3253 commisso
1954 3193 2031 3253 de
2074 3193 2258 3255 bonis
2297 3194 2429 3256 suis
2471 3195 2542 3256 in
2587 3215 2885 3274 pauperes
2932 3198 3143 3257 aetate

742 3289 1181 3351 valetudineue
1233 3289 1534 3365 infirmos,
1594 3289 1663 3350 in
1724 3290 1964 3368 puellas
2017 3296 2344 3370 nupturae,
2392 3296 2465 3354 vt
2518 3294 2743 3355 harum
2795 3291 3147 3370 pudicitiae

743 3389 1152 3462 succurratur,
1212 3388 1283 3448 in
1337 3385 1539 3448 bonae
1592 3389 1724 3466 spei
1777 3389 2085 3451 studiosos
2137 3390 2581 3467 adulescentes,
2631 3413 2703 3454 ac
2757 3392 2826 3452 in
2879 3391 3152 3470 quosuis

653 3496 716 3561 65
743 3485 1105 3546 huiusmodi
1165 3485 1389 3564 dignos
1449 3485 1682 3546 auxilio
1750 3486 2196 3549 distribuendis
2262 3488 2760 3568 collocandisque
2826 3489 3143 3567 onerauit‚

743 3583 1056 3644 adiunctis
1092 3583 1295 3645 eidem
1331 3583 1576 3645 duobus
1611 3586 2059 3660 executoribus,
2091 3585 2484 3665 Hieronymo
2524 3587 2831 3649 Frobenio
2859 3587 3151 3649 Nicolao-

743 3701 862 3760 que
891 3681 1237 3760 EpiscopiO.
1323 3683 1487 3759 Quid
1516 3681 1634 3744 hoc
1659 3687 2038 3746 testamento
2065 3686 2346 3748 sanctius
2383 3706 2518 3748 esse
2554 3689 2758 3767 potest
2792 3688 2902 3749 aut
2931 3686 3153 3764 magis

744 3779 1224 3842 Christianum?
1309 3781 1445 3843 Alii
1493 3783 1925 3843 construendis
1978 3784 2354 3846 ornandisue
2407 3785 2682 3846 basilicis
2733 3805 2850 3846 sua
2903 3784 3150 3862 dicant,

744 3877 1045 3939 Erasmus
1073 3879 1300 3941 maluit
1333 3879 1401 3940 in
1437 3878 1584 3941 viua
1632 3880 1750 3941 Dei
1789 3882 2026 3959 templa
2066 3882 2456 3959 superanteis
2495 3903 2534 3944 a
2561 3886 2766 3944 morte
2806 3881 3154 3945 facultates

656 3998 720 4051 70
745 3978 1039 4039 conferre.
1139 3978 1371 4057 Legata
1409 4000 1593 4058 porro
1635 3980 1873 4060 aliquot
1920 3981 2138 4041 amicis
2179 3982 2713 4044 coniunctior-ibus
2752 3981 3022 4062 reliquit,
3074 3989 3156 4046 at

745 4075 1072 4137 haeredem
1100 4077 1310 4156 ipsum
1336 4078 1523 4139 certis
1565 4078 1940 4157 quibusdam
1966 4078 2150 4140 rebus
2184 4081 2251 4141 τὸ
2293 4085 2394 4141 τοῦ
2418 4083 2822 4162 πηγασιανείου
2860 4082 3156 4164 δόγματος

744 4175 1024 4252 rhem-ov,
1088 4194 1279 4253 quam
1333 4176 1850 4240 Trebellianicam
1902 4177 2306 4240 iureconsulti
2359 4179 2546 4241 hodie
2615 4180 2951 4258 appellant,
3010 4201 3155 4245 non

744 4272 1153 4352 aequantibus
1180 4274 1367 4335 iussit
1391 4295 1524 4336 esse
1561 4279 1943 4351 contentum,
1979 4277 2081 4337 cui
2118 4297 2268 4338 sane
2301 4277 2598 4340 voluntas
2624 4280 2787 4341 tanti
2816 4279 2941 4342 viri
2972 4301 3155 4359 prae·

745 4373 1015 4451 ceptoris
1041 4377 1104 4434 et
1131 4373 1317 4434 amici
1343 4374 1517 4434 omni
1544 4374 1680 4435 iure
1707 4379 1805 4436 est
1831 4375 2159 4453 antiquior.

1655 4565 1741 4611 70.
1771 4553 1829 4599 at
1850 4555 2016 4610 scripsi
2036 4568 2048 4599 ε
2080 4551 2150 4599 ad
2171 4567 2218 4601 α.

1380 4697 1458 4742 41·
1493 4680 1919 4747 Tertullianum]
1943 4686 2042 4733 Ζῶ.
2071 4687 2127 4733 de
2148 4687 2397 4746 Patientia,
2422 4699 2470 4746 9.
