3355 5380
712 335 830 392 554
1412 328 1798 391 Ls'r'rsss
1852 328 1963 390 oF
2016 328 2418 391 ERAsMUs
2940 322 3132 407 [1514

709 506 955 565 cunque
997 484 1096 547 ius
1137 484 1465 565 negligere.
1560 485 1817 561 Deinde,
1862 486 1919 545 si
1961 488 2211 546 tantum
2255 484 2357 546 vir
2392 483 2668 563 prudens
2711 502 2800 556 es,
2847 479 3132 559 expende

708 585 928 663 quanti
969 587 1334 646 constatura
1373 584 1458 645 sit
1498 584 1623 646 tibi
1664 584 1761 645 tui
1802 584 1960 645 iuris
1997 583 2374 658 vindicatio;
2414 583 2474 644 si
2512 581 2713 643 nimio
2739 582 2833 658 (et
2864 580 3131 641 omnino

706 683 920 758 nimio,
936 683 991 744 si
1006 682 1288 745 vindicas
1304 682 1538 759 armis),
1554 682 1688 744 noli
1704 685 1883 744 tanto
1898 682 2146 761 generis
2163 681 2429 742 humani
2446 682 2615 743 malo
2629 684 2823 742 tuum·
2835 679 3124 752 titulum,

703 782 968 843 fortasse
1023 781 1275 856 falsum,
1320 800 1593 843 asserere
1637 784 1736 843 tot
1777 780 2087 854 caedibus,
2133 782 2231 841 tot
2270 780 2659 855 orbitatibus,
2707 783 2809 841 tot
2862 784 3124 840 tuorum

582 896 679 936 100
703 880 1007 958 suspiriis.
1095 879 1259 955 Quid
1314 880 1514 940 credis
1568 879 1801 941 sentire
1855 879 2112 953 Turcas,
2160 897 2360 956 quum
2408 880 2678 940 audiunt
2723 879 3126 941 Christianos

699 977 1015 1056 principes
1055 978 1253 1039 tantis
1293 978 1478 1039 furiis
1528 978 1697 1038 inter
1751 997 1885 1039 sese
1927 977 2307 1051 debacchari,
2355 976 2545 1055 idque
2582 980 2841 1038 tantum
2881 977 2971 1036 ob
3012 976 3126 1035 im·

699 1077 855 1153 perii
895 1076 1212 1138 titulum?
1291 1076 1433 1137 Iam
1472 1076 1791 1138 vindicata
1831 1078 1928 1137 est
1961 1095 1998 1136 a
2027 1075 2232 1138 Gallis
2262 1075 2467 1137 Italia.
2554 1074 2721 1152 Quid
2762 1078 2984 1135 actum
3024 1078 3126 1136 est

696 1179 877 1236 tanto
924 1176 1228 1253 sanguine
1271 1173 1396 1235 nisi
1442 1177 1531 1251 vt,
1580 1173 1692 1235 vbi
1734 1177 1878 1235 ante
1923 1173 2145 1235 Gallus
2188 1173 2687 1247 administrabat,
2736 1191 2911 1233 nunc
2959 1172 3123 1233 alius

699 1272 1009 1351 quispiam
1038 1272 1490 1334 administret?
1572 1272 1657 1332 Et
1686 1271 1861 1349 prius
1886 1272 2092 1348 magis
2118 1271 2379 1333 florebat
2406 1291 2599 1349 quam
2626 1290 2797 1332 nunc
2830 1270 3035 1332 floret.

579 1390 669 1440 105
780 1371 902 1432 Sed
945 1371 1144 1433 nolim
1187 1371 1377 1432 altius
1417 1372 1486 1431 in
1526 1371 1681 1432 haec
1724 1367 2113 1432 descendere.
2203 1370 2380 1446 Quod
2425 1371 2483 1431 si
2524 1390 2648 1448 qua
2690 1371 2831 1430 iura
2870 1370 3117 1431 bellum

694 1469 1062 1545 admittunt,
1091 1488 1165 1531 ea
1189 1489 1394 1531 crassa
1420 1472 1571 1531 sunt
1606 1471 1668 1531 et
1699 1468 2026 1531 Christum
2062 1468 2191 1528 iam
2229 1469 2713 1548 degenerantem
2752 1469 3017 1545 sapiunt
3048 1489 3117 1529 ac

694 1568 1036 1629 mundanis
1073 1567 1307 1646 opibus
1349 1571 1701 1629 oneratum.
1808 1567 1894 1627 Et
1936 1566 2105 1627 haud
2154 1564 2285 1626 scio
2326 1586 2409 1627 an
2453 1567 2716 1628 omnino
2747 1565 2908 1627 haec
2951 1567 3115 1627 bella

694 1666 1001 1743 probent;
1044 1666 1150 1727 sed
1188 1665 1431 1742 quoties
1471 1666 1682 1728 studio
1726 1666 1995 1727 tuendae
2042 1665 2191 1726 fidei
2239 1684 2361 1743 pax
2402 1665 2763 1727 Christiana
2809 1667 3113 1727 aduersus

693 1764 1099 1826 barbarorum
1138 1764 1430 1825 incursus
1470 1764 1843 1840 defenditur,
1891 1763 1980 1825 ibi
2016 1764 2198 1824 video
2243 1783 2706 1843 nonnunquam
2733 1784 2771 1824 a
2796 1764 2928 1841 piis
2955 1764 3108 1826 viris

571 1880 668 1917 110
694 1883 822 1924 non
880 1861 1305 1941 improbatum
1360 1861 1623 1923 bellum.
1707 1862 1830 1923 Sed
1886 1882 1997 1922 cur
2050 1862 2163 1923 illa
2215 1880 2413 1938 pauca
2466 1862 2650 1923 nobis
2697 1863 2767 1922 in
2826 1868 3109 1924 mentem

692 1962 955 2022 veniunt
983 1960 1064 2021 ab
1090 1958 1463 2021 hominibus
1499 1960 1736 2021 tradita
1776 1962 1989 2038 potius
2028 1980 2221 2038 quam
2263 1964 2396 2021 tam
2432 1958 2635 2023 multa
2660 1980 2700 2020 a
2725 1960 3005 2037 Christo,
3036 1964 3111 2023 ab

689 2058 1033 2135 Apostolis,
1082 2057 1162 2117 ab
1212 2056 1575 2119 orthodoxis
1621 2077 1694 2119 ac
1740 2058 2200 2135 probatissimis
2245 2057 2549 2135 patribus,
2595 2058 2676 2119 de
2714 2078 2868 2135 pace
2912 2061 3110 2139 deque

690 2154 1001 2216 malorum
1028 2155 1365 2217 tolerantia
1391 2154 1606 2215 dicta?
1688 2155 1854 2232 Quid
1881 2159 1977 2216 est
2004 2156 2171 2233 quod
2208 2176 2339 2217 non
2373 2156 2587 2235 aliquo
2623 2157 2811 2218 modo
2846 2158 3109 2219 defendi

687 2252 936 2330 possit?
997 2254 1366 2331 praesertim
1407 2254 1514 2314 vbi
1555 2254 1664 2330 qui
1706 2256 1932 2332 gerunt
1972 2273 2107 2314 rem
2151 2257 2304 2315 sunt
2346 2254 2394 2315 ii
2436 2275 2703 2334 quorum
2741 2256 2944 2317 etiam
2972 2258 3109 2318 faci·

568 2371 660 2422 115
688 2370 844 2413 nora
872 2371 981 2428 per
1007 2352 1432 2413 adulationem
1461 2352 1800 2413 laudantur
1820 2372 1858 2412 a
1875 2351 2115 2428 multis,
2137 2355 2344 2413 errata
2370 2373 2558 2414 nemo
2585 2354 2753 2416 ausit
2776 2356 3112 2432 reprehen-

688 2450 846 2512 dere.
932 2450 1055 2511 Sed
1099 2451 1361 2511 interim
1403 2450 1741 2512 obscurum
1782 2469 1914 2511 non
1956 2453 2052 2512 est
2091 2451 2245 2528 quid
2287 2454 2632 2528 precentur,
2666 2453 2820 2530 quid
2862 2458 3105 2532 optent,

686 2548 837 2626 quid
880 2548 1215 2627 suspirent,
1258 2548 1458 2609 bonae
1500 2551 1763 2610 mentes.
1853 2550 2030 2624 Quod
2072 2550 2130 2610 si
2169 2550 2425 2628 propius
2468 2550 2779 2628 inspicias,
2813 2551 3107 2631 pleraque

685 2647 933 2726 priuata
972 2649 1123 2710 sunt
1165 2646 1526 2727 principum
1568 2646 1649 2709 ob
1692 2666 1848 2725 quae
1888 2647 2128 2710 bellum
2169 2648 2529 2727 suscipitur.
2618 2649 2862 2726 Quaeso
2909 2655 2990 2726 te,
3025 2669 3104 2711 an

683 2747 802 2807 hoc
842 2747 1196 2808 humanum
1238 2766 1471 2821 censes,
1502 2766 1652 2807 mox
1694 2746 1909 2807 orbem
1952 2748 2031 2808 ad
2074 2766 2250 2808 arma
2291 2749 2688 2824 commoneri,
2723 2750 2979 2827 quoties
3005 2751 3107 2812 hic

562 2865 583 2902 ι
600 2865 660 2901 20
683 2848 793 2906 aut
819 2844 928 2906 ille
964 2845 1255 2923 princeps
1294 2844 1375 2906 ob
1418 2844 1671 2924 quiduis
1712 2846 2142 2907 stomachatur
2182 2847 2250 2906 in
2289 2847 2643 2924 principem
2684 2850 2798 2908 aut
2839 2848 3106 2912 fortasse

684 2945 1078 3006 stomachum
1120 2943 1430 3005 simulat?

763 3043 895 3104 Nos
922 3047 1139 3121 optare
1166 3062 1503 3120 possumus
1540 3043 1794 3119 optima,
1824 3043 1932 3104 sed
1969 3046 2185 3120 optare
2222 3047 2488 3105 tantum.
2578 3044 2713 3122 Ego
2738 3049 2912 3106 certe
2941 3047 3107 3124 quic·

683 3142 834 3221 quid
881 3141 1079 3204 habeo
1126 3141 1431 3214 fortunae,
1480 3139 1546 3200 id
1594 3140 1796 3202 habeo
1853 3141 2021 3219 apud
2069 3141 2447 3217 Britannos3
2494 3162 2728 3204 -verum
2777 3143 2843 3204 id
2890 3148 3101 3206 totum

679 3238 950 3301 libenter
988 3240 1302 3317 resignem
1331 3238 1449 3300 hac
1478 3238 1616 3316 lege
1644 3241 1717 3300 vt
1754 3239 1920 3299 inter
1954 3238 2346 3301 Christianos
2384 3238 2700 3318 principes
2736 3240 3104 3303 Christiana

559 3354 650 3405 ¹²5
678 3360 800 3418 pax
852 3338 1064 3400 coiret.
1175 3337 1278 3399 Ad
1324 3355 1467 3398 eam
1518 3357 1653 3397 rem
1701 3357 1833 3399 non
1883 3337 2194 3399 mediocre
2244 3339 2644 3398 momentum
2693 3340 2805 3398 tua
2856 3340 3104 3402 adferet

676 3438 994 3511 autoritas,
1042 3454 1201 3514 quae
1248 3436 1527 3496 multum
1568 3435 1733 3512 apud
1776 3435 2135 3513 Principem
2177 3435 2489 3510 Carolum,
2532 3435 2885 3513 plurimum
2931 3441 3101 3517 apud

676 3532 1184 3594 Maximilianum
1229 3534 1414 3610 valet,
1465 3533 1792 3594 Britannis
1839 3534 2030 3594 etiam
2074 3533 2437 3611 proceribus
2479 3535 2769 3612 gratiosa.
2877 3535 3103 3616 Neque

675 3629 893 3690 dubito
921 3631 1074 3709 quin
1102 3632 1235 3709 ipse
1263 3631 1391 3691 iam
1418 3634 1716 3709 expertus
1737 3632 1827 3693 sis
1849 3632 1997 3709 quid
2018 3631 2492 3710 dispendiorum
2513 3633 2583 3692 in
2601 3631 2790 3693 bellis
2808 3634 3103 3696 adferant

675 3727 869 3789 etiam
897 3729 1102 3790 amici.
1189 3727 1463 3789 Proinde
1491 3733 1673 3791 tuum
1711 3749 1955 3808 quoque
1991 3730 2320 3809 negocium
2357 3749 2516 3808 ages,
2548 3731 2605 3792 si
2630 3730 2944 3793 adniteris
2971 3752 3101 3811 quo

559 3842 653 3892 ¹30
676 3826 914 3888 bellum
941 3827 1062 3889 hoc
1088 3827 1281 3888 finem
1319 3828 1593 3906 accipiat,
1628 3848 1711 3888 ne
1745 3828 1866 3889 tibi
1899 3828 2149 3889 videare
2190 3829 2387 3906 gratis
2426 3830 2547 3890 hoc
2588 3849 2809 3906 operae
2851 3848 3103 3910 suscep·

675 3929 874 3987 turus.
990 3925 1074 3986 In
1128 3927 1274 3987 tuos
1327 3926 1688 4003 complexus
1741 3946 2081 4002 accurram,
2143 3927 2334 3988 simul
2398 3931 2585 4005 atque
2654 3927 2870 3988 licebit
2946 3925 3101 3990 hinc

678 4023 939 4087 euolare.
1011 4024 1268 4086 Interea
1293 4023 1455 4084 bene
1482 4024 1640 4099 vale,
1672 4028 1852 4101 pater
1877 4024 2279 4103 amplissime.
2353 4025 2429 4086 D.
2463 4025 2803 4087 Ghisberto
2830 4027 3100 4103 medico,

679 4124 756 4185 D.
784 4123 1074 4185 Antonio
1101 4121 1535 4199 Lutsenburgo
1563 4124 1777 4183 omnia
1807 4123 2013 4184 fausta
2039 4122 2326 4201 laetaque
2352 4142 2584 4202 precor.

761 4222 1052 4297 Londini,
1080 4221 1283 4300 pridie
1310 4219 1468 4281 Idus
1494 4220 1771 4282 Martias.
1860 4240 2144 4283 u.n.x111.

752 4385 861 4432 107.
897 4372 1124 4421 omnino
1147 4373 1260 4418 aad.
1275 4372 1339 4418 H.
1479 4382 1586 4430 109.
1622 4367 1701 4416 ibi
1724 4405 1737 4418 .
1763 4404 1775 4417 .
1802 4404 1815 4418 .
1847 4382 1955 4417 110.
1983 4367 2185 4417 bellum
2206 4363 2319 4418 add.
2333 4372 2398 4418 H.
2537 4383 2645 4421 112.
2684 4370 2753 4418 ab
2776 4369 3103 4422 orthodoxis

676 4472 692 4487 .
720 4472 733 4486 .
764 4474 776 4486 .
799 4438 1047 4499 patribus
1068 4440 1253 4486 ade'.
1390 4448 1497 4483 122.
1532 4436 1719 4496 optare
1734 4441 1841 4493 post
1860 4435 1954 4484 sed
1979 4437 2091 4483 add.
2117 4437 2176 4483 F.
2312 4448 2421 4496 ¹32·
2460 4434 2522 4484 D.
2550 4450 2641 4486 om.
2667 4438 2731 4485 Η.
2873 4450 2985 4499 ¹33-
3030 4438 3097 4488 D.

680 4517 766 4551 0m.
792 4505 861 4554 Η.
1065 4516 1173 4565 134·
1206 4513 1426 4552 murm
1447 4503 1562 4550 add.
1583 4503 1650 4551 H.
