3355 5380
205 400 389 501 1523]
730 397 1129 459 ERASMUS
1184 397 1293 457 ΤΟ
1346 396 1577 459 JOHN
1632 397 2077 460 BOTZHEIM
2526 401 2602 456 37

204 553 452 613 ferendo
477 553 590 614 vix
617 554 748 615 duo
773 555 1045 632 plaustra
1071 555 1202 616 sint
1228 555 1438 615 futura
1464 554 1654 632 paria.
1746 554 1894 632 Ipse
1931 554 2164 615 multas
2200 574 2345 615 casu
2384 556 2603 614 nactus

206 652 427 725 exussi,
486 671 639 712 nam
695 652 866 712 sensi
920 653 1150 713 seruari
1205 674 1241 713 a
1297 652 1737 729 compluribus
1847 652 2168 713 Bononiae
2235 652 2601 730 scripseram

205 749 830 811 declamatiunculam
859 751 927 811 in
956 771 1180 829 genere
1213 751 1502 824 suasorio,
1536 750 1874 811 dehortans
1899 770 1937 810 a
1962 750 2093 812 vita
2128 750 2598 823 monachorum,

205 851 266 907 et
306 868 523 909 rursus
563 850 902 910 adhortans
939 849 1018 909 ad
1057 848 1174 909 hoc
1216 850 1380 909 vitae
1421 869 1633 926 genus,
1668 868 1811 908 meo
1847 847 2076 909 iudicio
2113 869 2241 909 non
2276 847 2600 924 indignam

205 964 358 1023 quae
385 945 767 1023 vulgaretur,
801 948 854 1007 si
882 946 1030 1025 quid
1067 949 1279 1006 tamen
1322 966 1536 1007 meum
1577 946 1696 1007 hoc
1739 946 1974 1007 honore
2011 946 2276 1024 dignum
2318 950 2452 1020 est;
2494 946 2600 1006 sed
2628 956 2662 1013 5

206 1043 528 1119 perierunt
560 1044 856 1122 vti-inque
895 1048 1206 1105 extremae
1244 1044 1517 1121 paginae,
1554 1043 1866 1122 reliquum
1907 1043 2109 1104 adhuc
2149 1048 2244 1105 est
2275 1045 2344 1105 in
2372 1044 2603 1105 chartis

207 1141 379 1202 meis,
472 1143 708 1202 Romae
745 1163 940 1220 quum
973 1162 1235 1220 agerem,
1269 1142 1337 1203 in
1365 1143 1631 1221 gratiam
1665 1143 1738 1202 R.
1774 1143 1847 1203 D.
1889 1142 2222 1221 Raphaelis
2259 1142 2604 1206 Cardinalis

206 1239 378 1300 tituli
407 1241 470 1301 S.
507 1241 758 1319 Georgii
785 1241 1046 1302 dissuasi
1073 1242 1313 1302 bellum
1350 1240 1814 1319 suscipiendum
1848 1241 2145 1302 aduersus
2171 1241 2459 1317 Venetos,
2494 1240 2603 1318 qui

207 1337 319 1398 hoc
360 1358 399 1398 a
442 1359 549 1399 me
587 1340 902 1418 flagitabat
944 1339 1093 1400 Iulii
1136 1340 1429 1415 nomine;
1471 1358 1620 1399 nam
1662 1339 1726 1399 id
1768 1342 1905 1399 tum
1946 1340 2239 1417 agebatur
2279 1341 2348 1400 in
2384 1342 2602 1399 senatu

205 1437 637 1499 Cardinalicio.
726 1438 1000 1498 Rursum
1049 1438 1217 1499 suasi
1259 1437 1499 1498 bellum
1556 1437 1623 1496 in
1672 1436 1959 1497 Venetos,
2048 1438 2361 1498 Posterior
2408 1437 2603 1496 oratio
2630 1456 2693 1498 ιο

206 1536 370 1609 vicit,
406 1538 660 1597 tametsi
703 1557 817 1615 ego
853 1538 1128 1615 priorem
1170 1537 1401 1597 maiore
1436 1536 1642 1596 studio
1681 1535 2002 1613 magisque
2038 1556 2115 1596 ex
2151 1537 2362 1597 animo
2391 1538 2608 1595 tracta-

208 1653 418 1693 ueram
444 1656 458 1693 :
500 1634 689 1712 periit
716 1634 975 1712 perfidia
1002 1635 1320 1695 cuiusdam
1348 1633 1769 1711 archetypum.
1838 1634 2173 1711 Coeperam
2200 1654 2278 1694 ex
2305 1632 2605 1693 memoria

206 1753 424 1793 rursus
460 1736 680 1794 notare
723 1734 1026 1811 quaedam
1069 1731 1422 1811 argumenti
1459 1732 1673 1810 capita,
1709 1736 1773 1792 et
1809 1733 2075 1793 arbitror
2109 1732 2335 1793 alicubi
2362 1731 2606 1792 latitare

203 1832 369 1892 inter
416 1831 675 1892 schedas
720 1852 906 1892 meas.
993 1831 1374 1893 Intercidere
1420 1829 1732 1908 permulta
1785 1850 1939 1907 quae
1995 1831 2196 1891 nolim
2243 1848 2604 1907 superesse3

204 1930 456 2008 cupiam
511 1934 724 1991 autem
776 1935 988 1991 extare
1049 1930 1357 1992 orationes
1411 1929 1647 2006 aliquot
1702 1927 2199 2004 concionatorum,
2252 1948 2408 2007 quas
2448 1928 2604 1989 olim
2633 1951 2688 2005 ¹5

204 2028 398 2089 habui
428 2029 733 2103 Lutetiae,
768 2048 911 2089 cum
942 2048 1188 2107 agerem
1217 2028 1286 2087 in
1315 2026 1573 2104 collegio
1601 2026 1838 2086 Montis
1862 2027 2040 2087 acuti.

285 2125 521 2201 Habes,
570 2127 961 2187 ornatissime
1004 2126 1359 2200 Botzheme,
1412 2145 1719 2202 nugarum
1763 2146 2040 2185 mearum
2083 2126 2432 2200 elenchum,
2481 2145 2604 2204 quo

208 2225 409 2301 magis
460 2225 673 2285 iritem
731 2228 904 2286 tuam
961 2227 1370 2285 emacitatem.
1477 2224 1675 2284 Porro
1738 2224 1901 2301 quod
1956 2226 2234 2302 quereris
2288 2223 2603 2285 exhauriri

203 2323 455 2394 loculos,
511 2325 677 2400 quod
732 2324 1000 2384 eundem
1045 2322 1278 2384 librum
1323 2322 1559 2400 cogaris
1602 2321 1944 2382 identidem
2001 2342 2223 2397 emere,
2273 2322 2363 2382 ita
2408 2316 2604 2382 'velim

203 2421 365 2499 apud
395 2426 459 2481 te
487 2421 798 2483 rationem
826 2423 1015 2483 ineas.
1085 2422 1280 2499 Finge
1309 2440 1475 2480 nunc
1503 2420 1780 2496 primum
1809 2420 2088 2498 prodisse
2117 2418 2603 2481 Prouerbiorum
2635 2445 2694 2481 ιο

201 2539 374 2596 opuS,
435 2539 505 2579 ac
559 2540 663 2580 me
717 2521 1003 2599 protinus
1057 2521 1134 2581 ab
1189 2539 1372 2597 opere
1424 2518 1680 2596 vulgato
1729 2523 1993 2580 mortem
2037 2522 2384 2597 oppetisse;
2446 2538 2603 2578 num

204 2618 488 2678 futurum
518 2621 679 2679 esset
706 2623 779 2681 vt
809 2622 870 2679 te
897 2619 1240 2698 poeniteret
1264 2616 1570 2696 impendii
1588 2619 1621 2677 Ῥ
1685 2616 1828 2677 Non
1856 2618 2093 2696 opinor.
2181 2617 2323 2677 Iam
2349 2616 2415 2675 et
2440 2615 2602 2676 illud

205 2717 363 2777 mihi
404 2717 591 2796 finge,
626 2738 730 2778 me
770 2722 912 2797 post
950 2738 1151 2778 annos
1189 2716 1427 2794 aliquot
1468 2715 1852 2790 reuiuiscere,
1887 2717 2198 2794 simulque
2239 2734 2395 2794 opus
2434 2714 2603 2775 idem

206 2836 451 2875 mecum
490 2817 731 2877 renasci
767 2817 994 2878 melius
1030 2836 1100 2877 ac
1137 2814 1519 2893 locupletius,
1553 2817 1767 2874 vtrum
1797 2814 2147 2891 deplorares
2181 2813 2597 2891 dispendium,

203 2934 278 2974 an
336 2913 536 2973 simul
590 2918 656 2973 et
707 2915 908 2975 amico
953 2917 1017 2974 et
1071 2914 1254 2974 amici
1297 2915 1708 2973 monumento
1756 2913 2211 2990 gratulareris‘?
2292 2911 2430 2971 Iam
2473 2911 2603 2972 scio
2631 2935 2689 2987 ²5

200 3013 348 3090 quid
394 3012 599 3074 dicas:
659 3014 675 3042 ⁴
694 3013 1001 3074 Rediuiuo
1043 3012 1296 3091 quidem
1338 3011 1693 3089 gratularer,
1741 3012 1806 3070 at
1846 3010 2011 3087 quod
2053 3010 2242 3089 fingis
2289 3029 2417 3070 non
2465 3008 2604 3070 est.’

202 3113 433 3172 Vtrum
484 3111 680 3190 igitur
719 3114 790 3172 tu
837 3111 1073 3172 iudicas
1127 3130 1259 3172 esse
1304 3108 1564 3184 feliciuS,
1611 3129 1649 3169 a
1689 3110 1887 3169 morte
1942 3108 2310 3170 reuiuiscere
2349 3129 2430 3169 an
2473 3129 2602 3169 non

200 3210 361 3270 mori
382 3213 419 3270 ⁴?
500 3209 571 3270 si
615 3209 1012 3286 gratulareris
1056 3209 1349 3284 rediuiuo‚
1399 3208 1603 3267 multo
1651 3206 1852 3284 magis
1898 3207 2206 3285 gratulare
2260 3208 2596 3285 superstiti.

199 3310 549 3381 Postremo,
608 3307 663 3366 si
732 3309 1035 3385 posterior
1088 3307 1315 3368 aeditio
1370 3306 1534 3367 nihil
1590 3306 1776 3365 habet
1841 3325 2003 3365 nouo
2056 3305 2262 3384 precio
2316 3306 2595 3384 dignum,

200 3408 470 3468 liberum
515 3409 611 3466 est
652 3425 781 3465 non
824 3426 1068 3479 emere;
1109 3407 1162 3466 si
1197 3406 1401 3480 habet,
1436 3404 1682 3464 lucrum
1725 3406 1834 3516 est,
1870 3424 1996 3465 non
2030 3404 2446 3483 dispendium.
2533 3405 2600 3465 Si
2627 3428 2691 3479 3³

196 3506 368 3584 prior
405 3503 640 3564 aeditio
676 3503 949 3563 fructum
990 3503 1204 3564 attulit
1243 3503 1494 3564 tantilla
1520 3500 1784 3580 pecunia
1812 3503 2092 3580 dignum,
2127 3507 2188 3563 et
2217 3503 2272 3564 si
2299 3504 2603 3581 posterior

199 3604 367 3665 idem
423 3602 594 3676 facit,
655 3600 958 3662 nimirum
1019 3609 1235 3662 auctus
1287 3622 1355 3662 es
1408 3599 1659 3680 gemino
1719 3601 1905 3674 lucro,
1958 3620 2087 3661 non
2142 3601 2482 3663 mulctatus
2538 3622 2602 3661 es

197 3703 447 3763 damn0.
540 3700 867 3776 Poteras,
848 3700 1111 3777 inquies,
1142 3700 1345 3778 prima
1381 3700 1593 3760 statim
1635 3698 1948 3758 seditione
1980 3698 2212 3758 librum
2245 3697 2602 3759 absolutum

197 3803 361 3863 dare.
452 3799 601 3860 Imo
648 3799 1178 3876 quemadmodum
1227 3798 1350 3877 ipsi
1390 3817 1637 3875 semper
1681 3796 1796 3856 hoc
1835 3795 2083 3874 agimus
2118 3795 2271 3856 dum
2303 3794 2597 3870 viuimus,

198 3906 265 3961 vt
310 3899 500 3961 nobis
540 3897 695 3975 ipsis
735 3897 1068 3958 reddamur
1108 3896 1412 3970 meliores,
1447 3895 1535 3955 ita
1574 3915 1702 3954 non
1744 3894 1917 3972 prius
1957 3893 2316 3956 desinemus
2356 3895 2603 3955 nostras
2628 3917 2688 3970 35

200 3997 671 4060 lucubrationes
706 3994 1082 4056 elimatiores
1123 4015 1191 4055 ac
1231 3994 1660 4073 locupletiores
1703 3993 1972 4068 reddere,
2007 4013 2198 4071 quam
2234 3991 2604 4053 desierimus

199 4099 429 4157 viuere.
553 4093 1094 4170 Quemadmodum
1151 4113 1335 4154 nemo
1392 4097 1520 4153 tam
1586 4091 1788 4151 bonus
1853 4094 1949 4150 est
2006 4090 2161 4167 quin
2217 4088 2413 4167 possit
2465 4088 2603 4149 fieri

203 4197 442 4269 melior,
504 4193 599 4254 ita
664 4191 882 4253 nullus
950 4192 1108 4253 liber
1175 4196 1304 4252 tam
1374 4195 1469 4252 est
1537 4190 1887 4250 elaboratus
1940 4190 2095 4267 quin
2162 4188 2337 4249 reddi
2405 4187 2602 4265 possit

504 4354 583 4401 29.
619 4335 817 4401 poster
801 4351 937 4384 ιοια
960 4339 1273 4398 :apostrem
1243 4337 1333 4390 aB
1548 4349 1628 4396 32.
1662 4349 1798 4384 esar
1777 4339 1850 4382 net
1827 4335 2085 4396 egemino
2107 4336 2218 4382 add.
2240 4335 2294 4386 β.

264 4538 314 4586 3.
348 4459 928 4585 declamatiunculam]
978 4517 1244 4581 Probably
1279 4532 1349 4566 an
1452 4517 1580 4568 olim
1648 4518 1865 4566 habitae
1921 4515 2169 4564 Lutetiae
2223 4513 2290 4562 de
2346 4512 2601 4562 laudibus

209 4591 595 4653 amplificationi
650 4589 712 4637 of
764 4586 862 4634 the
910 4590 1036 4633 Lam
1080 4589 1199 4632 vitae
1252 4601 1330 4631 mo
1451 4583 1740 4641 diuorum3
1772 4581 1984 4630 sedhae
1998 4582 2127 4629 sunt
2145 4579 2212 4629 ab
2224 4579 2416 4628 amicis
2430 4578 2600 4625 irnte·

212 4662 425 4704 uastum«.
493 4655 576 4705 cf.
603 4670 654 4718 p.
689 4653 767 4701 xs.
802 4666 874 4712 17.
1452 4650 1665 4712 ceptae’
1695 4649 1772 4712 (L
1771 4663 1827 4696 ιε.
1859 4651 1920 4696 In
1923 4648 2050 4706 dex).
2119 4645 2222 4694 For
2256 4645 2507 4692 Erasmus
2541 4644 2598 4688 at

280 4736 353 4783 15.
391 4716 690 4781 orationes]
756 4716 1085 4766 ‘Concicnes
1148 4716 1221 4765 ali
1225 4719 1354 4777 quot
1459 4714 1738 4776 Montaigu
1762 4727 1849 4763 see
1871 4728 1925 4776 p.
1953 4712 2063 4772 146.
