3355 5380
668 357 783 411 150
1370 352 1752 413 LETTERS
1808 352 1915 413 OF
1972 351 2085 412 ER
2097 350 2372 414 ASMUS
2882 347 2941 433 [ι
2953 372 3027 428 49
3036 370 3072 430 5

663 510 849 571 facile
868 528 1019 569 cum
1046 507 1267 587 quouis
1295 507 1421 568 alio
1449 507 1795 569 Christiani
1822 508 1990 570 orbis
2026 509 2289 585 imperio
2326 508 2522 585 possit
2549 509 2938 585 contendere,
2970 511 3075 572 vel

663 607 903 686 opibus,
947 609 1049 668 vel
1096 605 1347 683 imperii
1395 605 1645 679 finibus,
1692 606 1795 666 vel
1842 627 2054 684 rerum
2099 609 2418 683 gestarum
2466 607 2925 685 magnitudine,
2973 610 3075 671 vel

576 733 640 783 30
665 726 885 784 regum
925 705 1298 779 nobilitate;
1355 724 1510 783 quos
1552 704 1859 780 plurimos
1899 704 2192 765 habuisse
2232 707 2492 791 constat,
2529 725 2659 765 non
2700 705 3075 768 fortissimos

665 804 871 879 modo,
925 822 1146 864 verum
1195 802 1388 862 etiam
1445 801 1894 880 pientissimus.
1985 802 2374 880 Quapropter
2419 803 2487 863 in
2536 803 2654 863 hoc
2701 823 2893 883 regno
2939 825 3074 866 non

662 902 898 963 iniuria
924 904 1178 962 senatus
1195 900 1589 961 Christianus
1616 903 1834 961 contra
1860 900 2254 961 Thurcorum
2279 900 2645 962 violentiam
2672 902 3074 979 potissimum

663 1003 850 1079 atque
878 1001 1134 1060 vnicum
1162 998 1506 1076 presidium
1534 997 1656 1058 sibi
1682 999 2011 1059 collocasse
2037 998 2304 1060 videtur.

746 1098 870 1159 Sed
895 1100 1108 1159 tamen
1138 1117 1337 1157 vnum
1364 1096 1660 1175 quiddam
1694 1097 1895 1157 adhuc
1925 1097 2091 1157 tanti
2114 1096 2369 1174 imperii
2404 1099 2699 1159 maiestas
2727 1099 3077 1161 desiderare

578 1218 639 1268 35
665 1195 1012 1257 videbatur.
1102 1196 1319 1256 Cetera
1345 1195 1448 1256 vel
1484 1213 1598 1271 par
1622 1194 1725 1255 vel
1754 1194 2029 1269 inferior,
2060 1194 2242 1255 Liuio
2275 1198 2458 1275 atque
2484 1196 2759 1258 Salustio
2785 1197 3077 1258 vincebat

667 1293 872 1354 adhuc
900 1292 1102 1354 Italia.
1192 1294 1354 1354 Nam
1381 1294 1477 1370 (vt
1504 1291 1659 1353 scite
1686 1292 1910 1353 cecinit
1939 1291 2267 1371 Horatius)
2293 1314 2510 1373 regum
2538 1296 2889 1374 ducumque
2918 1297 3075 1356 bene

666 1392 858 1468 gesta,
884 1391 1293 1467 quantumuis
1320 1390 1597 1469 alioquin
1624 1392 1920 1468 preclara,
1943 1394 2052 1452 aut
2079 1391 2598 1455 intermoriantur
2623 1398 2735 1455 aut
2756 1397 3080 1457 obscuren-

666 1491 774 1549 tur
807 1490 971 1548 etate
1005 1508 1328 1550 necessum
1367 1492 1478 1563 est,
1513 1489 1641 1549 nisi
1675 1489 1961 1549 historici
1995 1490 2341 1569 eloquentis
2379 1512 2563 1569 opera
2600 1493 2843 1567 litteris,
2876 1494 3082 1555 vnicis

669 1607 879 1649 rerum
913 1588 1290 1662 custodibus,
1322 1588 1855 1663 commendentur,
1886 1588 2145 1665 perinde
2183 1589 2382 1667 gloria
2418 1591 2581 1668 apud
2618 1594 2901 1669 posteros
2927 1592 3078 1654 vali·

581 1712 645 1761 40
668 1689 811 1747 tura
861 1689 1048 1764 atque
1101 1687 1158 1746 is
1212 1686 1323 1766 qui
1376 1686 1623 1763 scripsit
1679 1686 1934 1763 ingenio
1981 1687 2265 1748 valuerit.
2353 1687 2541 1750 Hanc
2595 1691 2668 1750 tu
2721 1710 3078 1769 supremam

667 1784 1074 1861 prouinciam,
1109 1784 1518 1845 disertissime
1546 1783 1848 1861 Gaguine,
1881 1788 2181 1862 tanquam
2208 1785 2357 1845 fatis
2385 1786 2502 1846 tibi
2540 1791 2867 1861 seruatam,
2899 1788 3078 1849 velut

670 1882 831 1942 alter
866 1881 1077 1960 Scipio
1115 1902 1364 1943 summo
1404 1882 1690 1944 omnium
1728 1879 2029 1960 applausu
2067 1884 2410 1961 suscepisti,
2443 1884 2853 1947 difficilimam
2889 1887 3078 1964 plane

671 1981 860 2057 atque
886 1980 1184 2042 immensi
1213 1980 1467 2059 negocii,
1489 1981 1595 2040 sed
1617 1984 1831 2040 tamen
1852 1980 2120 2041 Roberto
2149 2002 2402 2059 prorsus
2430 1984 2837 2060 aptissimam.
2910 1985 3074 2061 Quid

668 2078 760 2138 ita
796 2078 1045 2138 credam
1083 2082 1314 2156 rogas?
1394 2079 1555 2140 Cum
1593 2077 1814 2138 multis
1854 2079 1929 2139 de
1964 2080 2184 2155 causis,
2218 2083 2360 2140 tum
2400 2080 2641 2142 duabus
2675 2084 3078 2160 potissimum

583 2194 646 2243 45
673 2178 761 2237 ita
788 2177 987 2237 michi
1016 2177 1283 2238 videtur.
1373 2177 1514 2238 Duo
1549 2179 1699 2236 sunt
1725 2177 1899 2236 enim
1927 2178 2218 2255 precipua
2255 2200 2373 2258 que
2398 2180 2467 2239 in
2493 2180 2791 2243 historico
2819 2183 3080 2260 probato

672 2275 848 2352 queri
875 2275 1095 2349 solent,
1127 2295 1353 2353 nempe
1380 2274 1533 2335 fides
1559 2277 1623 2334 et
1650 2275 1936 2336 eruditio,
2026 2275 2191 2337 Nam
2217 2280 2287 2338 vt
2315 2279 2636 2356 scriptoris
2662 2280 2888 2343 leuitas
2917 2281 3081 2341 veris

672 2394 914 2451 quoque
963 2393 1415 2452 nonnunquam
1464 2372 1655 2433 fidem
1702 2373 1975 2451 abrogat,
2025 2374 2116 2434 ita
2163 2378 2224 2435 et
2251 2377 2548 2454 xgrauitas
2592 2378 3082 2456 historiographi

670 2471 920 2549 priuata
959 2473 1324 2533 auctoritate
1364 2472 1550 2532 rebus
1589 2472 1746 2549 ipsis
1781 2472 2076 2533 fiduciam
2112 2474 2426 2552 quandam
2468 2475 2690 2536 addere
2730 2476 2904 2537 solet.
2991 2476 3082 2537 Vt

676 2571 831 2631 item
880 2570 1220 2631 narratoris
1266 2569 1583 2647 imperitia
1623 2570 1718 2647 (vt
1763 2570 1953 2631 fidem
1993 2570 2197 2647 faciat,
2243 2574 2407 2652 quod
2450 2593 2529 2634 ne
2570 2575 2780 2653 ipsum
2824 2573 3080 2653 quidem

587 2688 649 2738 50
672 2669 899 2747 potest)
926 2672 1143 2731 tamen
1171 2688 1269 2730 res
1295 2668 1663 2747 plerumque
1692 2688 1802 2747 per
1827 2689 1893 2730 se
1920 2670 2074 2730 satis
2101 2670 2383 2732 illustres
2410 2672 2710 2748 obscurat,
2735 2672 3078 2748 imminuit,

673 2769 1000 2845 deturpat;
1063 2768 1153 2828 ita
1200 2767 1367 2828 docti
1412 2767 1732 2846 scriptoris
1781 2767 2110 2844 ingenium
2157 2770 2418 2830 obscura
2464 2771 2757 2845 illustrat,
2813 2772 3086 2833 humilia

670 2866 892 2942 eleuat,
924 2867 1267 2945 splendidis
1304 2867 1510 2926 lucem
1548 2866 1865 2943 quandam
1903 2886 1972 2926 ac
2011 2867 2196 2928 decus
2231 2869 2503 2945 apponit.
2591 2870 2901 2945 Quoniam
2935 2891 3083 2933 vero

674 2969 738 3025 et
779 2966 935 3026 fides
975 2968 1039 3026 et
1082 2963 1350 3025 eruditio
1378 2967 1637 3041 vtraque
1669 2967 1850 3025 tanta
1890 2964 1960 3025 in
1993 2969 2055 3025 te
2089 2969 2241 3026 sunt
2279 2971 2510 3045 quanta
2541 2968 2610 3028 in
2644 2968 2769 3028 alio
2807 2969 3076 3040 nemine,

676 3083 864 3124 nemo
891 3064 1165 3139 profecto
1190 3062 1313 3122 fuit
1341 3062 1448 3122 isti
1482 3062 1733 3122 muneri
1764 3062 1970 3140 aptior
1995 3085 2011 3137 ;
2051 3064 2155 3124 vel
2183 3064 2354 3126 istud
2382 3066 2665 3127 muneris
2690 3067 2933 3128 nemini
2961 3067 3082 3127 fuit

587 3182 648 3232 55
676 3162 883 3239 aptius
912 3181 1103 3240 quam
1130 3160 1249 3220 tibi
1277 3160 1404 3235 vni,
1436 3160 1545 3238 qui
1579 3179 1792 3237 posses
1828 3163 1890 3221 et
1928 3181 2042 3239 pro
2072 3162 2374 3241 singulari
2412 3166 2522 3224 tua
2559 3165 2857 3241 grauitate
2890 3164 3081 3225 fidem

677 3258 878 3319 facere
906 3262 968 3319 et
996 3278 1108 3336 pro
1135 3278 1264 3319 non
1289 3258 1532 3335 vulgari
1559 3258 1914 3336 eloquentia
1939 3279 2074 3320 rem
2101 3262 2417 3323 adornare.

761 3355 901 3416 Iam
938 3355 1119 3417 facile
1158 3355 1454 3432 suspicor,
1489 3355 1947 3416 humanissime
1985 3359 2288 3437 Gaguine,
2330 3362 2390 3420 te
2429 3359 2729 3420 subirasci
2766 3359 3085 3420 Herasmo

676 3460 805 3531 tuo,
840 3455 950 3533 qui
978 3454 1241 3515 laudum
1268 3456 1519 3514 tuarum
1550 3454 1651 3513 vel
1681 3455 2010 3516 tantillum
2038 3458 2240 3519 ausim
2269 3459 2590 3537 attingere.
2664 3457 2878 3537 Neque
2908 3459 3082 3519 enim

677 3575 781 3616 me
820 3553 985 3613 clam
1026 3555 1123 3613 est
1162 3572 1351 3631 quam
1392 3551 1689 3626 modest0‚
1733 3572 1922 3631 quam
1963 3555 2226 3631 pudenti
2267 3556 2369 3632 (ne
2406 3557 2611 3618 dicam
2651 3556 2959 3635 putidulo)
2997 3557 3089 3617 sis

587 3657 654 3708 60
676 3651 933 3728 ingenio
982 3650 1277 3728 preditus,
1323 3650 1549 3728 quippe
1590 3650 1700 3729 qui
1746 3652 2015 3712 amicam
2057 3653 2250 3713 etiam
2296 3653 2834 3715 laudatiunculam
2883 3656 3088 3716 multo

678 3750 1008 3811 molestius
1049 3750 1208 3810 ferre
1257 3748 1457 3810 soleas
1499 3769 1689 3827 quam
1733 3749 2047 3828 quispiam
2096 3751 2260 3812 alius
2301 3753 2656 3815 conuicium
2697 3753 2870 3815 ferat.
2963 3753 3085 3814 Sed

676 3849 931 3910 obsecro
958 3851 1038 3922 te,
1075 3849 1220 3909 dato
1258 3848 1420 3908 hanc
1447 3848 1702 3908 veniam
1739 3868 1877 3908 meo
1913 3850 1981 3909 in
2009 3852 2071 3909 te
2103 3851 2319 3925 amori,
2351 3855 2422 3911 vt
2449 3872 2567 3931 que
2603 3852 2840 3929 passim
2868 3872 3087 3913 omnes

677 3946 1001 4024 predicant
1026 3946 1123 4007 fas
1155 3947 1239 4007 sit
1268 3947 1462 4007 etiam
1500 3947 1702 4007 amico
1735 3948 2115 4010 meminisse.
2203 3949 2320 4010 Cui
2345 3950 2517 4011 enim
2547 3953 2805 4011 tuorum
2829 3950 3088 4011 incredi-

676 4043 826 4104 bilis
874 4043 1005 4104 vite
1052 4047 1160 4105 tue
1216 4064 1586 4123 morumque
1639 4044 1993 4122 integritas,
2039 4047 2414 4124 innocentia,
2466 4048 2760 4126 grauitas,
2816 4069 2942 4109 non
2992 4050 3088 4108 est

589 4143 652 4210 65
679 4142 1185 4219 spectatissima?
1264 4144 1391 4205 Vbi
1437 4143 1726 4220 gentium
1767 4163 1898 4204 non
1946 4146 2303 4223 predicata?
2382 4147 2563 4207 Adeo
2605 4149 2673 4208 vt
2721 4167 2850 4208 non
2898 4146 3087 4208 modo

681 4242 760 4302 de
806 4241 1059 4319 scriptis
1105 4242 1212 4302 sed
1263 4262 1341 4302 ne
1392 4242 1468 4302 de
1523 4241 1709 4302 dictis
1761 4242 2014 4321 quidem
2061 4243 2337 4322 Gaguini
2382 4244 2510 4306 vlla
2562 4246 2763 4323 possit
2818 4244 3089 4307 incidere

679 4339 951 4416 suspicio
977 4338 1296 4401 vanitatis.
1380 4339 1566 4401 Adde
1593 4339 1758 4417 quod
1797 4361 1986 4419 quom
2015 4361 2233 4402 omnes
2269 4341 2483 4402 norint
2521 4344 2583 4401 te
2616 4341 2885 4404 Francos
2917 4361 3091 4420 reges

750 4481 831 4529 43.
869 4469 1010 4531 Quid
1033 4487 1100 4519 a:
1132 4470 1234 4532 Qui
1256 4472 1309 4525 β.
1446 4486 1524 4530 44.
1554 4471 1692 4520 Cum
1716 4472 1786 4525 B:
1820 4472 1954 4534 quin
1978 4489 2025 4521 α.
2185 4488 2262 4534 47.
2303 4474 2358 4520 et
2379 4474 2451 4525 B:
2483 4475 2542 4521 vt
2566 4491 2614 4523 α.
2747 4486 2829 4534 51.
2866 4474 3090 4522 obscura

684 4536 720 4589 β
744 4552 756 4584 :
791 4536 1037 4584 obscurat
1063 4554 1112 4585 α.
1313 4550 1395 4598 52.
1429 4550 1557 4585 vero
1580 4541 1692 4586 add.
1711 4539 1764 4591 β.
1942 4552 2024 4599 57.
2061 4539 2178 4587 Iam
2202 4540 2257 4586 δε
2291 4538 2424 4587 Tam
2447 4556 2496 4588 α.

748 4652 832 4712 36.
870 4651 1154 4717 Horatius]
1181 4658 1336 4702 &tv-m.
1362 4668 1408 4712 4.
1437 4668 1484 4714 9.
1512 4653 1658 4715 25·8.
2003 4667 2082 4715 57.
2120 4653 2405 4719 subirasci]
2432 4654 2512 4705 cf.
2537 4654 2635 4717 Ep.
2661 4670 2739 4716 43.
