3355 5380
652 399 767 454 292
1342 393 1721 454 LETTERS
1776 391 1885 452 oF
1940 390 2341 452 ERAsnms
2859 384 3049 471 [1500

561 571 620 625 75
648 553 918 633 γέροντες,
947 554 1012 611 et
1041 550 1260 611 Nescis
1289 550 1440 627 quid
1469 569 1645 610 serus
1671 569 1891 627 vesper
1916 549 2123 622 vehat,
2159 551 2223 609 et
2253 546 2545 608 Mutuum
2573 546 2736 606 muli
2761 545 3047 607 scabunt.

650 648 900 710 Catullo
926 668 1040 708 sua
1064 647 1284 726 adagia
1311 648 1532 725 adime,
1563 650 1625 708 et
1654 646 1885 725 leporis
1912 647 2143 708 bonam
2170 649 2411 723 partem
2439 644 2761 706 ademeris.
2836 643 3000 719 Quid
3021 646 3053 704 ⁶?

652 746 904 808 Horatii
957 749 1208 823 poaetae
1261 749 1403 807 tum
1451 745 1610 808 varii
1656 749 1797 806 tum
1844 744 2017 806 acuti
2071 764 2282 804 nonne
2336 743 2616 821 plerique
2671 762 2892 804 versus
2946 745 3055 802 aut

649 844 1077 922 prouerbiales
1130 847 1282 905 sunt
1325 847 1436 905 aut
1483 843 1803 921 prouerbii
1856 842 2082 904 faciem
2128 842 2365 903 habent
2382 844 2414 903 *Ρ
2482 841 2697 902 Huius
2748 840 3058 901 emulator

650 943 906 1005 Persius
970 964 1123 1020 qum
1178 945 1410 1003 ceteras
1469 942 1644 1003 illius
1704 943 1957 1019 figuras,
2015 944 2157 1002 tum
2219 941 2338 1001 hoc
2401 941 2590 1001 decus
2642 959 2755 1017 pro
2809 939 3057 1000 viribus

560 1049 625 1097 80
652 1041 984 1103 affectauit.
1076 1042 1288 1119 Atque
1340 1045 1413 1102 vt
1465 1040 1752 1101 Martiale
1805 1039 2212 1116 Ausonioque
2270 1038 2691 1116 pretermissis
2742 1038 2819 1097 ad
2883 1036 3056 1097 aliud

653 1143 976 1201 auctorum
1044 1160 1243 1218 genus
1297 1139 1565 1214 veniam,
1625 1138 1879 1199 Plinius
1934 1138 2327 1215 Sequundua
2387 1140 2522 1198 tam
2566 1135 2904 1213 multiiuga
2958 1134 3060 1195 vir

654 1238 953 1313 doctrina,
980 1258 1168 1315 quam
1195 1238 1471 1299 studiose
1496 1237 1583 1298 sit
1607 1237 1729 1297 hoc
1755 1257 1955 1315 genus
1974 1237 2232 1296 ornatus
2257 1238 2575 1312 sequutus,
2586 1216 2838 1306 {indicio
2866 1232 3060 1294 fuerit

652 1336 755 1396 vel
783 1336 1045 1413 prefatio
1080 1336 1190 1398 illa
1225 1336 1295 1395 in
1324 1335 1677 1397 Historiam
1711 1329 1952 1413 mundi}
1983 1334 2051 1393 in
2080 1354 2205 1412 qua
2228 1333 2556 1394 scribenda
2585 1332 2771 1393 homo
2801 1331 3059 1408 diligen·

652 1433 941 1495 tissimus
980 1434 1143 1493 mihi
1175 1433 1426 1494 videtur
1462 1434 1659 1509 (iuxta
1688 1432 2000 1509 Flaccum)
2040 1452 2225 1509 saepe
2266 1434 2454 1509 caput
2494 1430 2824 1506 scabuisse,
2858 1430 3061 1490 viuos·

565 1537 626 1600 85
655 1552 775 1610 que
796 1552 1031 1610 vngues
1059 1532 1368 1606 arrosisse,
1398 1552 1469 1592 ac
1496 1531 1791 1591 manibus
1818 1531 2201 1609 pedibusque
2220 1531 2409 1608 (quod
2431 1529 2557 1590 dici
2575 1529 2755 1606 solet)
2774 1529 3058 1600 annisus,

653 1633 725 1689 vt
761 1650 834 1689 ea
870 1650 1059 1708 quam
1096 1629 1361 1690 minime
1397 1629 1638 1690 triuiali
1668 1649 1867 1690 vaena
1897 1629 2130 1706 scripta
2154 1629 2510 1710 videretur,
2551 1649 2747 1705 eoque
2785 1646 2825 1687 a
2863 1626 3063 1705 capite

654 1728 731 1788 ad
761 1728 993 1787 calcem
1020 1747 1215 1804 vsque
1246 1727 1727 1806 quamplurimis
1750 1727 1984 1805 adagiis
2010 1727 2404 1804 respersisse:
2446 1727 2550 1786 vel
2575 1727 2752 1800 illud,
2788 1726 2956 1803 quod
2992 1725 3061 1784 in

654 1825 1043 1902 amplissimo
1089 1825 1204 1886 illo
1248 1845 1432 1903 opere
1475 1812 1822 1904 prouerbia,
1867 1825 1923 1886 si
1967 1845 2091 1902 qua
2132 1825 2440 1900 incidunt,
2488 1844 2615 1886 non
2656 1824 3063 1903 indiligenter

655 1924 997 1984 annotauit.
1083 1925 1265 1984 Adde
1304 1924 1429 1983 huc
1463 1926 1629 2002 quod
1665 1923 1831 2002 apud
1866 1924 2133 1985 Graecos
2168 1922 2518 1999 complures
2551 1922 2901 1983 extiterunt
2934 1942 3061 1982 non

565 2040 631 2091 90
654 2021 901 2082 obscuri
929 2021 1208 2082 nominis
1234 2025 1514 2082 auctores
1534 2022 1643 2099 qui
1668 2021 2146 2100 prouerbiorum
2166 2022 2540 2082 collectanea
2555 2022 2659 2081 vel
2678 2041 2757 2081 ex
2784 2021 3063 2098 professo

658 2119 1172 2196 conscripserunt,
1201 2120 1401 2181 veluti
1427 2121 1799 2197 Apostolius
1825 2119 2169 2196 Bizantius,
2195 2120 2567 2196 Stephanus,
2595 2118 3063 2196 Diogenianus;

657 2237 924 2295 quorum
966 2238 1083 2278 nos
1123 2218 1377 2295 quidem
1417 2223 1627 2296 preter
1667 2218 1930 2278 nomina
1968 2217 2131 2277 nihil
2168 2218 2371 2278 adhuc
2407 2216 2681 2278 nancisci
2720 2216 3062 2294 quiuimus,

658 2313 786 2375 nisi
846 2335 923 2375 ex
985 2315 1362 2391 Diogeniani
1419 2316 1818 2377 collectaneis
1880 2317 2227 2392 fragmenta
2281 2315 2565 2393 quedam,
2625 2334 2847 2376 verum
2914 2315 3068 2375 adeo

659 2412 887 2473 mutila
919 2414 1189 2491 adeoque
1230 2414 1404 2475 nuda
1438 2414 1618 2475 nulla
1654 2415 1982 2475 auctorum
2020 2413 2506 2487 nomenclatura,
2546 2414 2739 2474 nullis
2777 2413 3067 2474 locorum

570 2524 631 2575 95
659 2510 924 2585 indiciis,
957 2515 1030 2572 vt
1056 2532 1133 2572 ex
1159 2512 1262 2571 his
1289 2513 1472 2573 nobis
1498 2533 1627 2573 non
1653 2513 1934 2573 multum
1960 2512 2300 2573 accesserit.
2386 2512 2584 2572 Porro
2611 2512 2774 2589 apud
2805 2512 3070 2573 Latinos

663 2628 849 2669 nemo
889 2609 1142 2687 quidem
1180 2614 1326 2671 ante
1365 2631 1482 2671 nos
1527 2611 1716 2688 (quod
1755 2609 1972 2687 sciam)
2009 2610 2374 2672 huiusmodi
2404 2609 2734 2688 negocium
2773 2610 3067 2683 tentauit‚

658 2728 788 2768 non
811 2710 977 2786 quod
999 2729 1220 2787 operae
1240 2710 1518 2787 precium
1540 2730 1667 2771 non
1690 2709 2003 2787 putarint:
2043 2729 2161 2786 qur
2184 2709 2354 2770 enim
2384 2709 2553 2770 istud
2576 2709 3072 2786 contempserint

659 2805 707 2864 ii
734 2806 842 2885 qui
870 2807 946 2866 de
972 2807 1242 2884 singulis
1269 2808 1515 2879 litteris,
1549 2809 1626 2868 de
1653 2808 1991 2868 verborum
2018 2808 2401 2885 etymologia
2428 2808 2624 2884 deque
2652 2808 2841 2868 rebus
2875 2807 3070 2870 etiam

660 2902 999 2966 leuioribus
1051 2905 1232 2966 anxie
1281 2908 1732 2983 propemodum
1786 2906 2132 2993 scribentes
2184 2926 2367 2983 opere
2419 2906 2700 2984 precium
2747 2925 2813 2966 se
2872 2908 3071 2968 facere

542 3018 637 3054 100
660 3002 1102 3065 existimabant
1118 3007 1151 3065 ⁴?
1219 3006 1512 3066 Ceterum
1553 3024 1741 3082 quam
1782 3024 1912 3065 non
1954 3004 2442 3083 contempserint
2484 3004 2585 3065 vel
2626 3004 2778 3064 hinc
2821 3006 3064 3083 collige,

661 3102 827 3177 quod
856 3100 1128 3179 eleganti
1154 3101 1511 3163 litteratura
1535 3103 1636 3162 vir
1656 3104 1732 3164 A.
1764 3102 2018 3178 Gellius,
2044 3103 2358 3180 huiusque
2382 3103 2665 3163 aemulus
2692 3103 3069 3178 Macrobius,

663 3203 938 3276 preterea
983 3201 1286 3272 Donatus,
1333 3201 1544 3261 Acron
1594 3221 1740 3260 cum
1786 3201 2131 3261 emulatore
2184 3201 2635 3278 Porphyrione,
2684 3205 2756 3262 vt
2804 3203 3074 3263 Graecos

665 3295 925 3357 interim
961 3301 1477 3359 commentatores
1506 3302 1765 3372 taceam,
1803 3299 1857 3360 si
1896 3300 2145 3377 quando
2178 3299 2246 3359 in
2275 3298 2633 3361 auctoribus
2663 3300 3073 3378 prouerbium

667 3395 919 3455 subesse
961 3401 1305 3472 senserunt,
1349 3418 1479 3458 non
1521 3398 1687 3475 quod
1727 3397 1907 3475 pueri
1948 3397 2277 3458 clamitant
2320 3398 2391 3458 in
2431 3399 2577 3458 faba
2617 3405 2682 3459 se
2727 3398 3073 3477 repperisse

544 3506 636 3556 105
666 3495 818 3552 sunt
852 3493 1155 3569 arbitrati,
1187 3496 1296 3555 sed
1341 3496 1510 3572 quod
1549 3497 1725 3555 velut
1760 3495 2052 3557 asterisco
2089 3498 2551 3573 prenotandum
2588 3496 3080 3575 diligentiusque

665 3590 1107 3668 explicandum
1160 3593 1546 3669 iudicarent;
1605 3597 1823 3672 vtpote
1870 3593 1978 3671 qui
2032 3614 2161 3654 non
2215 3594 2576 3672 ignorarent
2628 3614 3079 3673 saepenumero

664 3688 803 3749 fieri
841 3693 912 3750 vt
952 3690 1194 3752 duobus
1225 3692 1436 3753 verbis
1470 3693 1994 3771 comprehensum
2029 3692 2323 3770 adagium
2359 3693 2637 3753 multum
2669 3693 3077 3754 tenebrarum

667 3788 950 3863 adferret,
1000 3788 1055 3848 si
1103 3788 1405 3865 latuisset,
1458 3790 1813 3869 plurimum
1856 3810 2004 3852 vero
2052 3790 2230 3864 luciS,
2284 3790 2338 3851 si
2394 3790 2548 3851 scite
2600 3790 2828 3851 fuisset
2884 3790 3077 3867 expli·

665 3888 894 3947 catum.

549 3996 643 4034 110
750 3983 875 4043 Hic
925 3984 981 4043 si
1027 3986 1472 4062 exemplorum,
1531 4006 1650 4063 que
1686 3986 1822 4047 *tibi
1877 3986 2112 4065 passim
2160 3989 2486 4047 occurrent
2535 3986 2825 4064 plurima,
2876 4006 3080 4048 vnum

667 4081 918 4159 aliquod
947 4081 1232 4160 requiris,
1256 4103 1337 4143 en
1358 4083 1478 4144 tibi
1503 4083 1727 4145 statim
1752 4084 1822 4145 in
1848 4085 2055 4146 fronte
2082 4105 2119 4145 a
2138 4084 2325 4145 nobis
2346 4088 2665 4162 vtcunque
2691 4088 3076 4162 enarratum,

671 4179 1012 4241 Rideamus
1046 4181 1269 4261 γέλωτα
1299 4182 1611 4259 σαρδόνιον,
1644 4181 1711 4241 id
1739 4183 1906 4259 quod
1937 4187 2035 4244 est
2061 4182 2132 4243 in
2157 4182 2437 4261 epistolis
2465 4182 2793 4259 Tullianis,
2824 4183 2896 4245 in
2924 4204 3085 4261 quas

670 4278 979 4356 ambages,
1015 4278 1085 4339 in
1123 4299 1312 4356 quem
1355 4300 1637 4341 errorum
1680 4280 2120 4359 labyrinthum
2162 4284 2547 4345 enarratores
2583 4281 2788 4342 mittit
2804 4284 2838 4344 ⁵?
2899 4283 3086 4358 Quod

671 4376 725 4439 si
774 4377 1118 4440 Christiani
1167 4377 1672 4439 Christianorum
1723 4380 2029 4458 exemplis
2076 4380 2277 4457 magis
2334 4380 2673 4457 tangimur,
2726 4400 2858 4441 non
2904 4382 3088 4445 dubi·

738 4547 819 4593 91.
857 4534 1145 4595 Apostolus
1166 4535 1248 4588 αβ-
1432 4535 1513 4597 98.
1549 4538 1587 4589 β
1611 4554 1623 4584 z
1657 4536 1987 4600 ethymlogia
2008 4552 2056 4586 α.
2241 4549 2347 4584 101.
2384 4537 2630 4586 aemulus
2651 4538 2688 4590 β
2708 4554 2723 4585 2
2757 4536 2943 4586 mulus
2964 4555 3018 4589 α.

742 4683 821 4741 84.
861 4682 1136 4747 Flaccum]
1172 4688 1270 4733 Sat.
1302 4700 1342 4734 1.
1375 4700 1452 4736 10.
1481 4700 1558 4747 71.
2006 4700 2114 4735 112.
2151 4685 2444 4748 Tullianis]
2469 4689 2558 4744 Ep.
2584 4689 2724 4736 Fam.
2754 4700 2802 4747 Ἰ.
2830 4701 2912 4747 25.
