3355 5380
677 392 753 451 86
1384 387 1763 448 LETTERS
1817 386 1922 447 OF
1978 386 2375 449 ERASMUS
2879 383 3086 470 [1488

1328 571 1430 634 13.
1518 567 1615 633 To
1663 568 2059 634 Sanni-ms
2104 566 2425 633 Rom-:Rus

742 679 881 736 Vita
905 679 1123 737 Erasini
1149 699 1203 751 p.
1237 682 1351 736 166.
2571 686 2574 689 “
2707 677 2978 753 (Steyn.)

745 764 919 821 Lond.
946 764 1098 822 xxxi.
1127 767 1190 821 8:
1228 764 1338 819 LB.
1364 764 1513 835 App.
1538 764 1661 830 480.
2693 760 2777 833 (c.
2810 764 3001 837 1488.)

763 903 1076 953 ERASMVS
1122 901 1629 952 ROTERODAMVS
1671 899 2014 949 SERVATIO
2060 898 2281 947 unco
2325 899 2539 949 Vmor:
2582 900 2880 952 DILEcTo
2923 905 2979 953 S.

753 1025 852 1086 V'r
887 1025 1052 1086 nihil
1088 1025 1375 1085 omnium
1410 1042 1617 1084 rerum
1658 1021 2011 1098 iucundius,
2042 1020 2207 1082 nihil
2243 1022 2501 1084 suauius
2532 1026 2627 1084 est
2654 1043 2844 1102 quam
2870 1043 3090 1085 amare

675 1126 1008 1201 amarique,
1052 1124 1142 1184 ita
1185 1142 1324 1184 mea
1363 1122 1621 1200 quidem
1664 1120 1994 1194 sententia,
2037 1120 2130 1180 mi
2178 1120 2436 1196 Seruati,
2483 1120 2648 1183 nihil
2692 1142 2770 1183 ex
2814 1121 3088 1184 aduerso

676 1222 1016 1298 molestiae,
1071 1221 1237 1282 nihil
1290 1220 1640 1280 infaelicius
1695 1238 1881 1296 quam
1929 1237 2137 1279 amare
2191 1239 2305 1280 nec
2359 1221 2598 1281 amari:
2665 1223 2860 1299 vtque
2912 1221 3087 1283 nihil

677 1319 1016 1382 humanius
1064 1322 1159 1380 est
1202 1338 1391 1397 quam
1447 1320 1764 1379 amantem
1819 1317 2151 1392 redamare,
2203 1318 2292 1378 ita
2339 1338 2583 1398 quoque
2631 1318 2797 1379 nihil
2851 1321 2946 1379 est
2999 1320 3089 1380 ab

620 1440 648 1491 5
677 1418 934 1480 homine
974 1417 1258 1493 alienius,
1291 1416 1454 1477 ferae
1479 1416 1765 1490 vicinius,
1800 1435 1990 1493 quam
2027 1418 2343 1477 amantem
2384 1417 2713 1492 aduersari,
2758 1437 2840 1478 ne
2873 1415 3087 1479 dicam

678 1518 821 1579 odio
865 1516 1108 1578 habere.
1193 1516 1335 1576 Iam
1378 1515 1539 1575 forte
1587 1513 1994 1591 suspicaberis
2041 1513 2269 1576 idcirco
2309 1515 2377 1575 id
2419 1533 2523 1575 me
2566 1518 2775 1576 texere
2815 1516 3082 1591 exordii,

676 1619 751 1677 vt
784 1634 1033 1676 rursum
1070 1617 1135 1674 te
1169 1612 1330 1673 mihi
1369 1613 1696 1673 conciliem
1730 1612 2182 1691 abruptumque
2222 1613 2387 1674 inter
2422 1632 2539 1675 nos
2571 1613 2835 1691 gratiam
2873 1614 3091 1677 denuo

677 1713 1018 1774 resarciam.
1136 1712 1258 1772 Sed
1313 1711 1462 1790 quid
1511 1731 1626 1789 ego
1681 1711 1747 1771 id
1795 1711 1957 1771 mihi
2015 1712 2094 1772 de
2156 1715 2331 1772 muta
2377 1713 2743 1791 promittam
2796 1712 3083 1791 epistola,

678 1811 843 1889 quod
878 1828 1079 1887 neque
1104 1808 1537 1870 blandimenta
1574 1829 1778 1886 neque
1809 1828 2023 1886 preces
2058 1809 2224 1871 vllae
2263 1830 2474 1874 coram
2510 1811 2684 1875 fusae
2718 1813 3085 1889 potuerunt,

591 1926 653 1963 10
677 1910 809 1971 imo
858 1929 939 1970 ne
991 1906 1329 1969 lachrimae
1375 1907 1632 1986 quidem
1653 1910 1688 1968 ⁴?
1769 1907 1947 1967 Nihil
1990 1926 2027 1968 a
2071 1928 2173 1970 me
2222 1908 2607 1970 intentatum
2652 1909 2939 1971 relictum
2985 1913 3091 1970 est

678 2007 908 2086 quibus
956 2006 1208 2067 animus
1259 2006 1428 2066 flecti
1475 2005 1773 2066 iuuenilis
1829 2007 2066 2084 possit;
2134 2010 2199 2068 at
2251 2011 2324 2069 tu
2371 2008 2700 2069 adamante
2746 2008 2960 2069 durior
3011 2008 3090 2068 in

678 2109 788 2167 tua
825 2125 1019 2184 Vsque
1058 2104 1369 2166 sententia
1408 2104 1704 2181 persistis,
1793 2104 1954 2179 Quid
2004 2126 2117 2183 ego
2165 2105 2326 2165 mihi
2371 2109 2512 2184 post
2554 2107 2671 2167 hac
2716 2109 3089 2185 promittam

680 2202 956 2279 infaelix,
1002 2204 1110 2262 aut
1153 2202 1303 2279 quid
1345 2202 1477 2280 spei
1517 2202 1831 2279 reliquum
1875 2205 1972 2263 est
1985 2204 2018 2264 ⁶?
2099 2202 2421 2265 Rursusne
2462 2203 2638 2264 inani
2678 2205 2898 2266 sudore
2938 2224 3090 2266 cum

680 2300 950 2381 Sisypho
1017 2301 1316 2361 aduersus
1384 2303 1665 2361 montem
1738 2321 1959 2361 saxum
2026 2302 2325 2380 incipiam
2391 2302 2643 2364 voluere
2658 2305 2692 2363 ⁴?
2799 2302 3086 2364 Minime.

594 2415 653 2466 15
680 2398 801 2460 Sed
855 2398 1005 2477 quid
1025 2401 1059 2459 ⁴?
1133 2398 1378 2477 Ergone
1432 2400 1675 2460 deserto
1731 2399 1931 2459 sodali
1987 2399 2216 2460 viduus
2262 2402 2326 2461 et
2376 2400 2512 2461 sine
2565 2400 2763 2462 amico
2818 2401 3095 2463 instituo

678 2495 893 2557 viuere
913 2500 946 2560 *Ρ
1027 2500 1116 2559 At
1162 2497 1450 2577 equidem
1503 2497 1641 2558 sine
1690 2495 1892 2558 amico
1944 2496 2143 2559 vitam
2192 2517 2321 2558 non
2368 2499 2584 2573 vitam,
2638 2498 2769 2559 imo
2815 2502 3091 2560 mortem

679 2598 870 2674 puto;
926 2598 1035 2657 aut
1075 2599 1254 2670 certe,
1299 2597 1355 2656 si
1393 2595 1528 2656 vita
1567 2595 1928 2673 appellanda
1968 2599 2079 2672 est,
2125 2595 2402 2674 primum
2441 2596 2667 2658 misera
2705 2599 2818 2671 est,
2860 2596 3097 2657 deinde

680 2714 811 2755 non
837 2694 1116 2756 hominis
1142 2695 1249 2757 sed
1278 2695 1548 2756 ferarum
1574 2696 1724 2756 vita.
1812 2695 2068 2774 Egoque
2095 2715 2168 2757 eo
2199 2696 2452 2774 ingenio
2477 2715 2623 2758 sum
2649 2696 2729 2772 (si
2754 2715 2792 2757 a
2816 2714 2920 2758 me
2947 2695 3093 2772 ipso

680 2793 1032 2856 laudandus
1065 2794 1230 2870 sum)
1265 2795 1339 2854 vt
1378 2792 1543 2854 nihil
1575 2793 1644 2852 in
1682 2793 1797 2854 hac
1824 2793 1957 2854 vita
1990 2793 2302 2854 amicitiae
2336 2794 2810 2857 anteferendum
2846 2795 3088 2871 putem,

592 2907 654 2942 ²0
680 2892 847 2954 nihil
903 2892 1151 2954 auidius
1217 2892 1657 2971 expetendum,
1715 2891 1880 2952 nihil
1948 2892 2284 2954 studiosius
2351 2892 2866 2954 conseruandum.
2972 2891 3096 2952 Ve—

679 2994 1018 3053 runtamen
1059 2992 1358 3070 quoniam
1398 2991 1574 3052 iuxta
1611 2990 1967 3068 Vergilium

1088 3115 1177 3174 Te
1218 3133 1536 3191 nunquam
1579 3113 1780 3173 nostri
1819 3115 2114 3190 poterunt
2153 3115 2396 3173 mutare
2436 3112 2690 3188 labores,

679 3237 813 3313 hac,
848 3257 1038 3315 quam
1067 3235 1352 3297 omnium
1382 3235 1544 3297 mihi
1571 3237 1752 3314 cupio
1780 3236 2068 3312 maxime,
2105 3237 2436 3299 carendum
2465 3237 2625 3298 mihi
2650 3239 2762 3299 est.
2838 3237 3094 3298 Durum

681 3333 954 3412 quidem,
1026 3334 1133 3394 sed
1200 3333 1404 3393 leuius
1469 3334 1543 3394 fit
1611 3334 1913 3412 patientia
1982 3333 2280 3412 quidquid
2352 3334 2654 3415 corrigere
2723 3338 2819 3396 est
2891 3335 3091 3396 nefas.

594 3445 654 3497 ²5
685 3432 1054 3510 Quanquam
1088 3433 1317 3508 autem,
1352 3432 1441 3491 mi
1480 3431 1725 3494 Seruati
1764 3431 2137 3507 charissime,
2173 3435 2245 3494 tu
2283 3432 2407 3494 iam
2435 3434 2681 3494 Erasmi
2720 3433 2818 3494 tui
2854 3433 3102 3495 oblitus

683 3550 751 3591 es
798 3529 1039 3609 (loquar
1082 3530 1254 3591 enim
1310 3529 1605 3606 mollius),
1662 3529 1770 3591 ille
1818 3534 2031 3593 tamen
2079 3531 2348 3592 Seruatii
2401 3534 2501 3593 sui
2554 3536 2619 3594 et
2674 3533 2970 3594 meminit
3023 3537 3097 3596 et

684 3627 1063 3706 meminerit,

1009 3750 1181 3812 Dum
1223 3770 1466 3813 memor
1504 3751 1638 3830 ipse
1679 3750 1796 3827 sui,
1845 3752 1999 3812 dum
2039 3751 2299 3830 spiritus
2337 3752 2508 3814 illius
2547 3755 2719 3816 artus

683 3874 1009 3937 habitabit.
1093 3876 1191 3936 Tu
1230 3873 1419 3937 illum
1459 3878 1839 3951 contemnas,
1882 3879 1954 3937 tu
1993 3875 2307 3951 auerseuis,
2338 3879 2411 3937 tu
2453 3876 2628 3939 odias
2673 3875 2926 3952 licebit,
2907 3897 2926 3915 ·
2979 3876 3099 3939 ille

596 3994 660 4045 30
684 3978 900 4036 tamen
925 3976 989 4034 te
1015 3992 1341 4051 nunquam
1368 3993 1499 4035 non
1524 3994 1731 4036 amare
1757 3974 2000 4052 poterit,
2032 3994 2162 4036 non
2190 3975 2403 4050 colere,
2436 3994 2567 4037 non
2591 3975 2933 4038 obseruare.

767 4072 1080 4133 Hesterna
1133 4072 1248 4147 die,
1297 4073 1392 4133 mi
1437 4073 1698 4149 Semati,
1750 4073 1986 4151 aliquid
2043 4073 2254 4134 solatii
2308 4072 2702 4150 praebiturus
2754 4078 2822 4135 te
2875 4092 3100 4135 conue—

688 4170 942 4247 nissem,
996 4169 1121 4230 nisi
1168 4170 1288 4231 tibi
1335 4191 1532 4249 vsque
1574 4172 1726 4232 adeo
1777 4170 2190 4249 praesentiam
2239 4190 2446 4232 meam
2492 4171 2826 4236 molestam
2874 4191 3102 4251 cogno-

689 4286 961 4345 scerem3
1027 4267 1316 4330 videbam
1366 4269 1539 4330 enim
1599 4270 1971 4332 immutatos
2021 4269 2239 4330 vultus
2292 4273 2449 4344 tuos,
2509 4268 2814 4332 demissos
2860 4270 3091 4340 oculos.

688 4367 958 4430 colorem
997 4365 1373 4441 subtristem,
1414 4369 1601 4444 atque
1634 4367 1843 4430 omnis
1874 4367 2145 4446 corporis
2180 4370 2394 4446 gestus
2425 4367 2636 4430 nescio
2672 4367 2825 4444 quid
2863 4367 3106 4430 doloris

755 4540 804 4586 4.
838 4536 1051 4585 quoque
1068 4524 1267 4581 scripsi:
1309 4538 1414 4585 que
1441 4522 1492 4572 0¹
1514 4539 1526 4570 ε
1558 4539 1649 4572 om.
1673 4526 1769 4572 ΕΒ.
1911 4539 1982 4587 ¹5·
2011 4524 2060 4573 0¹
2084 4540 2098 4571 π
2131 4524 2386 4574 instituto
2404 4526 2552 4575 Lond.
2578 4542 2591 4574 ε
2623 4524 2914 4574 instituam
2931 4527 3032 4574 LB.

887 4689 963 4725 21.
1000 4672 1328 4739 Vergilium]
1349 4672 1416 4725 cf.
1440 4677 1536 4725 Ed.
1571 4690 1648 4727 ro.
1671 4675 1753 4736 64.
1989 4673 2073 4725 28.
2111 4673 2281 4739 Dum]
2306 4672 2372 4725 cf.
2393 4673 2547 4737 Verg.
2571 4677 2690 4723 Aen.
2710 4689 2758 4734 4.
2779 4674 2895 4736 33⁶·
