3355 5380
327 394 511 468 1504]
1161 394 1270 454 'ro
1324 393 1553 456 JOHN
1607 393 1875 455 coLE'r
2604 401 2727 472 405,

321 549 539 610 videor
584 567 836 626 operam
885 549 1144 611 omnino
1192 549 1431 612 lusisse.
1519 552 1856 629 Coeperam
1904 557 1965 612 et
2012 550 2355 614 Hebraicas
2398 555 2718 633 attingere,

321 666 542 708 verum
583 647 1023 726 peregrinitate
1060 649 1371 709 sermonis
1410 649 1765 724 deterritus,
1808 649 2001 710 simul
2042 651 2207 729 quod
2250 671 2364 711 nec
2403 655 2573 714 aetas
2612 675 2728 716 nec

323 745 650 823 ingenium
692 745 973 806 hominis
1011 745 1299 824 pluribus
1341 747 1530 809 rebus
1568 749 1803 826 pariter
1842 749 2086 822 sufficit,
2119 748 2348 810 destiti.
2438 752 2728 830 origenis

323 863 582 922 operum
628 844 860 905 bonam
909 848 1152 922 partem
1202 845 1449 920 euolui3
1506 866 1631 924 quo
1682 850 2076 925 praeceptore
2125 848 2288 907 mihi
2336 849 2551 910 videor
2599 871 2726 912 non

323 942 573 1006 nullum
614 941 834 1003 fecisse
875 944 1393 1021 operaeprecium.
1482 945 1709 1023 Aperit
1745 947 1915 1006 enim
1957 946 2135 1023 quasi
2177 947 2384 1007 fontes
2426 949 2726 1025 quosdam
2756 970 2824 1020 40

324 1044 388 1101 et
416 1040 690 1101 rationes
715 1038 953 1100 indicat
976 1041 1132 1103 artis
1159 1042 1555 1122 theologicae.

406 1138 594 1201 Mitto
647 1139 726 1199 ad
782 1141 847 1198 te
900 1140 1353 1201 munusculum
1406 1140 1772 1215 literarium,
1834 1141 2432 1204 Lucubratiunculas
2485 1144 2727 1223 aliquot

327 1256 539 1313 meas;
593 1237 664 1297 in
706 1236 936 1314 quibus
973 1240 1071 1299 est
1110 1242 1173 1299 et
1214 1240 1592 1301 concertatio
1633 1239 1746 1301 illa
1786 1240 1881 1301 De
1922 1240 2429 1303 reformidatione
2469 1243 2723 1318 Christi,

328 1356 453 1414 qua
485 1334 804 1414 quondam
836 1336 906 1395 in
924 1335 1178 1413 ·Anglia
1214 1356 1434 1398 sumus
1466 1337 1843 1414 conflictati3
1893 1358 2251 1416 quanquam
2291 1340 2444 1401 adeo
2483 1345 2725 1404 mutata

325 1439 398 1496 vt
430 1434 541 1495 vix
565 1451 880 1511 agnoscas,
967 1432 1315 1510 Praeterea,
1348 1455 1505 1514 quae
1530 1439 1603 1497 tu
1641 1436 2046 1514 responderas
2073 1457 2354 1516 quaeque
2394 1439 2527 1516 ipse
2562 1443 2726 1503 retu-
2758 1460 2821 1512 45

327 1532 541 1608 leram,
592 1551 724 1620 non
778 1530 1037 1609 quibant
1091 1532 1383 1595 inueniri.
1473 1534 1887 1596 Enchiridion
1936 1555 2065 1596 non
2114 1537 2191 1596 ad
2241 1540 2725 1601 ostentationem

327 1632 566 1710 ingenii
599 1633 709 1691 aut
745 1629 1129 1708 eloquentiae
1165 1632 1519 1711 conscripsi,
1549 1653 1775 1696 verum
1809 1634 1888 1694 ad
1927 1634 2044 1695 hoc
2076 1634 2299 1708 solum,
2343 1639 2416 1696 vt
2450 1637 2734 1697 mederer

326 1730 525 1791 errori
571 1730 764 1808 vulgo
813 1727 1183 1806 religionem
1232 1730 1755 1792 constituentium
1803 1732 1872 1792 in
1922 1733 2290 1793 ceremoniis
2334 1736 2399 1794 et
2448 1734 2731 1798 obserua-

325 1827 610 1889 tionibus
655 1846 812 1906 pene
858 1825 1189 1904 plusquam
1244 1828 1520 1890 Iudaicis
1565 1849 1773 1890 rerum
1821 1831 2252 1909 corporalium,
2302 1850 2517 1893 earum
2573 1852 2733 1911 quae

327 1927 409 1987 ad
437 1925 733 2004 pietatem
761 1924 1076 2002 pertinent
1102 1925 1262 1986 mire
1287 1927 1756 2006 negligentium.
1847 1929 2123 1990 Gonatus
2150 1930 2362 1989 autem
2388 1948 2533 1990 sum
2554 1929 2732 1993 velut
2761 1952 2827 2004 50

328 2024 668 2086 artificium
705 2022 1017 2101 quoddam
1060 2023 1315 2100 pietatis
1348 2025 1608 2100 tradere,
1656 2046 1831 2087 more
1867 2046 2085 2088 eorum
2123 2028 2232 2104 qui
2269 2027 2345 2088 de
2380 2026 2735 2105 disciplinis

330 2125 533 2184 certas
569 2121 841 2182 rationes
880 2121 1340 2200 conscripsere;
1379 2124 1620 2201 reliqua
1657 2123 1873 2186 omnia
1906 2144 2066 2202 pene
2107 2124 2310 2186 alieno
2345 2125 2570 2205 scripsi
2610 2129 2736 2188 sto·‘

328 2218 572 2293 macho,
604 2214 972 2294 praesertim
1000 2216 1245 2277 Paeana
1270 2220 1335 2277 et
1372 2218 1886 2294 obsecrationem,
1919 2220 2085 2298 quod
2122 2218 2359 2280 laboris
2390 2220 2608 2281 datum
2637 2224 2736 2282 est

328 2316 550 2377 animo
582 2315 760 2376 Batti
798 2312 927 2375 mei
967 2316 1033 2375 et
1072 2314 1394 2377 affectibus
1426 2317 1650 2378 Annae
1689 2316 2004 2396 Principis
2030 2318 2352 2379 Verianae.
2440 2321 2502 2380 A
2538 2319 2735 2382 Pane·

330 2412 543 2492 gyrico
567 2412 656 2474 sic
682 2412 1092 2473 abhorrebam
1118 2414 1192 2473 vt
1219 2432 1347 2473 non
1366 2415 1769 2476 meminerim
1797 2415 2128 2494 quicquam
2155 2416 2374 2477 fecisse
2404 2436 2507 2477 me
2533 2418 2735 2494 magis
2763 2445 2827 2497 55

331 2510 681 2574 reluctante
734 2509 965 2571 animo.
1054 2509 1362 2573 Videbam
1418 2512 1594 2573 enim
1655 2533 1856 2590 genus
1917 2514 2034 2574 hoc
2093 2514 2250 2575 citra
2313 2513 2735 2577 adulationem

332 2611 587 2673 tractui
627 2628 756 2670 non
797 2628 993 2687 posse.
1084 2609 1217 2687 Ego
1256 2613 1471 2671 tamen
1511 2630 1680 2674 nouo
1722 2631 1867 2672 sum
1911 2632 2061 2673 vsus
2105 2612 2387 2686 artifici0,
2435 2615 2507 2674 vt
2554 2616 2618 2675 et
2666 2613 2734 2672 in

333 2709 653 2772 adulando
679 2708 805 2770 sim
831 2707 1194 2770 liberrimus
1217 2712 1280 2771 et
1308 2710 1378 2772 in
1404 2709 1692 2771 libertate
1717 2710 2254 2772 adulantissimus.

414 2808 486 2871 Si
526 2807 676 2887 quid
723 2810 977 2869 tuarum
1020 2807 1526 2869 lucubrationum
1569 2808 1748 2870 voles
1790 2809 2014 2870 excudi
2063 2808 2372 2883 formulis,
2419 2809 2739 2886 exemplar

334 2911 587 2970 tantum
629 2906 908 2981 mittito;
956 2905 1274 2984 reliquum
1312 2926 1350 2966 a
1389 2926 1493 2966 me
1534 2905 1868 2981 curabitur,
1910 2909 1982 2967 vt
2014 2906 2524 2968 emendatissime
2564 2926 2738 2967 excu-
2763 2918 2830 2968 60
2924 2892 2931 2898 ⁵

334 3005 537 3067 datur.
612 3005 696 3065 Et
722 3003 943 3082 scripsi
970 3024 1185 3082 nuper,
1218 3006 1282 3063 et
1307 3002 1660 3066 meministi
1687 3004 1927 3083 opinor,
1961 3005 2037 3065 de
2066 3006 2321 3066 centum
2348 3003 2738 3081 Adagiorum

334 3102 515 3163 libris
550 3106 765 3163 nostro
802 3105 1062 3180 sumptu
1089 3101 1160 3162 in
1188 3101 1494 3179 Angliam
1520 3102 1926 3180 transmissiS,
1961 3102 2150 3181 idque
2184 3106 2332 3163 ante
2365 3102 2731 3165 triennium.

335 3201 683 3279 Scripserat
715 3200 877 3261 mihi
906 3200 1216 3262 Grocinus
1250 3220 1318 3261 se
1352 3220 1602 3262 summa
1639 3201 1763 3262 fide
1801 3220 2170 3280 summaque
2208 3200 2540 3278 diligentia
2574 3220 2740 3262 cura·

336 3304 554 3362 turum
580 3303 653 3361 vt
680 3318 757 3360 ex
781 3297 984 3360 animi
1012 3299 1137 3358 mei
1165 3297 1478 3360 sententia
1503 3299 2019 3362 distraherentur.
2104 3299 2317 3378 Neque
2339 3297 2561 3361 dubito
2588 3300 2741 3378 quin

335 3398 647 3475 promissa
674 3396 1071 3474 praestiterit,
1104 3398 1175 3457 vt
1200 3399 1296 3458 est
1324 3397 1423 3458 vir
1449 3398 1737 3460 omnium
1772 3418 1929 3476 quos
1965 3398 2080 3459 alit
2108 3398 2441 3460 Britannia
2478 3396 2740 3477 integer·
2766 3409 2829 3475 ⁶5

337 3496 539 3559 rimus
565 3495 980 3574 optimusque.
1069 3495 1445 3573 Dignaberis
1468 3494 1665 3573 igitur
1691 3498 1755 3557 et
1783 3496 1917 3574 ipse
1942 3497 2058 3558 hac
2088 3498 2158 3558 in
2186 3517 2252 3558 re
2281 3515 2535 3574 operam
2561 3500 2741 3558 tuam

339 3594 502 3657 mihi
528 3594 937 3669 commodare,
971 3593 1364 3655 admonendo
1389 3596 1577 3672 atque
1595 3594 2028 3657 extimulando
2056 3615 2161 3657 eos
2179 3616 2291 3673 per
2310 3614 2466 3675 quos
2489 3595 2744 3674 putabis

338 3693 666 3771 negocium
716 3694 998 3770 oportere
1047 3691 1285 3754 confici.
1373 3691 1590 3770 Neque
1651 3692 1826 3754 enim
1881 3693 2301 3757 dubitandum
2355 3694 2511 3772 quin
2564 3697 2741 3757 tanto

337 3791 544 3871 spatio
585 3791 894 3852 diuenditi
933 3790 1065 3851 sint
1105 3788 1272 3866 libri,
1305 3792 1370 3850 et
1409 3808 1658 3852 necesse
1698 3794 1795 3852 est
1836 3793 2167 3869 pecuniam
2207 3793 2286 3853 ad
2327 3792 2571 3870 aliquos
2610 3812 2742 3870 per-

338 3890 629 3964 uenisse;
686 3908 843 3967 quae
896 3887 1059 3949 mihi
1102 3887 1171 3949 in
1213 3889 1520 3966 praesenti
1566 3888 1658 3949 sic
1706 3888 1850 3951 vsui
1903 3889 2116 3950 futura
2158 3892 2253 3951 est
2297 3893 2368 3950 vt
2415 3884 2742 3969 nunquam
2772 3912 2834 3966 70

340 4008 548 4067 aeque.
626 3986 861 4064 Quauis
887 3986 1061 4048 enim
1087 3987 1327 4047 ratione
1352 3986 1514 4049 mihi
1539 3991 1637 4048 est
1662 3986 2112 4050 elaborandum
2132 3992 2203 4049 vt
2230 4008 2476 4050 menses
2502 3989 2741 4068 aliquot

339 4089 515 4149 totus
548 4085 712 4146 mihi
739 4087 972 4160 viuam,
1003 4106 1126 4163 quo
1158 4105 1260 4145 me
1294 4084 1629 4163 aliquando
1666 4085 1748 4146 ab
1782 4085 1866 4147 iis
1900 4084 2195 4146 extricem
2234 4105 2392 4163 quae
2428 4086 2496 4147 in
2537 4086 2740 4150 literis

339 4184 684 4264 prophanis
718 4183 1009 4258 institui3
1048 4185 1116 4246 id
1153 4183 1315 4262 quod
1355 4183 1471 4245 hac
1510 4183 1737 4261 hyeme
1773 4184 2099 4263 sperabam
2136 4183 2442 4257 futurum,
2474 4185 2602 4245 nisi
2637 4205 2740 4246 me

340 4287 472 4348 tam
501 4283 741 4346 multae
766 4302 907 4361 spes
934 4282 1286 4345 elusissent.
1358 4281 1574 4362 Neque
1600 4283 1940 4346 admodum
1967 4302 2197 4361 magna
2223 4282 2487 4361 pecunia
2513 4282 2741 4345 redimi

343 4382 573 4461 poterit
598 4383 750 4445 haec
776 4382 1050 4459 libertas,
1085 4381 1389 4444 nimirum
1415 4399 1757 4460 paucorum
1785 4382 2118 4444 mensium.
2772 4404 2830 4457 75

408 4566 488 4612 49.
526 4562 713 4599 earum
736 4549 814 4598 2:
845 4561 909 4597 ea
927 4550 985 4598 Γ.
1500 4562 1581 4611 53.
1616 4549 1936 4610 praesertim
1961 4583 1975 4599 .
2000 4583 2013 4597 .
2045 4583 2057 4594 .
2082 4562 2161 4607 54·
2189 4546 2453 4595 Vei-ianae
2474 4546 2588 4592 aad.
2616 4549 2673 4595 F.

346 4716 426 4762 49.
453 4696 719 4763 Iudaicis]
743 4699 821 4750 Of.
835 4698 969 4763 Epp.
999 4699 1108 4761 164.
1127 4712 1190 4762 ²7
1214 4699 1322 4749 and
1346 4700 1460 4761 296.
1486 4698 1568 4761 83.
1722 4700 1802 4748 61.
1833 4693 2189 4760 Adagiorum]
2212 4696 2290 4747 Cf.
2310 4694 2405 4757 Ep.
2427 4694 2521 4743 126
2538 4692 2740 4745 inu-od.
