3355 5380
655 367 769 423 118
1376 360 1755 423 LETTERS
1811 360 1917 423 OF
1969 359 2372 422 ERASMUS

2866 355 3057 440 [1489

648 525 789 582 tum
837 519 1176 598 singularis
1222 523 1367 581 tuae
1414 518 1787 581 eruditionis
1833 517 2077 597 gracia3
2141 518 2238 579 fac
2285 515 2461 577 omni
2510 514 2843 576 incumbas
2889 534 3058 591 cura,

649 619 889 681 enitare
944 620 1285 680 contendas
1341 638 1422 678 ne
1471 617 1622 697 quid
1670 636 1898 695 parum
1953 619 2244 676 exact-um
2295 618 2484 691 atque
2537 614 2936 692 prospectum
2992 612 3062 673 in

593 732 620 783 5
648 719 856 780 lucem
909 716 1158 795 prodire
1206 716 1392 778 sinas.
1480 716 1645 776 Sunt
1692 714 1952 794 quidem
1999 714 2360 792 posteritate
2405 712 2595 790 digna
2645 714 2757 772 tua
2800 711 3059 785 omnia;

647 836 871 879 verum
913 819 988 877 vt
1031 818 1140 877 tuo
1184 834 1430 892 quoque
1479 812 1752 892 ingenie,
1800 815 1911 873 tuo
1951 811 2216 888 nomini,
2261 813 2402 872 tuae
2449 808 2768 871 doctrinae
2815 828 3067 886 respon·

648 917 837 979 deant
878 914 1081 976 facito.
1172 913 1545 991 Quanquam
1585 910 1758 971 enim
1800 955 1816 971 .
1865 957 1881 972 .
1930 956 1944 971 .
1995 955 2010 972 .

1308 1072 1412 1133 28.
1502 1067 1599 1133 To
1644 1066 2045 1131 Consanus
2090 1065 2407 1131 Gnnssn.

717 1176 856 1232 Vita
880 1173 1102 1230 Erasmi
1127 1192 1186 1244 p.
1219 1175 1331 1242 178.
2717 1164 2991 1238 (steyn.)

718 1263 896 1319 Lond.
923 1260 1072 1317 xxxi.
1104 1261 1201 1317 16:
1242 1258 1350 1313 LB.
1376 1259 1521 1329 App.
1547 1272 1671 1326 410.
2723 1252 2754 1326 <
2766 1257 2900 1324 1489
2917 1253 2989 1325 ·?>

700 1385 1015 1434 Enasms
1060 1379 1567 1429 ROTERODAMVS
1613 1378 1958 1427 CORNELIO
2002 1376 2269 1426 POETAE
2313 1378 2400 1424 Ao
2445 1376 2807 1423 THEOLOGO
2851 1376 2904 1422 s,
2956 1376 3014 1422 P.

727 1482 979 1556 Nasum,
1032 1475 1281 1540 Corneli
1337 1474 1719 1552 charissime,
1767 1495 1890 1554 qua
1943 1474 2229 1536 animum
2285 1493 2499 1535 meum
2546 1471 2867 1551 voluptate
2912 1475 3064 1535 tuae

644 1582 971 1643 morentur
996 1574 1308 1654 epistolae,
1333 1593 1487 1651 quae
1513 1572 1611 1633 tui
1634 1574 1705 1633 in
1731 1592 1834 1633 me
1862 1572 2234 1634 desiderium
2254 1570 2657 1633 vehementer
2684 1571 3053 1633 accendunt.

644 1678 958 1739 Auditum
984 1673 1102 1735 tibi
1129 1691 1262 1733 esse
1290 1670 1512 1732 scribis
1538 1690 1641 1731 me
1670 1672 1983 1750 quandam
2014 1670 2344 1732 historiam
2369 1669 2653 1730 versibus
2696 1669 2764 1730 in
2804 1668 3062 1730 laudem

644 1776 778 1838 diui
826 1773 1103 1836 Bauonis
1148 1770 1430 1831 edidisse.
1520 1767 1598 1830 Id
1644 1770 1899 1849 quidem
1943 1768 2101 1829 falso
2149 1769 2270 1830 tibi
2314 1768 2502 1829 fallax
2545 1769 2711 1828 fama
2753 1769 3057 1829 narrauit.

593 1886 621 1936 5
645 1875 790 1935 Non
825 1873 995 1933 enim
1028 1890 1159 1947 ego,
1203 1869 1311 1930 sed
1350 1868 1509 1929 alter
1540 1888 1654 1947 ego
1699 1868 1888 1930 huius
1928 1867 2221 1929 carminis
2255 1866 2483 1928 author
2521 1869 2632 1942 est,
2666 1865 3059 1929 Gulielmum

642 1972 879 2051 loquor,
901 1970 1199 2047 nepotem
1221 1966 1316 2026 tui
1342 1966 1866 2039 amantissimum,
1892 1985 2034 2025 cum
2054 1985 2175 2044 quo
2197 1965 2359 2026 mihi
2379 1965 2554 2027 tanta
2581 1965 3062 2026 necessitudinis

641 2067 1038 2132 familiaritas
1083 2063 1431 2139 intercedit,
1483 2067 1555 2123 vt
1601 2083 1803 2125 vnum
1846 2063 2014 2124 dicas
2059 2064 2348 2125 animum
2392 2063 2634 2126 duobus
2679 2063 2885 2125 inesse
2930 2083 3060 2124 cor·

641 2166 915 2247 poribus.
998 2162 1428 2223 Veruntamen
1490 2159 1656 2221 nihil
1719 2161 1981 2239 posthac
2039 2160 2568 2241 (quandoquidem
2630 2161 2695 2222 id
2763 2181 2865 2222 me
2925 2164 3062 2222 tam

642 2263 913 2342 benigne
956 2260 1199 2335 mones)
1237 2260 1498 2320 condere
1542 2259 1756 2334 statui,
1801 2257 1967 2336 quod
2008 2279 2139 2320 non
2186 2260 2296 2321 aut
2332 2264 2693 2321 sanctorum
2732 2261 3061 2339 praeconia

559 2376 618 2415 10
641 2364 751 2424 aut
788 2360 1185 2422 sanctitatem
1227 2357 1428 2434 ipsam
1470 2355 1760 2419 redoleat.
1844 2358 1978 2418 Aut
2014 2359 2070 2419 si
2110 2357 2263 2436 quid
2301 2378 2517 2419 eorum
2554 2377 2709 2437 quae
2750 2359 2830 2418 ad
2870 2361 2934 2419 te
2977 2359 3060 2420 do

640 2459 993 2521 carminum
1036 2475 1230 2535 aequo
1276 2454 1535 2516 mollius
1582 2473 1804 2516 sonare
1851 2455 2181 2533 videbitur,
2228 2456 2293 2517 id
2342 2476 2455 2533 pro
2501 2459 2612 2518 tua
2662 2456 3067 2535 indulgentia

640 2557 832 2621 aetati
870 2557 940 2617 in
978 2576 1101 2634 qua
1136 2553 1389 2615 condita
1424 2555 1575 2614 sunt
1615 2553 1902 2631 ignosces
1937 2574 2125 2632 quam
2164 2554 2476 2615 facillime.
2567 2554 2842 2632 Excepto
2882 2556 3060 2615 enim

641 2654 916 2719 carmine
943 2652 1156 2731 lyrim,
1189 2652 1352 2731 quod
1383 2671 1528 2712 cum
1553 2653 1699 2712 tuae
1726 2651 1889 2713 mihi
1913 2651 2319 2715 redderentur
2343 2650 2640 2732 epistolae
2666 2651 2735 2713 in
2763 2651 3066 2715 manibus

640 2757 791 2831 erat,
853 2757 917 2815 et
974 2752 1254 2814 oratione
1313 2750 1580 2829 lugubri,
1647 2770 1837 2829 quam
1897 2771 2098 2830 nuper
2157 2750 2479 2812 conditam
2530 2750 2609 2813 ad
2663 2753 2727 2812 te
2782 2752 3061 2813 dandam

557 2867 613 2917 15
641 2852 1011 2928 existimaui,
1069 2871 1190 2929 quo
1261 2848 1411 2928 quid
1476 2849 1547 2910 in
1610 2850 1816 2910 soluta
1871 2869 2115 2928 quoque
2183 2849 2460 2911 oratione
2527 2850 2762 2928 possim
2816 2849 3062 2926 liquido

640 2952 991 3031 perspicias,
1027 2952 1090 3009 et
1127 2968 1199 3009 ea
1236 2948 1365 3008 sola
1400 2950 1628 3025 satyra,
1677 2950 1914 3008 caetera
1947 2948 2159 3009 omnia
2197 2967 2235 3008 a
2272 2967 2374 3008 me
2410 2967 2600 3026 puero
2637 2949 2700 3007 et
2735 2967 3063 3025 propemo-

639 3050 795 3112 dum
820 3048 1022 3112 adhuc
1050 3044 1313 3108 seculari
1341 3046 1686 3123 composita
1714 3049 1877 3108 sunt.

721 3149 921 3210 Porro
957 3145 1127 3207 aliud
1170 3144 1332 3223 quod
1367 3145 1444 3205 ad
1478 3147 1542 3203 te
1580 3144 1811 3220 darem,
1843 3144 1922 3204 ad
1967 3163 2227 3206 manum
2254 3143 2447 3204 habui
2488 3141 2652 3204 nihil
2679 3165 2695 3217 ;
2753 3144 3059 3223 quidquid

641 3246 813 3307 enim
850 3244 1163 3323 reliquum
1201 3245 1349 3316 erat,
1392 3241 1623 3319 partim
1665 3240 1746 3302 ad
1787 3241 2220 3302 Alexandrum
2260 3241 2554 3320 Regium,
2591 3241 2727 3301 ludi
2769 3242 3061 3304 litterarii

554 3358 616 3394 20
640 3344 1031 3421 magistrum,
1113 3340 1429 3418 quondam
1498 3342 1963 3418 praeceptorem
2037 3359 2266 3417 meum,
2343 3342 2408 3400 et
2495 3340 3059 3402 Bartholomaeum

642 3439 1093 3512 coloniensem,
1140 3438 1349 3498 virum
1395 3436 1745 3499 eruditione
1793 3436 2095 3516 singulari
2147 3457 2218 3499 ac
2272 3439 2475 3514 poesis
2518 3439 3051 3514 amantissimum,

640 3536 817 3598 cuius
880 3536 1162 3596 carmina
1223 3554 1414 3613 penes
1475 3554 1591 3598 nos
1639 3537 1808 3611 sunt,
1867 3537 2098 3613 partim
2162 3537 2514 3598 Traiectum
2569 3555 2681 3613 per
2736 3538 3060 3614 quendam

638 3633 1011 3694 familiarem
1044 3653 1259 3693 meum
1298 3633 1498 3694 amica
1534 3633 1804 3712 quadam
1840 3632 2140 3695 violentia
2166 3632 2506 3695 abductum
2532 3636 2643 3696 est.
2731 3633 3058 3712 Epistolae

637 3734 847 3794 autem
899 3731 1229 3809 exemplar,
1282 3751 1472 3809 quam
1522 3731 1676 3791 olim
1722 3732 1975 3807 rogatus
2019 3731 2098 3791 ad
2151 3732 2524 3809 magistrum
2571 3730 3048 3809 Engelbertum‚

707 3877 754 3921 4.
809 3861 1075 3924 Bauonis]
1113 3858 1403 3910 Herman’s
1435 3860 1547 3909 Ode
1586 3873 1661 3920 12,
1703 3860 1793 3909 ‘in

642 3926 863 3976 laudem
897 3926 1016 3975 diui
1050 3926 1291 3975 Bauonis
1320 3925 1794 3975 I-Iaerlemmensis

643 3992 830 4056 oppidi
860 3992 1128 4055 presidis.¹
1213 3991 1299 4041 He
1325 3992 1517 4039 claime
1546 3991 1593 4040 it
1624 4005 1684 4039 as
1706 3989 1796 4040 his

644 4073 769 4108 own
810 4059 869 4107 in
914 4056 1009 4106 the
1055 4057 1244 4108 Gouda
1290 4057 1401 4107 MS.
1445 4071 1570 4119 1323
1612 4056 1650 4105 f.
1697 4057 1792 4118 183

645 4138 735 4173 see
757 4124 920 4186 plate.

644 4203 802 4304 &133
807 4187 1045 4303 &¹⁷3ng
1061 4189 1299 4315 Pergiage
1337 4188 1431 4237 the
1465 4187 1688 4251 sapphic
1722 4201 1796 4236 on

715 4336 791 4380 14.
850 4290 1090 4368 orati'one
1176 4318 1441 4380 Probably
1495 4318 1592 4366 the
1641 4322 1797 4367 Oratio

639 4389 856 4445 funebria
886 4389 942 4433 in
962 4387 1139 4444 funere
1171 4389 1336 4433 Bartae
1369 4390 1423 4433 de
1457 4388 1631 4445 Reum,
1672 4388 1796 4432 Gou-

646 4457 800 4501 danao
822 4454 988 4498 viduae
1010 4453 1327 4512 nobissimae,
1358 4449 1461 4497 LB.
1487 4450 1606 4498 viii.
1632 4462 1749 4510 55¹·

715 4519 791 4567 16.
840 4516 1539 4581 saty.ra]Cfi..ps.33n.

710 4599 792 4632 22.
826 4580 1157 4644 Traiectum]
1184 4580 1420 4642 Perhaps
1447 4594 1591 4629 some
1614 4593 1796 4628 verses

645 4652 703 4698 to
738 4649 850 4697 win
887 4648 982 4696 the
1021 4648 1212 4695 favour
1250 4644 1308 4694 of
1343 4646 1519 4694 David
1562 4644 1621 4693 of
1657 4647 1793 4694 Bur-

643 4714 848 4776 gundy.
871 4714 969 4775 Bp.
990 4714 1049 4760 of
1068 4713 1311 4772 Utrecht,
1334 4713 1457 4760 who
1479 4711 1794 4759 afterwards

643 4779 955 4842 patronized
978 4779 1234 4827 Erasmus
1258 4777 1367 4826 and
1390 4776 1648 4826 ordained
1673 4776 1791 4824 him

1893 3859 2065 3922 priest
2103 3858 2214 3923 (see
2262 3858 2366 3910 LB.
2401 3874 2455 3908 x.
2496 3873 2622 3922 1573
2643 3858 2719 3924 Α).
2789 3860 3054 3910 Erasmus

1896 3939 2026 3986 may
2073 3924 2212 3973 have
2263 3925 2400 3974 been
2451 3924 2673 3988 already
2716 3925 3055 3989 meditating

1896 4004 2083 4053 escape
2105 3989 2246 4039 from
2269 3991 2454 4054 Steyn.

1961 4070 2043 4117 23.
2092 4055 2377 4121 violentia]
2424 4055 2527 4105 For
2572 4055 2687 4105 this
2735 4056 2924 4107 fiction
2977 4055 3046 4106 cf.

1896 4136 1950 4184 p.
1980 4136 2094 4170 121.

1962 4202 2041 4247 24.
2100 4186 2513 4251 Engelbertum]
2571 4186 2704 4250 Eng.
2765 4186 2937 4236 Sehut
2995 4185 3061 4235 of

1897 4252 2120 4315 Leiden,
2153 4252 2250 4300 the
2283 4251 2466 4301 friend
2500 4250 2561 4301 of
2590 4251 2798 4301 Wessel
2836 4255 3053 4317 (Wesseli

1896 4322 2126 4380 Fan-noo,
2162 4317 2335 4380 Basle‚
2366 4332 2507 4380 1522.
2529 4317 2568 4369 f.
2590 4334 2657 4380 99
2681 4323 2762 4374 νο)
2784 4336 2798 4380 3
2844 4318 3054 4367 author

1899 4383 1960 4433 of
1977 4398 2009 4432 a
2032 4397 2189 4446 poem
2213 4387 2269 4431 de
2289 4387 2400 4432 locis
2415 4388 2669 4446 rhetoricis,
2682 4384 2792 4433 and
2811 4385 3049 4446 perhaps

1899 4462 1932 4496 a
1963 4448 2144 4498 model
2165 4448 2248 4497 for
2270 4449 2431 4497 letter
2434 4449 2668 4498 -writers
2702 4449 2762 4497 in
2799 4448 3048 4498 Holland

1898 4514 2031 4576 (LB.
2055 4516 2088 4563 i.
2112 4529 2211 4576 352
2226 4515 2301 4578 c).
2349 4515 2447 4564 See
2473 4515 2766 4577 Foppens‚
2751 4529 2783 4562 1.
2813 4516 2911 4576 263
2935 4513 3048 4562 and

1898 4579 1964 4628 cf.
2002 4580 2098 4642 Ep.
2135 4596 2216 4641 29.
2252 4580 2332 4630 28.
2399 4580 2512 4629 The
2545 4580 2734 4629 Gouda
2768 4579 3048 4640 Ms.1323

1897 4644 1934 4693 f.
1952 4645 1986 4691 8
2000 4647 2246 4694 contains
2262 4660 2294 4693 a
2313 4660 2465 4708 poem
2481 4645 2541 4694 of
2551 4645 2805 4694 Erasmus
2822 4650 3049 4703 maoistro

1892 4714 2187 4770 Enqhelbeno
2224 4714 2466 4773 Leyaensi,
2505 4711 2690 4760 which
2723 4714 2772 4760 is
2809 4711 3046 4773 perhaps

1892 4775 2028 4825 the‘
2043 4776 2311 4839 Epistola'
2330 4776 2439 4825 ofl.
2464 4790 2547 4838 23.
