3355 5380
196 418 445 503 1523—4]
714 423 1114 486 ERAsMUs
1169 424 1276 485 'ro
1333 423 1561 485 JOHN
1619 423 2066 487 ΒοΤΖΗΕιΜ
2514 434 2590 488 35

201 579 614 655 collusionem,
650 601 848 659 quam
890 582 1204 642 Lutherus
1244 581 1393 659 ipse,
1425 582 1480 641 si
1521 582 1707 643 modo
1749 582 1978 643 micam
2005 582 2203 644 vllam
2237 583 2424 645 habet
2460 583 2595 645 eius

206 678 420 739 mentis
457 698 656 757 quum
715 679 911 740 multi
964 680 1041 740 de
1093 679 1208 741 illo
1266 680 1663 758 praedicant;
1718 685 1780 742 et
1822 700 1935 759 ego
1983 684 2147 742 certe
2194 681 2490 760 gratulor,
2538 682 2594 743 si

205 776 393 853 habet,
436 781 602 854 opto,
649 777 708 837 si
752 797 885 837 non
925 776 1130 838 habet.
1216 777 1413 838 Video
1454 777 1826 855 quibusdam
1881 779 2082 856 magis
2126 780 2366 856 placere
2405 780 2597 841 saeui·

205 877 369 951 tiam,
398 894 467 936 sc
498 895 610 952 per
638 894 743 935 me
773 874 1026 965 quidem
1061 875 1276 936 licebit
1300 878 1373 937 vt
1410 895 1596 936 suum
1628 876 1848 954 cuique
1886 876 2185 937 iudicium
2215 877 2597 939 blandiatur.

205 974 446 1036 Sseuire
487 973 736 1034 facilius
775 977 888 1048 est,
922 973 1028 1033 sed
1068 972 1187 1034 hoc
1227 973 1391 1034 mihi
1422 972 1631 1034 visum
1673 978 1770 1035 est
1812 974 2276 1036 conducibilius.
2362 975 2431 1035 Si
2471 994 2596 1035 cor·
2623 1001 2652 1051 5

204 1073 364 1151 poris
405 1072 650 1132 affectio
696 1071 766 1131 in
811 1089 938 1131 vno
982 1070 1277 1149 quopiam
1327 1072 1609 1132 membro
1653 1076 1952 1147 versetur,
1998 1074 2257 1134 fortasse
2299 1073 2599 1151 profuerit

206 1171 543 1232 cauterium
583 1173 693 1230 sut
731 1168 959 1245 sectio;
1000 1172 1308 1229 caeterum
1347 1170 1455 1230 vbi
1493 1171 1732 1231 malum
1760 1190 1871 1248 per
1905 1189 2091 1230 omne
2124 1190 2345 1249 corpus
2384 1172 2595 1231 fusum

204 1272 306 1343 est,
334 1270 448 1331 vbi
476 1289 589 1346 per
614 1267 876 1328 intimas
901 1287 1092 1328 venas
1120 1287 1191 1328 ac
1219 1266 1406 1329 fibras
1438 1287 1726 1347 sparsum
1753 1272 1864 1344 est,
1898 1269 2181 1329 fortassis
2209 1269 2419 1347 aliquo
2446 1270 2599 1330 Mer-

203 1367 370 1429 curio
389 1368 478 1429 sit
504 1386 675 1443 opus,
697 1365 807 1443 qui
823 1364 1350 1442 quemadmodum
1371 1366 1623 1428 letalem
1641 1386 1924 1445 soporem
1951 1366 2184 1428 exemit
2202 1386 2279 1428 ex
2307 1368 2600 1429 omnibus

202 1462 505 1525 membris
526 1464 817 1540 Psyches,
841 1462 933 1523 ita
958 1463 1263 1541 paulatim
1290 1484 1367 1524 ex
1394 1465 1642 1525 intimis
1669 1466 1891 1527 educat
1918 1464 1981 1525 id
2002 1465 2165 1543 quod
2192 1468 2289 1527 est
2317 1467 2592 1528 noxium.
2631 1492 2691 1529 ιο

277 1563 684 1641 Suscepimus
722 1564 933 1623 autem
977 1561 1096 1622 hoc
1139 1581 1293 1640 opus
1340 1564 1760 1641 complurium
1808 1563 2078 1624 hortatu.
2164 1563 2472 1640 Primum,
2520 1585 2600 1626 ne

202 1680 684 1722 commemorem
706 1680 940 1735 omnes,
972 1660 1044 1720 R.
1072 1661 1144 1722 P.
1165 1660 1393 1722 Marini
1414 1661 1816 1737 Camcciolae,
1845 1660 2064 1722 nuncii
2092 1662 2255 1740 apud
2276 1663 2600 1724 Caesarem

201 1757 569 1836 spostolici3
610 1761 922 1836 praeterea
961 1758 1291 1819 clarissimi
1331 1759 1455 1819 viri
1498 1758 1878 1837 Hieronymi
1917 1759 2238 1837 Aleandri,
2276 1761 2604 1840 trilinguis

200 1856 576 1918 eruditionis
594 1856 711 1917 hoc
738 1875 891 1916 aeuo
918 1856 1053 1917 sine
1081 1857 1505 1919 controuersia
1529 1858 1845 1935 principis,
1880 1858 1987 1935 qui
2015 1860 2080 1919 et
2107 1859 2239 1937 ipse
2267 1862 2404 1920 tum
2433 1862 2601 1939 apud

200 1954 495 2017 Oarolum
551 1955 871 2016 Caesarem
938 1955 1195 2015 nomine
1248 1955 1578 2016 Pontificis
1635 1956 1940 2017 nuncium
1995 1958 2254 2034 agebat3
2314 1956 2392 2017 ad
2448 1958 2600 2019 haec
2631 1982 2687 2032 15

200 2055 274 2115 R.
328 2054 403 2115 P.
457 2052 717 2114 Ioannis
773 2052 1117 2130 GlapioniS,
1169 2052 1277 2131 qui
1331 2054 1578 2115 Caesari
1629 2057 1763 2116 erat
1815 2074 1853 2115 a
1906 2055 2322 2116 concionibus.
2436 2055 2601 2117 Nam

200 2152 255 2212 is
300 2171 379 2212 ex
425 2151 706 2212 Caesaris
748 2150 1071 2212 voluntate
1108 2150 1464 2228 frequenter
1506 2151 1622 2213 hac
1665 2153 1743 2212 de
1787 2171 1854 2212 re
1897 2151 1976 2212 ad
2019 2172 2122 2212 me
2161 2152 2426 2231 scripsit,
2472 2173 2601 2214 non

200 2252 418 2311 minus
452 2249 787 2327 diligenter
814 2268 1001 2327 quam
1042 2252 1345 2309 amanter.
1428 2251 1737 2312 Hortatus
1774 2253 1871 2312 est
1906 2250 2124 2312 eodem
2156 2250 2400 2330 pridem
2430 2252 2603 2313 Guil-

198 2349 456 2409 heLmus
493 2346 853 2422 Montium,
891 2366 1090 2425 nuper
1131 2347 1323 2407 etiam
1360 2348 1830 2409 illustrissimus
1869 2348 1997 2409 dux
2034 2348 2337 2427 Georgius
2366 2349 2603 2411 misnae

200 2448 515 2525 princeps.
596 2445 800 2506 Multa
841 2447 1055 2506 tamen
1109 2444 1622 2523 intercurrerunt,
1675 2467 1832 2525 quae
1876 2467 1977 2507 me
2025 2466 2154 2507 non
2207 2446 2605 2525 patiebantur
2633 2472 2695 2509 ιο

200 2546 456 2624 longius
490 2545 562 2604 in
598 2564 778 2622 opere
820 2546 1035 2620 coepto
1074 2543 1357 2622 progredi
1385 2563 1574 2622 quam
1614 2546 1692 2605 ad
1729 2564 1921 2605 vnum
1964 2546 2070 2604 aut
2109 2544 2372 2605 alteram
2400 2546 2603 2624 pagel-

200 2645 346 2720 lam,
399 2647 475 2705 vt
523 2661 677 2720 opus
719 2643 1085 2719 conceptum
1134 2641 1221 2704 sit
1275 2643 1479 2722 magis
1526 2662 1715 2721 quam
1761 2645 2080 2722 coeptum:
2139 2661 2497 2720 quanquam
2540 2648 2603 2707 et

198 2744 356 2805 alias
398 2743 480 2803 sb
519 2741 641 2802 hoc
680 2740 898 2818 scripti
929 2759 1155 2818 genere
1198 2742 1421 2803 natura
1449 2743 1601 2803 satis
1637 2740 1957 2802 abhorreO.
2045 2740 2168 2802 Odi
2204 2744 2459 2801 cruenta
2485 2741 2606 2802 dis-

197 2842 379 2915 sidia,
425 2839 671 2901 lusibus
711 2836 986 2898 innoxiis
1026 2838 1227 2917 magis
1270 2839 1492 2917 capior,
1536 2839 1714 2900 velut
1757 2839 1878 2898 huc
1920 2840 2121 2898 natus.
2209 2838 2374 2898 Tum
2414 2838 2605 2915 probe

199 2939 365 3000 mihi
406 2936 693 2998 conscius
733 2956 877 2996 sum
905 2938 1213 3013 quantum
1243 2936 1582 2998 Herculem
1622 2937 1774 2998 haec
1800 2955 1897 2997 res
1924 2937 2216 3014 postulet,
2254 2940 2317 2997 et
2346 2939 2605 3014 quantu·
2633 2960 2658 2995 ι
2664 2961 2694 3011 5

200 3038 300 3098 lus
342 3057 460 3115 ego
505 3035 631 3096 sim
677 3052 1037 3112 pygmaeus.
1122 3036 1217 3095 Ac
1263 3054 1514 3112 prorsus
1560 3035 1842 3096 nondum
1891 3033 2052 3094 mihi
2094 3032 2247 3093 satis
2288 3033 2604 3095 decretum

197 3139 293 3196 est
337 3153 427 3195 an
464 3132 663 3194 velim
704 3131 870 3209 quod
926 3130 1291 3193 institutum
1345 3135 1441 3194 est
1497 3130 1831 3194 absoluere.
1942 3131 2246 3210 Quicquid
2302 3132 2425 3208 flet,
2473 3152 2605 3193 non

196 3233 307 3294 fiet
334 3236 597 3306 temere,
630 3249 745 3291 nec
779 3229 975 3291 exibit
1002 3229 1278 3305 omnine,
1314 3230 1440 3292 nisi
1474 3231 1775 3310 priuatim
1805 3230 2035 3291 lectum
2061 3249 2132 3291 uc
2167 3229 2496 3309 probatum
2525 3231 2604 3292 ab

197 3332 300 3392 his
343 3351 509 3410 quos
552 3329 830 3390 maxime
872 3328 1046 3389 decet
1093 3328 1299 3389 fauere
1342 3329 1574 3407 gloriae
1621 3328 1897 3403 Christi3
1955 3348 2102 3389 nam
2151 3329 2218 3390 in
2267 3330 2386 3391 hoc
2440 3332 2604 3391 certe

198 3429 484 3503 cudetur,
519 3427 577 3487 si
602 3430 818 3487 tamen
847 3426 1106 3487 cudetur
1128 3445 1447 3504 vnquam;
1488 3427 1797 3505 siquidem
1823 3426 2004 3487 video
2031 3430 2271 3504 partem
2297 3431 2604 3507 vtranque
2631 3451 2697 3501 30

197 3527 289 3588 sic
327 3546 469 3588 esse
513 3544 838 3586 accensam
879 3527 951 3584 vt
989 3526 1095 3584 aut
1137 3527 1272 3586 tota
1311 3525 1463 3586 velit
1500 3526 1752 3587 vincere
1793 3527 1902 3586 aut
1939 3527 2070 3586 tota
2107 3526 2324 3605 perire.
2409 3527 2605 3589 Porro

197 3628 399 3687 ultera
453 3623 704 3684 deuicta
747 3642 1041 3701 magnam
1090 3622 1501 3702 Euangelicae
1543 3623 1827 3686 veritatis
1870 3643 1940 3683 ac
1989 3623 2299 3684 libertatis
2353 3624 2603 3685 ruinam

195 3742 416 3785 secum
478 3722 730 3796 trabet3
799 3721 995 3782 altera
1048 3740 1176 3782 non
1233 3722 1619 3800 opprimetur
1677 3721 1803 3781 nisi
1855 3721 2381 3799 perniciosissimo
2436 3723 2606 3784 orbis

198 3822 508 3894 tumultu,
543 3819 652 3898 qui
694 3818 929 3879 multos
963 3818 1153 3879 etiam
1193 3818 1481 3881 innoxios
1521 3820 1822 3881 inuoluet.
1909 3820 2046 3897 Ego
2082 3819 2304 3881 malim
2345 3839 2480 3881 rem
2516 3820 2605 3882 ita

195 3918 516 3998 componi,
564 3921 637 3978 vt
676 3920 942 3994 vtraque
987 3937 1134 3994 pars
1174 3917 1501 3978 victoriam
1550 3918 1909 3979 concederet
1954 3917 2206 3979 veritati
2258 3919 2322 3978 et
2374 3917 2605 3994 gloriae
2632 3937 2696 3989 35

197 4017 462 4080 Christi.
553 4015 694 4077 Hac
739 4015 814 4076 de
862 4036 930 4076 re
984 4015 1183 4076 obtuli
1231 4018 1538 4077 secretum
1587 4016 1920 4077 consilium
1967 4035 2181 4076 meum
2228 4015 2601 4090 monarchis,

198 4115 256 4174 si
308 4113 576 4175 iubeant
629 4112 930 4173 exhiberi.
1043 4113 1259 4174 Nolim
1314 4114 1507 4193 igitur
1556 4114 1812 4175 interim
1869 4117 1936 4175 vt
1980 4114 2310 4192 quisquam
2357 4134 2434 4175 ex
2488 4114 2604 4176 hoc

198 4213 519 4290 promisso
560 4214 918 4290 praesumat
964 4211 1339 4273 sententiam
1383 4212 1484 4274 vel
1539 4211 1608 4273 in
1653 4213 1817 4273 hanc
1860 4215 2102 4291 partem
2145 4213 2245 4275 vel
2285 4213 2356 4274 in
2399 4212 2597 4275 illam.

197 4311 395 4372 Absit
422 4308 895 4388 praeiudicium,
926 4310 1034 4370 sed
1063 4330 1140 4370 ex
1167 4310 1370 4372 aedito
1394 4310 1555 4372 libro
1583 4309 1693 4372 fiet
1720 4310 2036 4372 iudicium.

281 4407 467 4485 Quod
519 4408 819 4469 hactenus
861 4409 937 4470 de
981 4409 1097 4470 hoc
1152 4428 1332 4486 opere
1386 4409 1684 4484 recensui,
1734 4409 2060 4487 vulgatum
2103 4413 2235 4471 erat
2279 4410 2348 4470 in
2402 4409 2605 4488 prima
2631 4437 2698 4487 40

196 4506 493 4586 catalogi
521 4506 849 4568 seditione.
933 4507 1027 4568 Es
1061 4525 1160 4568 res
1186 4526 1380 4585 quum
1418 4507 1737 4568 neminem
1769 4508 1948 4586 aequi
1974 4507 2188 4569 iudicii
2215 4527 2605 4569 commouere

268 4669 685 4733 aquibuadam
708 4669 1657 4724 a.mu1tisss.12:iuart
1664 4672 1722 4720 ni
1746 4673 1797 4726 β.
1976 4685 2054 4734 31.
2091 4674 2186 4723 aut
2201 4678 2308 4732 post
2330 4675 2388 4721 vt
2413 4675 2524 4720 add.
2549 4673 2604 4724 β.

198 4751 283 4796 4ο.
268 4685 517 4799 3’(ὶιιοιί.
582 4737 700 4786 ..36
732 4749 805 4797 ¹7·
832 4735 1154 4798 tranquillet
1177 4740 1288 4788 α.ᾶά
1300 4688 1430 4791 Bw

1372 4847 1484 4890 1>2
