3355 5380
334 381 518 470 ¹503]
1077 386 1308 450 FROM
1361 387 1406 448 J
1407 388 1640 450 AMES
1695 385 1983 448 FABER
2610 387 2727 446 387

491 545 587 606 ΒΘ
610 563 763 605 vera
784 543 1064 605 Paschae
1086 543 1453 605 inueniendi
1472 544 1734 618 ratione,
1761 563 1882 623 que
1901 542 2144 605 Bibliae
2170 542 2469 603 innititur
2484 544 2508 600 ε’
2544 560 2735 619 quam

327 659 406 703 ex
454 639 632 702 Isaac
686 642 938 720 Argyro
983 642 1182 703 Greco
1227 641 1542 720 excepisse
1589 645 1861 720 apparet,
1909 640 2225 703 adiunctis
2261 639 2615 718 plaerisque
2655 639 2733 700 de

325 739 781 802 incarnationis
806 740 1121 819 mysterio.

490 839 586 900 De
612 838 873 899 scientia
897 841 961 899 et
987 858 1063 899 eo
1091 837 1256 918 quod
1285 837 1497 915 scitur,
1529 840 1747 900 contra
1775 838 2198 900 Academicos,

494 936 588 997 De
628 936 1042 1015 philosophia.
2761 953 2824 1008 70

493 1036 791 1096 Erotema
817 1035 1422 1114 interloquutoribus
1447 1035 1704 1097 insertis
1730 1035 1808 1097 de
1834 1036 2070 1113 triplici
2109 1034 2341 1110 anima,
2377 1030 2729 1110 vegetabili,

572 1131 872 1209 sensibili,
905 1132 1212 1195 rationali.

493 1231 587 1292 De
629 1235 765 1292 arte
802 1234 868 1292 et
903 1231 1147 1294 inertia.

493 1329 588 1390 De
628 1329 954 1392 rhetorica.

494 1427 590 1488 De
630 1428 929 1490 moribus.
2762 1452 2823 1507 75

496 1524 595 1587 De
635 1545 823 1587 sensu
865 1529 930 1587 et
969 1525 1203 1588 sensili.
1372 1526 1458 1588 Et
1496 1526 1620 1588 alia
1657 1546 1788 1588 non
1829 1524 2024 1586 nulla.

413 1620 712 1699 Quocirca
737 1623 972 1685 mentis
1005 1623 1175 1686 bona
1213 1623 1399 1686 rebus
1432 1627 1497 1685 et
1536 1624 1725 1685 fluxis
1764 1626 1828 1685 et
1870 1622 2118 1684 caducis
2156 1643 2279 1703 quo
2318 1623 2736 1703 prestantiora

326 1722 498 1794 sunt,
531 1721 671 1784 laus
694 1721 834 1783 eius
860 1742 932 1783 eo
959 1722 1160 1801 magis
1192 1722 1414 1784 solidis
1439 1741 1517 1783 ex
1543 1721 1726 1783 bonis
1752 1724 1966 1800 surgat
1993 1741 2277 1801 semper;
2321 1723 2430 1801 qui
2458 1723 2736 1785 docendo

328 1818 407 1880 de
427 1819 562 1881 suis
582 1820 847 1882 meritus
864 1823 959 1882 est
980 1839 1168 1900 quam
1187 1820 1438 1898 optime,
1463 1838 1619 1899 quos
1639 1839 1767 1881 non
1790 1819 2176 1899 ambagibus,
2204 1840 2335 1882 non
2366 1821 2731 1899 inuolucris,

329 1936 464 1980 non
490 1916 789 1980 inanibus
817 1918 1271 1998 argutiunoulis
1291 1918 1456 1979 nihil
1487 1918 1565 1981 ad
1593 1939 1730 1979 rem
1755 1916 2134 1980 facientibus
2160 1918 2598 1998 suspendebat,
2628 1918 2737 1998 qui
2763 1936 2830 1987 80

327 2015 551 2077 lumen
579 2015 701 2077 soli
731 2016 1016 2096 ingerere
1042 2036 1172 2078 non
1200 2016 1433 2094 didicit,
1467 2017 1575 2096 qui
1602 2017 1741 2078 luce
1772 2015 2038 2077 clariora
2073 2017 2297 2078 crassis
2314 2016 2738 2080 velaminibus

330 2133 460 2177 non
487 2114 745 2193 obtexit,
763 2115 1154 2178 intellectum
1179 2115 1513 2177 inutilibus
1538 2114 1826 2176 adductis
1844 2114 2233 2176 interimens.
2292 2115 2416 2178 Sed
2437 2119 2654 2179 contra
2667 2116 2737 2178 in

330 2213 614 2275 medium
632 2214 894 2275 obscura
911 2233 1152 2294 queque
1172 2214 1350 2276 misit
1377 2213 1725 2275 clarissime
1747 2234 1764 2289 3
1798 2214 1951 2274 adeo
1971 2216 2043 2276 vt
2063 2233 2248 2275 nemo
2277 2234 2424 2291 non,
2443 2215 2544 2275 cui
2570 2214 2738 2276 haud

328 2311 577 2389 gelidus
616 2312 852 2375 circum
886 2313 1207 2392 precordia
1231 2313 1503 2389 sanguis,
1532 2312 1846 2391 intelligat
1874 2332 2062 2392 quam
2090 2313 2406 2374 facillime.
2492 2312 2740 2392 Dignus

331 2410 532 2491 igitur
559 2410 739 2473 cuius
775 2412 940 2490 apud
958 2414 1239 2491 posteros
1267 2431 1387 2491 que
1414 2410 1602 2491 liquit
1628 2409 2022 2472 monimenta
2048 2413 2260 2472 extent
2293 2431 2556 2490 semper.
2763 2422 2829 2489 85

410 2507 587 2570 Haec
625 2508 943 2571 hactenus.
1049 2510 1343 2572 Ceterum
1382 2509 1591 2570 nescio
1632 2509 1783 2589 quid
1824 2508 1949 2571 sibi
1994 2508 2166 2584 velit,
2214 2509 2477 2571 Erasme
2519 2508 2740 2572 dulcis·

328 2607 506 2684 sime,
554 2626 680 2686 quo
705 2608 921 2669 minus
961 2607 1213 2669 Libanii
1247 2607 1597 2669 orationem
1638 2608 1956 2684 Graecam,
1997 2606 2108 2669 vbi
2151 2606 2443 2668 Latinam
2496 2609 2734 2687 feceris,

331 2725 527 2786 quam
554 2710 826 2785 expecto,
856 2708 933 2768 ad
968 2727 1073 2769 me
1100 2709 1193 2784 (vt
1233 2707 1671 2783 conuenimus)
1698 2705 1961 2769 dederis.
2061 2704 2369 2768 Preuideo
2405 2707 2741 2770 consilium

328 2807 555 2881 tuum3
597 2825 754 2884 quos
800 2806 871 2866 in
914 2805 1211 2868 manibus
1254 2805 1447 2867 habes
1483 2805 1580 2867 De
1606 2804 1962 2867 illustribus
2007 2805 2409 2884 metaphoris,
2457 2804 2553 2867 De
2593 2805 2741 2867 alle-

329 2902 529 2983 goriis
566 2903 1016 2978 ecclesiasticis,
1049 2904 1143 2965 De
1178 2907 1505 2966 auctorum
1547 2902 1974 2979 allusionibus,
2019 2903 2113 2964 De
2149 2902 2301 2964 scite
2348 2906 2411 2965 et
2451 2903 2638 2967 dictis
2676 2907 2741 2965 et
2764 2929 2830 2981 90

327 3002 647 3080 responsis
680 3000 891 3079 libros,
923 3001 1192 3063 Libanio
1234 3023 1374 3063 meo
1416 2999 1642 3063 addere
1682 3000 2032 3062 instituisti.
2120 3001 2256 3077 Quo
2287 3020 2415 3063 vno
2455 3022 2559 3062 me
2600 3022 2741 3065 con·

329 3099 514 3177 solor,
558 3102 632 3163 vt
671 3119 918 3161 moram
964 3099 1424 3179 longiusculam
1461 3099 1630 3161 haud
1663 3099 1867 3161 feram
1912 3099 2127 3160 animo
2183 3099 2421 3177 inique.
2507 3098 2742 3177 Accipe

334 3216 506 3259 nunc
546 3198 925 3277 preceptoris
951 3198 1152 3259 nostri
1180 3198 1461 3260 carmina
1484 3197 1876 3277 grauissima,
1912 3196 1990 3258 ad
2027 3217 2148 3275 que
2179 3196 2484 3274 accedent,
2525 3196 2639 3259 vbi
2678 3200 2742 3259 et

331 3296 454 3358 tibi
496 3300 561 3358 et
604 3297 887 3359 candidis
924 3295 1262 3359 lectoribus
1305 3298 1487 3376 grata
1528 3295 1820 3373 viderim,
1865 3298 2002 3358 eius
2046 3296 2303 3376 insuper
2346 3296 2423 3357 de
2476 3296 2742 3360 diuersis

336 3396 706 3459 Erotemata
739 3394 1270 3475 colloquutoribus
1303 3395 1576 3471 insertis,
1607 3395 1865 3458 Platoni
1896 3415 1964 3455 se
2004 3395 2071 3456 in
2100 3394 2216 3455 hoc
2247 3397 2738 3475 accommodans,
2763 3421 2827 3476 95

331 3497 444 3575 qui
470 3499 609 3559 erat
657 3495 716 3557 ei
750 3514 940 3575 quam
975 3493 1526 3558 familiarissimus.
1636 3493 1813 3557 Dabo
1838 3492 2097 3554 tandem
2137 3513 2407 3572 operam,
2443 3494 2742 3575 quicquid

337 3592 416 3654 de
443 3591 695 3654 Bodolfi
746 3591 1077 3672 Agricolae
1121 3591 1415 3671 operibus
1450 3591 1531 3653 ad
1576 3611 1804 3653 manus
1843 3591 1950 3652 hic
1991 3591 2221 3667 veniet,
2259 3596 2470 3671 preter
2507 3614 2582 3654 ea
2623 3615 2742 3674 que

331 3689 761 3771 superioribus
815 3690 1003 3753 annis
1054 3691 1223 3752 edita
1262 3690 1426 3769 apud
1485 3689 1855 3768 bibliopolas
1890 3692 2312 3768 exponuntur,
2364 3693 2429 3752 te
2490 3691 2738 3755 adeant.

331 3788 480 3850 Non
515 3787 860 3851 absurdum
895 3808 1114 3852 rursus
1150 3788 1372 3868 putaui
1410 3787 1714 3850 subiicere
1752 3786 2073 3867 epicedion
2112 3787 2442 3866 incultum,
2473 3789 2640 3868 quod
2681 3791 2741 3852 ei

984 3935 1067 3987 66.
1107 3935 1375 3986 innititur
1396 3951 1510 3987 corr.
1533 3938 1752 3985 Richter:
1788 3935 2005 3985 innitur
2025 3954 2071 3985 α.

327 4037 602 4090 ,amri
622 4037 768 4094 fleuit·
790 4069 804 4083 .
833 4068 848 4084 .
870 4069 885 4085 .
912 4038 1116 4095 Dialooi.
1174 4034 1289 4084 The
1308 4034 1487 4084 editor
1649 4034 1730 4095 87.
1768 4033 1987 4084 Libanii
2008 4034 2332 4099 orationem]
2357 4034 2440 4085 Cf.
2463 4036 2559 4098 Ep.
2590 4048 2698 4098 177.

329 4113 443 4150 was
476 4098 857 4162 undoubtedly
871 4098 1056 4161 Faber,
1079 4101 1179 4150 but
1204 4101 1295 4150 his
1321 4114 1485 4149 name
1649 4102 1730 4162 89.
1770 4100 1851 4148 De
1876 4136 1889 4149 .
1919 4136 1934 4151 .
1960 4135 1976 4151 .
2002 4099 2357 4165 metaphoris]
2390 4101 2635 4163 Possibly
2662 4116 2735 4151 an

328 4163 459 4216 does
502 4166 605 4214 not
646 4179 881 4228 appear-3
935 4164 1034 4215 the
1076 4170 1187 4215 two
1227 4166 1481 4262 presaces,
1584 4165 1946 4228 anticipation
1978 4165 2040 4214 of
2063 4165 2159 4214 the
2179 4170 2472 4228 Parabolos,
2503 4181 2593 4215 see
2627 4166 2727 4228 Ep.

329 4229 498 4281 dated
531 4243 596 4280 οι
635 4229 768 4279 Nov.
813 4244 959 4293 1503,
992 4245 1064 4280 on
1099 4232 1152 4281 ff.
1179 4231 1230 4281 A
1284 4230 1396 4281 and
1417 4230 1486 4280 A·
1584 4244 1699 4292 31¹·
1762 4230 1876 4280 The
1898 4230 2055 4280 other
2074 4231 2253 4281 ποι-ΚΘ
2274 4231 2591 4282 mentioned
2612 4245 2734 4293 per·

329 4296 491 4360 being
510 4294 723 4345 headed
749 4297 764 4325 ⁴
779 4299 862 4346 Ad
881 4300 1112 4346 candido·
1129 4301 1307 4346 haiom
1325 4296 1485 4345 idm·
1584 4295 1721 4359 haps
1750 4295 2058 4360 originated
2088 4300 2183 4346 out
2212 4297 2273 4346 of
2300 4297 2393 4347 the
2424 4296 2733 4347 collections

392 4362 476 4424 ⁶7·
511 4359 747 4425 Argyre]
793 4362 847 4412 A
893 4361 1252 4412 Benedictine
1297 4361 1485 4425 monk,
1584 4361 1744 4411 made
1764 4362 1849 4411 for
1869 4362 1966 4412 the
1987 4366 2221 4424 ..Μαρίας
2265 4376 2352 4411 see
2375 4363 2471 4424 Ep.
2501 4375 2609 4422 ως»
2647 4375 2731 4422 39.

328 4426 457 4477 who
500 4431 671 4478 wrote
711 4442 745 4476 a
789 4430 950 4478 onnon
984 4431 1198 4477 Paucum
1231 4443 1277 4478 o.
1319 4441 1445 4488 137²
1470 4444 1483 4487 ς
1582 4427 1733 4490 They
1755 4441 1893 4477 were
1916 4442 2083 4477 never
2103 4428 2308 4478 carried
2328 4430 2425 4477 out
2442 4426 2619 4475 under
2633 4427 2731 4475 the

329 4492 518 4543 which
557 4507 671 4541 was
713 4492 882 4542 much
924 4491 1077 4555 used,
1111 4492 1376 4556 although
1411 4507 1484 4542 no
1582 4493 1736 4542 titles
1763 4493 1892 4542 here
1916 4495 2114 4556 given3
2147 4493 2244 4543 but
2277 4508 2406 4555 may
2427 4494 2563 4542 have
2594 4492 2731 4542 been

325 4561 456 4672 Eut
477 4559 538 4608 ol
552 4558 601 4607 it
623 4572 735 4606 was
753 4557 978 4620 printed
1000 4558 1148 4608 until
1173 4571 1318 4620 1⁵9⁵·
1378 4557 1485 4607 For
1582 4558 1961 4622 incorporated
1983 4559 2045 4607 in
2083 4559 2181 4608 the
2211 4558 2469 4621 enlarged
2492 4555 2731 4607 editions

370 4624 419 4672 ia
440 4637 737 4674 numerous
758 4623 1170 4674 mathematical
1190 4624 1368 4674 ποι-ΚΘ
1394 4638 1483 4673 aee
1582 4623 1644 4672 of
1658 4624 1756 4673 the
1776 4628 1989 4684 Δαασία.

327 4688 763 4755 lundein-,M
782 4693 939 4740 Gracc.
958 4690 1031 4740 xi.
1059 4691 1172 4752 126,
1183 4689 1292 4739 and
1311 4689 1475 4739 ΗΒΘ.
1645 4704 1727 4752 97.
1752 4688 2053 4753 Angoolae]
2079 4688 2159 4739 cf.
2181 4688 2349 4739 ΕΗΒ.
2372 4690 2503 4751 Apr.
2532 4689 2675 4752 1906.
