3355 5380
686 379 804 436 522
1386 374 1764 438 armans
1822 375 1929 437 or
1980 373 2384 438 nsAsMUs
2897 371 3088 456 [1513

682 531 1012 596 ominetur
1055 534 1373 595 Bacchum
1422 534 1586 612 apud
1629 537 1843 611 poetas
1885 553 2016 595 non
2060 533 2185 594 nisi
2230 532 2330 594 bis
2377 536 2601 594 natum
2646 551 2798 608 esse,
2849 533 3089 597 librum

680 632 854 694 hunc
899 633 1132 694 iterum
1173 635 1364 709 atque
1401 631 1637 693 iterum
1675 631 1932 692 renasci.
2013 630 2135 692 Sed
2174 632 2324 710 quid
2363 631 2621 692 tandem
2662 634 2772 707 est,
2813 631 3086 707 obsecro,

629 742 658 792 5
682 728 922 808 flagitii,
951 750 1098 791 cum
1125 733 1444 809 serpentes
1475 732 1539 790 et
1565 729 1803 792 insecta
1830 728 2131 808 quaedam
2170 729 2419 808 saepius
2459 729 2531 790 in
2566 748 2733 790 anno
2768 735 3097 792 senectam·

685 832 920 891 exuant
966 828 1264 907 quasique
1310 831 1729 903 renascantur,
1767 828 1825 889 si
1871 826 2036 889 liber
2073 827 2232 887 item
2271 827 2540 888 subinde
2579 847 2785 889 nouus
2824 830 3095 907 prodeat

685 926 874 989 modo
914 926 1285 1006 castigatior,
1317 926 1644 1000 elimatior,
1672 924 2039 1004 locupletior
2055 927 2089 987 ‘P
2166 924 2424 986 Etenim
2459 925 2516 986 si
2552 925 2622 985 in
2658 926 3092 988 animantium

684 1045 909 1104 genere
936 1045 1093 1104 quae
1112 1025 1338 1102 quinos
1354 1028 1465 1086 aut
1480 1027 1693 1086 ternos
1713 1023 1948 1085 aedunt
1966 1021 2220 1099 catulos,
2240 1023 2320 1084 ob
2335 1025 2830 1085 numerosiorem
2845 1024 3092 1086 foetum

683 1128 936 1203 partum
982 1122 1201 1184 eiicere
1247 1122 1452 1185 solent
1493 1123 1714 1184 rudem
1755 1123 2107 1184 etiamnum
2143 1124 2208 1183 et
2248 1121 2602 1197 informem,
2643 1143 2833 1201 quem
2873 1127 3096 1201 postea

603 1241 664 1278 10
685 1222 1021 1284 lambendo
1046 1222 1292 1301 fingant
1317 1225 1382 1284 et
1407 1220 1752 1297 absoluant,
1783 1241 1894 1282 cur
1918 1240 2036 1282 nos
2072 1221 2141 1281 in
2178 1222 2276 1281 tot
2309 1220 2787 1299 prouerbiorum
2826 1221 3097 1283 milibus

686 1318 1045 1399 exemplum
1099 1323 1359 1381 naturae
1415 1317 1778 1381 dubitemus
1833 1319 2011 1396 sequi
2031 1320 2065 1380 ‘P
2150 1317 2535 1379 Praesertim
2591 1337 2737 1383 cum
2790 1319 2911 1381 hoc
2967 1319 3093 1381 sibi

688 1418 1089 1498 permiserint
1120 1421 1468 1479 summates
1509 1416 1606 1478 illi
1629 1437 1701 1478 ac
1741 1436 1886 1479 vere
1928 1416 2255 1478 literarum
2287 1435 2581 1495 proceres,
2615 1417 2992 1480 Aristoteles
3020 1420 3093 1479 in

688 1517 1039 1580 Rhetoricis
1078 1519 1147 1580 et
1191 1517 1450 1592 Ethicis,
1493 1517 1580 1577 M.
1620 1515 1871 1584 'Pullius
1921 1519 1988 1578 et
2035 1516 2468 1591 Quintilianus
2523 1516 2591 1577 in
2630 1517 2879 1578 dicendi
2923 1537 3093 1596 prae-

688 1616 899 1696 ceptis,
932 1616 1231 1696 Origenes
1271 1617 1342 1677 in
1382 1615 1770 1677 enarratione
1812 1614 2068 1693 mystici
2107 1614 2511 1691 epithalamii,
2555 1614 2741 1677 diuus
2781 1615 3096 1695 Hierony·

604 1734 664 1784 15
690 1734 836 1777 mus
882 1714 950 1775 in
992 1714 1233 1776 Abdiae
1287 1715 1448 1774 sacri
1500 1713 1664 1775 vatis
1712 1713 2117 1788 enarratione,
2162 1717 2235 1773 vt
2287 1712 2587 1774 Senecam
2627 1714 2904 1790 interim,
2952 1715 3097 1776 Ter·

687 1813 1028 1874 tullianum
1095 1815 1162 1874 et
1227 1811 1556 1873 Boeotium
1625 1811 1937 1888 omittam,
1997 1829 2263 1889 cumque
2327 1812 2432 1872 his
2491 1811 2869 1890 complureis
2935 1814 3096 1876 alios

688 1910 1160 1989 probatissimos
1186 1909 1533 1987 scriptores,
1565 1911 1675 1988 qui
1714 1929 1845 1970 non
1881 1909 2067 1970 veriti
2102 1912 2252 1971 sunt
2288 1910 2673 1988 superiorem
2708 1910 3096 1973 seditionem

691 2028 856 2070 noua
878 2007 983 2070 vel
1017 2009 1320 2085 corrigere
1357 2006 1460 2069 vel
1500 2008 1789 2069 vincere:
1828 2027 1944 2086 ego
1983 2026 2131 2069 vero
2172 2009 2283 2086 qui
2322 2008 2489 2069 nihil
2529 2009 2786 2070 omnino
2827 2029 2972 2070 sum
3015 2011 3095 2071 ad

691 2106 848 2182 illos,
878 2124 990 2167 cur
1029 2126 1158 2166 non
1197 2104 1364 2166 idem
1405 2105 1566 2166 mihi
1606 2106 1965 2168 faciendum
2005 2105 2376 2182 existimem,
2421 2106 2699 2185 primum
2738 2107 2808 2168 in
2851 2128 2922 2168 re
2964 2129 3097 2169 non

607 2233 669 2268 20
691 2204 947 2283 perinde
974 2204 1149 2277 seria,
1179 2203 1404 2266 deinde
1428 2204 1500 2265 in
1526 2203 1645 2266 hoc
1670 2205 2026 2283 argumenti
2050 2224 2292 2282 genere,
2323 2205 2504 2266 cuius
2531 2225 2603 2267 ea
2637 2209 2863 2268 natura
2897 2211 2998 2268 est
3026 2211 3100 2268 vt

689 2302 1049 2382 quotidiana
1070 2303 1333 2365 lectione
1363 2303 1465 2365 vel
1491 2307 1727 2365 crescat
1750 2304 1854 2366 vel
1889 2303 2196 2377 elimetur,
2229 2305 2592 2382 praesertim
2628 2306 3102 2383 emergentibus

689 2402 896 2465 indies
924 2402 993 2463 in
1018 2401 1225 2463 lucem
1252 2403 1436 2464 nouis
1469 2406 1753 2464 veterum
1789 2401 2219 2463 monumentis
2236 2404 2270 2464 ‘P
2372 2403 2535 2478 Quid
2572 2403 2626 2465 si
2654 2405 2817 2464 forte
2843 2404 3098 2465 fortuna

693 2504 935 2580 reperta
958 2500 1201 2562 fuerint
1227 2520 1381 2579 quae
1409 2501 1486 2562 de
1512 2500 1861 2579 prouerbiis
1880 2499 2131 2577 scripsit
2149 2500 2502 2576 Clearchus,
2521 2520 2677 2579 quae
2694 2501 3093 2577 Aristoteles

696 2620 851 2679 quae
893 2600 1296 2678 Chrysippus,
1331 2619 1488 2678 quae
1515 2600 1841 2677 Didymus,
1873 2618 2031 2659 num
2067 2599 2303 2677 pudore
2337 2600 2715 2677 prohibebor
2752 2601 3099 2678 quominus

609 2725 667 2775 ²5
693 2718 768 2761 ex
795 2720 1012 2762 eorum
1053 2699 1517 2761 commentariis
1551 2704 1803 2760 nostras
1832 2698 1948 2759 has
1982 2697 2298 2759 Chiliades
2337 2697 2542 2760 denuo
2577 2699 2679 2761 vel
2715 2701 3101 2779 copiosiores

691 2799 977 2860 emittam
1004 2796 1109 2859 vel
1134 2796 1552 2876 castigatiores
1566 2800 1600 2858 ‘P
1652 2797 1916 2858 Vtinam
1952 2796 2105 2856 haec
2141 2816 2319 2857 mens
2352 2801 2514 2859 esset
2550 2799 2814 2860 caeteris
2849 2820 3102 2879 quoque

693 2895 1100 2973 scriptoribus
1133 2896 1208 2956 ad
1251 2896 1422 2956 hunc
1456 2894 1718 2956 modum
1754 2894 2019 2955 subinde
2062 2894 2300 2972 seipsos
2335 2896 2625 2973 vincere3
2664 2917 2789 2975 quo
2838 2897 3099 2975 quidem

696 2994 993 3055 victoriae
1039 3013 1266 3070 genere
1309 2994 1494 3055 Plato
1542 2996 1731 3072 negat
1777 2992 1950 3053 aliud
1999 3011 2135 3053 esse
2190 2993 2530 3070 pulchrius.
2616 2995 2701 3055 Et
2744 2994 2985 3073 placuit
3034 3000 3100 3057 et

693 3093 929 3171 profuit
975 3093 1182 3170 prima
1228 3092 1339 3153 illa
1384 3092 1828 3171 qualiscunque
1886 3090 2309 3168 praecipitatio
2369 3092 2583 3153 verius
2636 3112 2826 3171 quam
2877 3093 3093 3156 edific.

608 3212 674 3262 30
695 3192 899 3252 Multo
919 3191 1119 3269 magis
1138 3190 1373 3268 placuit
1399 3191 1687 3266 secunda,
1712 3190 1812 3251 vel
1831 3189 1952 3249 hoc
1972 3193 2345 3267 argumento
2365 3189 2529 3267 quod
2551 3189 2720 3251 intra
2744 3189 3099 3253 triennium

698 3289 886 3350 toties
929 3309 1084 3366 opus
1115 3287 1275 3350 illud
1316 3289 1606 3349 formulis
1641 3307 1938 3348 excusum
1974 3290 2084 3362 est,
2118 3290 2259 3347 tum
2296 3289 2460 3364 apud
2501 3287 2699 3349 Italos
2745 3291 2889 3349 tum
2928 3291 3098 3368 apud

699 3387 1059 3462 Germanos,
1089 3405 1216 3447 non
1242 3386 1473 3465 absque
1513 3407 1654 3448 meo
1696 3406 1841 3447 sane
1884 3384 2097 3446 dolore
2136 3385 2303 3463 quod
2342 3385 2843 3465 anteuertissent,
2874 3391 2950 3448 vt
2985 3387 3102 3465 qui

699 3486 828 3545 iam
854 3487 996 3546 tum
1021 3485 1290 3545 summis
1315 3484 1550 3562 vigiliis
1575 3485 1738 3545 hanc
1761 3484 2014 3545 tertiam
2039 3482 2381 3545 editionem
2406 3485 2793 3546 adornarem.
2866 3485 2950 3546 In
2971 3506 3103 3565 qua

701 3582 996 3661 quoniam
1024 3601 1276 3643 rursum
1320 3584 1634 3662 meipsum
1669 3583 1977 3661 superaui,
2010 3582 2214 3643 multo
2255 3582 2457 3660 magis
2489 3582 2681 3644 etiam
2717 3582 3101 3661 placituram

614 3697 677 3747 35
700 3679 961 3742 confido.
1047 3680 1229 3741 Certe
1270 3699 1509 3742 nouum
1555 3681 1761 3743 videri
1807 3699 1938 3741 non
1982 3680 2178 3753 debet,
2230 3700 2375 3740 cum
2419 3679 2536 3741 hoc
2580 3681 2791 3758 ipsum
2839 3681 2910 3742 in
2958 3682 3100 3761 imo

698 3777 912 3839 statim
940 3778 1146 3856 operis
1168 3778 1481 3841 vestibulo
1503 3779 1732 3841 fuerim
1758 3781 2040 3840 testatus.

784 3875 907 3938 Sed
936 3877 1126 3938 huius
1153 3878 1240 3938 rei
1277 3878 1580 3940 iudicium
1617 3898 1804 3939 omne
1840 3897 2029 3957 penes
2066 3877 2363 3938 lectorem
2401 3881 2550 3939 esto.
2638 3879 2774 3957 Ego
2799 3879 3098 3957 quicquid

698 3977 796 4035 est
843 3974 1211 4053 simpliciter
1254 3975 1515 4040 fatebor.
1596 3977 1789 4037 Decet
1838 3976 2159 4037 hominem
2210 3976 2596 4037 Germanum
2638 3977 2913 4055 ingenue
2954 3979 3101 4039 tum

699 4075 897 4136 facere
938 4077 1078 4135 tum
1125 4074 1344 4136 dicere.
1459 4074 1543 4135 In
1588 4074 1793 4153 prima
1838 4074 2143 4152 siquidem
2196 4075 2361 4151 apud
2404 4073 2757 4136 Parrhisios
2797 4074 3093 4153 editione,

753 4188 754 4191 ’
1061 4203 1136 4237 10.
1172 4202 1272 4236 nos
1292 4204 1381 4237 om.
1408 4190 1453 4236 δ.
1618 4201 1703 4249 33.
1735 4188 1877 4235 hanc
1901 4201 2006 4237 om.
2028 4188 2070 4237 δ.
2238 4200 2320 4248 35.
2353 4186 2687 4236 confidebam
2710 4189 2752 4236 δ.

766 4298 848 4347 28.
888 4298 1068 4362 Plato]
1091 4301 1222 4357 Low.
1255 4311 1297 4345 1.
1318 4297 1419 4345 606
1441 4308 1489 4344 ι.
1948 4294 2246 4357 Tubingen,
2296 4295 2484 4344 March
2534 4296 2830 4356 1514—the
2878 4297 3103 4349 earliest

770 4376 851 4425 3ο.
886 4365 1034 4412 intra
1053 4361 1387 4437 triennium]
1418 4360 1469 4409 A
1491 4360 1765 4422 specimen
1798 4359 1857 4408 of
1949 4360 2111 4422 being
2143 4359 2334 4422 nearly
2356 4360 2461 4409 five
2485 4375 2642 4422 years
2662 4362 2801 4410 later
2828 4361 2967 4412 than
2999 4364 3103 4413 the

709 4426 983 4478 Erasmus'
1012 4429 1332 4489 inaccuracy
1364 4440 1425 4473 m
1459 4424 1668 4488 figures.
1737 4424 1851 4475 'l'he
1950 4424 2156 4474 Aldine
2170 4424 2394 4475 edition.
2440 4426 2550 4476 But
2566 4440 2709 4476 none
2732 4427 2793 4476 of
2809 4428 2963 4477 them
2986 4429 3103 4479 had

709 4494 841 4556 only
864 4494 1100 4556 reprints
1123 4493 1182 4542 of
1197 4491 1293 4543 the
1309 4491 1511 4542 Aldine
1526 4493 1759 4539 maiades
1781 4504 1854 4552 up
1950 4491 2087 4539 been
2109 4490 2399 4552 published
2419 4491 2584 4540 when
2608 4492 2706 4541 the
2729 4493 2848 4541 first
2870 4492 3022 4544 dnst
3048 4495 3114 4544 os

707 4562 766 4609 to
807 4559 925 4608 this
968 4560 1103 4609 time
1147 4572 1288 4607 were
1330 4558 1488 4605 those
1527 4556 1586 4605 of
1624 4556 1851 4618 Froben,
1952 4554 2066 4605 this
2086 4555 2298 4618 preface
2320 4570 2432 4605 was
2453 4558 2693 4607 written.

707 4625 758 4674 A
830 4659 845 4673 .
890 4638 1048 4686 ¹5¹3?
1088 4622 1147 4672 of
1179 4622 1487 4672 Hazochius
1520 4625 1579 4671 at
1612 4621 1853 4681 Ferrara,
2017 4622 2098 4682 38.
2136 4620 2499 4685 Germanum]
2549 4622 2628 4672 cf.
2666 4623 2703 4672 i.
2737 4638 2789 4686 p.
2839 4639 2915 4687 13.
2960 4627 3100 4689 ¹72⁸,

714 4703 772 4751 15
868 4689 998 4739 arch
1036 4703 1197 4751 15143
1243 4688 1354 4737 and
1391 4687 1452 4738 of
1482 4687 1753 4738 Anshelm
1797 4689 1856 4735 at
1953 4686 2062 4735 and
2092 4686 2226 4751 Epp.
2256 4689 2370 4749 306,
2396 4701 2510 4751 307,
2538 4688 2649 4737 and
2681 4702 2796 4750 334.
