3355 5380
663 397 777 455 1⁷0

656 567 1144 613 commerueram
1163 552 1197 610 ⁴?
1217 549 1232 575 ’

1353 392 1730 454 Lm'rERs
1785 392 1892 454 OF
1944 390 2345 453 ERASMUS

1339 547 1612 610 Verebar
1663 547 1827 608 mihi
1893 547 2153 608 insidias
2205 548 2366 610 strui
2432 567 2545 627 per
2599 551 2660 608 te
2731 546 3056 610 hominem

2864 388 3049 473 [¹497

658 648 1150 728 argutissimum.
1237 648 1603 725 Suspectam
1643 644 1952 707 habebam
1991 641 2170 707 illam
2209 647 2386 708 tuam
2436 646 2733 725 pixidem,
2776 666 2859 708 ne
2903 647 3058 725 quid

602 771 631 820 5
658 750 867 812 simile
920 747 1101 810 nobis
1154 747 1401 807 afferret
1447 746 1631 824 quale
1680 746 1894 806 ferunt
1947 744 2265 807 Pandorae
2319 745 2600 828 pixidem
2649 744 3057 823 Epimetheo;

659 869 851 928 quam
887 847 995 909 vbi
1029 845 1436 920 reclusissem,
1469 845 1631 906 mihi
1667 844 1794 922 ipsi
1833 841 2273 905 succensebam
2312 844 2424 922 qui
2461 843 2725 907 fuissem
2763 843 3060 922 suspicio·

659 946 852 1009 sulus.

658 1042 1137 1123 occupatissimi.

658 1162 807 1204 sane
843 1143 1129 1204 iucundo.

942 949 958 978 ‘
976 946 1103 1008 Cur
1141 945 1338 1022 igitur
1374 962 1453 1003 ne
1490 943 1676 1004 hodie
1713 942 1962 1021 quidem
2003 941 2364 1020 scripsisti?
2381 941 2399 969 ⁹
2436 941 2698 1020 inquies.
2786 938 3057 1003 Eramus

1246 1044 1262 1072 ‘
1279 1041 1444 1117 Quid
1489 1041 1747 1102 tandem
1791 1038 2032 1118 negocii
2063 1040 2132 1100 *Γ
2225 1037 2307 1100 Ιιι
2354 1038 2703 1119 spectaculo
2754 1039 3053 1116 sedimus,

1206 1143 1224 1172 ‘
1241 1139 1610 1202 Comoedia’
1637 1139 1852 1217 inquis
1883 1141 1899 1169 ‘
1918 1138 2056 1213 fuit,
2087 1157 2169 1198 an
2207 1136 2631 1216 Tragoedia?’
2700 1138 3051 1214 Vtrumuis,

576 1261 633 1296 10
655 1261 874 1303 verum
917 1260 1103 1301 nemo
1141 1240 1508 1316 personatus
1544 1236 1785 1316 agebat,
1814 1236 2037 1298 vnicus
2071 1236 2380 1297 duntaxat
2415 1238 2608 1311 actus,
2654 1235 2882 1297 chorus
2917 1238 3056 1298 sine

656 1337 846 1414 tibiis,
897 1337 1112 1400 fabula
1164 1355 1280 1397 nec
1332 1338 1542 1414 togata
1592 1355 1711 1396 nec
1762 1334 2033 1414 palliata,
2088 1334 2196 1395 sed
2244 1334 2614 1413 planipedis,
2662 1334 2845 1395 humi
2896 1338 3050 1407 acta,

656 1438 795 1498 sine
839 1435 1090 1511 saltatu,
1140 1455 1176 1496 e
1219 1434 1545 1495 coenaculo
1593 1436 1891 1513 spectata,
1935 1432 2188 1510 epitasis
2233 1431 2799 1507 turbulentissima,
2846 1434 3056 1497 exitus

658 1533 1254 1613 perturbatissimus.
1346 1535 1362 1564 ‘
1382 1531 1602 1609 Quam,
1631 1531 1916 1607 malum‚’
1940 1530 2190 1610 inquies
2233 1533 2249 1562 ‘
2264 1530 2430 1592 mihi
2463 1530 2747 1593 fabulam
2784 1531 2975 1610 fingis
2990 1534 3024 1592 ⁴?
3039 1533 3055 1558 ’

659 1633 799 1693 Imo
826 1650 977 1705 rem,
1010 1630 1376 1705 Christiane,
1411 1631 1624 1693 refero.

574 1749 631 1799 15
736 1728 1170 1807 spectauimus
1197 1728 1381 1789 hodie
1406 1727 1949 1790 matremfamilias
1985 1747 2129 1788 cum
2164 1727 2405 1789 famula
2435 1726 2777 1789 domestica
2809 1730 3057 1792 fortiter

656 1828 1134 1907 depugnantem.
1218 1826 1528 1888 Sonuerat
1551 1827 1661 1887 diu
1688 1826 1843 1887 tuba
1868 1829 2013 1886 ante
2047 1844 2464 1902 congressum,
2493 1827 2775 1888 conuicia
2812 1827 3058 1889 fortiter

654 1926 945 2003 vti-inque
983 1927 1366 2003 regeruntur.
1453 1924 1580 1986 Hic
1619 1944 1818 2002 aequo
1856 1923 2057 1984 Marte
2097 1923 2438 1984 discessum
2479 1927 2592 1997 est,
2635 1925 3059 2004 triumphauit

654 2042 859 2085 nemo.
943 2024 1117 2085 Haec
1145 2022 1214 2083 in
1239 2022 1462 2098 hortis,
1490 2043 1606 2085 nos
1638 2044 1675 2083 e
1702 2020 2030 2084 coenaculo
2058 2020 2232 2081 taciti
2269 2020 2716 2099 spectabamus,
2750 2042 2880 2084 non
2918 2025 3055 2086 sine

655 2122 802 2184 risu.
876 2122 996 2185 Sed
1025 2123 1174 2185 andi
1200 2122 1653 2201 catastrophen.
1737 2124 1800 2183 A
1828 2141 2039 2198 pugna
2066 2120 2427 2181 conscendit
2454 2121 2810 2184 cubiculum
2839 2144 3054 2187 meum

570 2239 632 2275 20
656 2220 883 2298 puella,
911 2222 1358 2282 concinnatura
1384 2219 1594 2281 lectos.
1659 2219 1837 2280 Inter
1856 2217 2388 2280 confabulandum
2408 2218 2597 2280 laudo
2617 2220 3057 2284 fortitudinem

656 2320 844 2395 illius,
906 2320 1071 2398 quod
1124 2339 1274 2381 voce
1327 2319 1750 2397 conuiciisque
1804 2318 1969 2379 nihil
2030 2316 2288 2378 cesserit
2346 2317 2675 2392 dominae;

2743 2323 3051 2383 caeterum

658 2422 902 2496 optasse
956 2438 1060 2479 me
1111 2422 1183 2479 vt
1235 2421 1544 2496 quantum
1601 2417 1821 2494 lingua
1872 2415 2141 2491 valebat,
2199 2416 2572 2477 tantundem
2627 2416 2929 2480 valuisset
2992 2423 3059 2480 et

659 2516 967 2578 manibus.
1054 2517 1217 2577 Nam
1264 2516 1429 2591 hera,
1479 2516 1692 2594 virago
1740 2514 1999 2576 robusta
2039 2518 2111 2577 vt
2152 2515 2254 2575 vel
2298 2513 2537 2592 athleta
2579 2514 2782 2575 videri
2827 2521 3052 2593 posset,

658 2615 925 2678 subinde
951 2620 1133 2696 caput
1152 2615 1512 2677 humilioris
1529 2614 1773 2694 puellae
1791 2614 2024 2694 pugnis
2042 2612 2478 2674 contundebat.
2545 2614 3055 2692 ‘’Vsqueadeone

576 2728 635 2777 ²5
660 2709 921 2790 inquam
966 2711 1208 2773 ‘nullos
1249 2711 1443 2773 habes
1487 2730 1743 2789 vngues,
1789 2713 1862 2771 vt
1900 2710 2025 2771 ista
2067 2710 2328 2786 impune
2373 2709 2626 2770 feras?’
2709 2710 3056 2788 Respondit

660 2809 772 2871 illa
814 2809 1144 2871 subridens
1190 2810 1312 2870 sibi
1360 2810 1612 2888 quidem
1660 2828 1791 2870 non
1843 2811 1978 2868 tam
2023 2807 2311 2868 animum
2358 2808 2570 2869 deesse
2621 2828 2814 2886 quam
2868 2809 3053 2870 vires.

668 2911 808 2970 ‘An
845 2913 918 2971 tu
955 2909 1173 2986 putas’
1201 2909 1460 2987 inquam
1491 2907 1833 2969 ‘bellorum
1870 2907 2078 2968 exitus
2112 2925 2150 2967 a
2180 2906 2424 2967 viribus
2453 2910 2706 2968 tantum
2738 2908 3058 2987 pendere?

661 3007 1012 3069 Consilium
1036 3006 1268 3087 vbique
1291 3005 1465 3068 valet
1487 3006 1853 3084 plurimum.
1861 3006 1878 3033 '
1957 3005 2223 3083 Roganti
2263 3005 2412 3083 quid
2454 3005 2748 3068 haberem
2787 3005 3052 3080 consilii,

666 3106 829 3167 ‘Vbi
875 3108 941 3167 te
982 3125 1198 3167 rursus
1248 3106 1601 3181 adorietur,
1643 3106 1904 3182 inquam
1953 3103 2274 3180 ‘protinus
2321 3103 2708 3166 caliendrum
2764 3104 3059 3165 detrahe’

578 3216 641 3267 30
667 3205 838 3279 (nam
884 3202 1284 3264 mulierculae
1327 3203 1714 3264 Parisiorum
1762 3203 1921 3263 mire
1967 3201 2089 3263 sibi
2133 3201 2384 3278 placent
2431 3202 2634 3280 nigris
2681 3201 3056 3280 quibusdam

666 3301 1053 3377 caliendris):
1098 3305 1113 3332 ⁸
1131 3321 1204 3362 eo
1230 3301 1507 3362 detracto
1536 3321 1685 3361 mox
1712 3303 1779 3362 in
1809 3301 2068 3378 capillos
2093 3301 2351 3362 inuola.’

748 3396 923 3459 Haec
946 3402 1020 3459 vt
1045 3418 1084 3459 a
1107 3418 1211 3460 me
1236 3398 1370 3460 ioco
1396 3399 1774 3476 dicebantur,
1808 3399 2029 3460 itidem
2061 3400 2258 3477 accipi
2294 3398 2610 3477 putabam.
2697 3399 2900 3478 Atqui
2938 3399 3064 3459 sub

666 3514 887 3556 coenae
907 3499 1156 3573 tempus
1172 3496 1437 3558 accurrit
1453 3497 1717 3559 anhelus
1734 3498 1987 3576 hospes3
2019 3498 2076 3560 is
2102 3501 2234 3559 erat
2250 3498 2457 3560 Caroli
2483 3499 2650 3576 reg‘n
2674 3497 3055 3572 caduceator,

669 3593 925 3673 vulgato
963 3595 1328 3673 cognomine
1366 3596 1572 3658 dictus
1605 3596 1822 3658 Gentil
1853 3597 2108 3658 Gerson.
2201 3597 2510 3674 ‘Adestess
2538 3597 2746 3676 inquit
2782 3599 2798 3628 ‘
2816 3596 3062 3659 domini

1501 3749 1575 3797 13.
1608 3735 1906 3785 malumt':
1941 3735 2142 3784 malam
2165 3738 2228 3787 Ε.

739 3900 1347 3965 15.matremfamilias]
1401 3900 1643 3950 Antonia
1686 3901 1805 3964 (Ep.

668 3967 777 4028 6ο),
804 3966 901 4015 the
925 3967 1114 4029 keeper
1142 3966 1201 4015 of
1225 3966 1322 4016 the
1343 3965 1526 4016 boardi
1507 3980 1622 4028 mg·
1603 3966 1808 4030 -bouse,

670 4034 730 4080 in
754 4031 936 4081 which
959 4032 1216 4082 Erasmus
1236 4046 1348 4080 was
1368 4032 1408 4080 li
1392 4033 1542 4093 iving
1562 4032 1700 4081 with
1724 4032 1815 4082 his

672 4097 897 4160 English
928 4096 1121 4160 pupils
1134 4097 1255 4161 (Ep.
1282 4097 1385 4162 58).
1448 4096 1607 4146 From
1630 4097 1727 4161 Bp.
1749 4098 1816 4146 6ο

670 4163 766 4212 she
809 4177 980 4212 seems
1024 4165 1081 4212 to
1126 4163 1263 4212 have
1305 4164 1439 4212 been
1484 4176 1516 4210 a
1559 4162 1814 4213 Nol-man.

670 4229 776 4279 She
817 4243 944 4290 may
981 4228 1213 4290 perhaps
1247 4228 1314 4278 be
1351 4226 1637 4278 identified
1675 4229 1814 4278 with

669 4309 702 4343 a
755 4295 769 4322 ⁸
788 4293 1004 4357 mulier,
1052 4308 1215 4356 quam
1273 4294 1415 4343 Galli
1471 4292 1816 4344 Anthonette

671 4360 992 4418 nominant)
1037 4359 1159 4408 who
1213 4359 1274 4407 in
1329 4372 1516 4421 ι500-ι
1562 4359 1814 4422 occupied

669 4425 766 4475 the
797 4427 1007 4489 greater
1038 4427 1160 4488 part
1192 4423 1254 4474 of
1275 4438 1308 4474 a
1340 4426 1566 4488 ‘magna

670 4491 961 4554 belonging
1004 4493 1062 4540 to
1106 4490 1203 4540 the
1242 4490 1480 4540 German
1524 4492 1714 4539 nation
1757 4494 1816 4541 at

670 4556 825 4606 Paris
846 4556 1182 4620 University,
1209 4559 1224 4583 ⁸
1241 4557 1302 4605 in
1323 4557 1444 4605 vico
1473 4556 1657 4606 Sancti
1682 4556 1816 4605 Bru-

671 4623 806 4672 nelli
824 4637 987 4686 prope
1000 4636 1196 4685 paruas
1207 4621 1417 4671 scholas
1432 4622 1816 4672 namtarum:

668 4688 786 4738 Her
817 4688 1094 4740 character
1124 4689 1174 4737 is
1202 4687 1420 4739 further
1439 4688 1628 4738 shown
1650 4687 1723 4750 by
1744 4702 1817 4737 an

1588 4425 1812 4475 domus'

1907 3904 2004 3950 ent
2114 3900 2196 3951 for
2254 3915 2415 3964 1502=
2483 3903 2691 3966 ‘recepi
2743 3916 2775 3950 a
2823 3903 3062 3964 pessima

1911 3966 2029 4015 mul
2050 3982 2140 4016 ere
2165 3981 2289 4015 cum
2321 3980 2515 4029 magno
2545 3968 2724 4017 labore
2758 3968 2826 4016 de
2855 3967 3027 4031 locagi
3008 3983 3064 4016 ιο

1912 4032 2103 4082 domus
2158 4034 2340 4081 nostre
2556 4048 2586 4083 e
2646 4037 2750 4082 101.
2810 4047 2922 4096 ¹3⁸·
2972 4034 3060 4095 52!

1912 4097 2132 4160 Finally
2179 4098 2277 4148 the
2331 4099 2524 4148 nation
2576 4097 2785 4160 ejected
2847 4098 2947 4147 her
3000 4102 3063 4148 at

1913 4162 2216 4212 Christmas
2264 4177 2405 4225 1502.
2473 4164 2572 4213 See
2621 4164 2722 4215 the
2765 4167 2900 4215 Liber
2945 4180 3063 4213 rec·—

1906 4231 2058 4287 pm
2092 4232 2301 4280 maanus
2334 4232 2605 4290 Alcmana«,
2650 4245 2806 4291 1494-
2810 4244 2953 4291 1530,
2997 4231 3060 4278 in

1915 4294 2024 4345 MS.
2050 4295 2112 4342 in
2135 4295 2233 4343 the
2254 4293 2406 4344 Paris
2422 4294 2587 4344 Univ.
2624 4295 2869 4357 Library,
2893 4295 2947 4344 ff
2970 4309 3055 4357 37,

1914 4374 1995 4421 41,
2043 4374 2125 4422 49,
2175 4373 2272 4422 5¹3
2335 4359 2400 4410 cf.
2448 4364 2775 4420 Biibloympao
2821 4363 3057 4422 Modern«,

1919 4439 2065 4489 1900,
2102 4440 2190 4488 pp.
2230 4427 2462 4488 α59,60.
2530 4426 2760 4475 InDec.
2802 4425 3060 4487 rsooshe

1915 4505 2025 4540 was
2064 4491 2159 4541 the
2192 4492 2319 4541 wife
2353 4491 2412 4540 of
2435 4491 2501 4539 Je
2503 4490 2613 4540 han
2654 4490 2783 4553 Hug
2785 4491 2878 4541 ier.
2961 4491 3062 4540 See

1916 4560 2206 4606 car-sanat.
2218 4560 2475 4605 Alamanie
2491 4556 2581 4618 (Bi
2583 4556 2656 4605 bl.
2676 4557 2801 4606 Nat.
2813 4557 2918 4617 )f⁰.
2938 4571 3060 4618 ι53;

1915 4623 1979 4670 cf.
2019 4620 2302 4671 Chatelain
2337 4621 2396 4671 in
2429 4624 2568 4671 Πόιιι.
2601 4627 2698 4672 Sco.
2734 4625 2860 4672 Hist-
2896 4624 3057 4685 Paris,

1920 4688 2183 4750 10.p.93.
