3355 5380
293 423 468 509 1498]
985 427 1092 487 ΤΟ
1134 424 1534 489 WILLIAM
1577 426 1951 489 HERMAN
2565 430 2683 488 219

286 582 495 646 mirari
543 602 801 662 nequeo.
888 581 1127 644 Verum
1177 584 1328 662 quid
1376 582 1566 645 facias
1582 586 1615 645 *Ρ
1697 585 1822 646 His
1874 584 2154 646 moribus
2201 603 2373 644 nunc
2423 583 2679 646 viuitur.

289 684 481 760 Quare
521 681 685 744 illud
725 680 1011 743 Chilonis
1050 681 1391 760 probemus
1428 702 1677 746 necesse
1717 685 1852 745 est-z
1916 682 2019 744 Sic
2058 702 2201 745 ama
2239 685 2541 762 tanquam
2577 680 2685 744 ali·

289 781 525 861 quando
551 780 640 841 sis
667 788 908 858 osui-us,
936 780 1028 841 sic
1056 780 1269 841 oderis
1288 783 1590 859 tanquam
1614 780 1952 860 aliquando
1978 784 2317 844 amaturus.

360 879 475 940 Ais
520 879 708 940 isthic
751 879 954 940 multa
1001 879 1080 939 de
1129 898 1233 939 me
1282 879 1654 955 renunciari,
1708 879 1927 942 auditu
1973 879 2341 958 neutiquam
2389 875 2678 941 iucunda.
2705 897 2772 946 80

286 977 410 1057 Ego
451 998 614 1052 vero,
660 977 988 1053 Gulielme,
1031 976 1458 1038 innocentiam
1496 980 1810 1056 praestare
1851 998 2128 1056 possum,
2172 978 2236 1039 id
2276 977 2441 1057 quod
2482 976 2682 1050 faci03

286 1077 426 1154 quid
461 1076 754 1138 homines
792 1076 872 1137 de
906 1096 1008 1137 me
1044 1075 1396 1154 loquantur,
1434 1079 1749 1153 praestare
1785 1096 1915 1139 non
1949 1096 2225 1156 possum.
2312 1076 2452 1138 Hoc
2479 1073 2684 1153 magis

287 1194 505 1251 vereor,
548 1174 700 1253 quid
743 1179 816 1236 tu
855 1175 1111 1236 tandem
1151 1174 1228 1235 de
1271 1195 1374 1235 me
1410 1175 1684 1249 sentias;
1744 1196 1931 1253 quem
1975 1196 2190 1249 vnum,
2226 1176 2317 1236 ita
2360 1195 2463 1236 me
2513 1175 2683 1236 Deus

282 1276 455 1349 amet,
501 1273 702 1351 pluris
747 1274 903 1335 facio
950 1293 1140 1351 quam
1195 1272 1468 1350 reliquos
1516 1293 1752 1335 omnes.
1859 1274 2023 1349 Quid
2072 1274 2246 1335 enim
2302 1273 2425 1334 sibi
2483 1272 2682 1333 voluit

282 1369 382 1431 illa
417 1376 530 1434 tua
568 1371 835 1450 epistola
873 1391 998 1449 qua
1035 1371 1235 1432 vitam
1275 1390 1483 1432 meam
1527 1375 1749 1433 notare
1788 1372 2070 1433 videris?
2140 1371 2257 1432 Vis
2291 1371 2488 1449 igitur
2522 1370 2682 1430 scire
2705 1383 2767 1447 85

280 1469 800 1545 quemadmodum
837 1468 939 1531 hic
976 1469 1150 1530 viuat
1188 1468 1538 1530 Erasmus?
1608 1472 1672 1530 te
1714 1470 1888 1532 enim
1935 1469 2098 1531 nihil
2139 1486 2421 1530 mearum
2467 1490 2679 1530 rerum

277 1564 549 1644 ignorare
584 1566 699 1647 par
734 1571 853 1630 est.
933 1567 1132 1643 Viuit,
1176 1567 1306 1627 imo
1343 1567 1511 1627 haud
1545 1568 1676 1629 scio
1717 1587 1801 1629 an
1838 1568 2052 1644 viuat3
2100 1568 2211 1629 sed
2237 1567 2399 1628 viuit
2425 1587 2680 1645 prorsus

277 1664 683 1743 miserrimus,
739 1667 917 1728 omni
975 1666 1443 1742 lachrymarum
1507 1686 1734 1744 genere
1792 1666 2147 1740 confectus3
2221 1669 2376 1745 quot
2432 1664 2682 1728 insidiis

275 1764 514 1840 petitus,
559 1767 802 1843 quoties
849 1764 1194 1825 amicorum
1242 1764 1553 1841 praesidio
1601 1764 1875 1841 delusus,
1925 1768 2080 1842 quot
2131 1764 2378 1825 casibus
2425 1783 2677 1825 sursum

275 1879 338 1920 ac
363 1862 657 1925 deorsum
684 1864 985 1924 iactatus!
1025 1863 1136 1923 sed
1163 1861 1329 1925 viuit
1357 1862 1930 1924 innocentissimus.
2017 1862 2158 1924 Scio
2183 1882 2287 1923 me
2313 1862 2421 1922 vix
2449 1862 2679 1923 harum
2702 1884 2766 1934 90

273 1976 471 2020 rerum
511 1959 632 2022 tibi
663 1961 855 2022 fidem
882 1961 1212 2021 facturum.
1298 1960 1590 2021 Veterem
1623 1961 1829 2023 adhuc
1857 1961 2191 2022 Erasmum
2225 1965 2291 2021 et
2323 1960 2678 2022 libertatem

272 2074 468 2119 meam
525 2062 593 2120 et
648 2059 703 2120 si
757 2059 909 2138 quid
962 2060 1057 2119 est
1110 2057 1466 2135 splendoris
1511 2059 1782 2136 cogitas;
1850 2079 2075 2121 verum
2129 2059 2186 2119 si
2239 2077 2451 2120 coram
2507 2057 2676 2137 loqui

269 2151 486 2231 liceret,
536 2157 708 2219 nihil
753 2157 915 2219 mihi
960 2154 1205 2217 facilius
1251 2156 1440 2217 fuerit
1488 2177 1676 2235 quam
1727 2157 1792 2219 id
1838 2157 1958 2219 tibi
1998 2157 2382 2236 persuadere.
2473 2156 2678 2233 Quare

268 2251 320 2310 si
355 2273 582 2316 verum
615 2255 868 2317 Erasmi
898 2253 1355 2316 simulachrum
1381 2255 1504 2316 tibi
1529 2255 1766 2334 fingere
1790 2256 1982 2331 voles,
2014 2256 2182 2335 finge
2209 2275 2341 2317 non
2367 2257 2671 2333 ineptum,

265 2368 389 2411 non
414 2356 923 2430 comeoeatorem,
953 2372 1085 2413 non
1110 2356 1473 2427 amatorem,
1505 2354 1615 2415 sed
1646 2354 2149 2431 afflictissimum,
2185 2354 2299 2416 sed
2332 2354 2673 2433 lachrymo-
2700 2375 2763 2426 9⁵

262 2465 414 2523 sum,
444 2451 568 2511 sed
606 2452 887 2514 inuisum
918 2450 1177 2528 sibiipsi,
1210 2452 1312 2511 cui
1344 2451 1473 2512 iam
1511 2471 1628 2513 nec
1653 2453 1869 2515 viuere
1901 2453 2094 2515 libeat
2120 2474 2235 2515 nec
2260 2453 2443 2515 liceat
2470 2450 2675 2528 mori;

259 2545 525 2628 denique
572 2549 1018 2624 miserrimum,
1043 2551 1110 2610 at
1144 2548 1431 2610 fortunae
1469 2549 1805 2629 iniquitate
1840 2571 1972 2613 non
2006 2572 2118 2613 sua
2156 2552 2354 2630 culpa,
2397 2552 2673 2613 miserri-

258 2662 429 2709 mum
470 2653 716 2725 tamen,
749 2648 901 2728 quid
942 2649 1115 2710 enim
1153 2648 1343 2710 refert
1357 2648 1392 2709 Ῥ
1445 2648 1554 2710 sed
1592 2649 1689 2710 tui
1724 2650 2253 2728 amantissimum,
2296 2650 2674 2712 studiosissi·

253 2761 443 2822 mum,
499 2746 1044 2810 ardentissimum.
1136 2747 1257 2807 ‘Ita
1307 2746 1508 2809 velint
1561 2749 1775 2827 superi
1825 2749 1940 2810 has
1995 2768 2170 2810 meas
2218 2752 2510 2810 erumnas
2561 2751 2672 2810 aut

256 2840 321 2901 in
366 2845 605 2908 melius
656 2844 893 2907 mutari
939 2847 1051 2906 aut
1097 2848 1343 2906 matura
1397 2849 1599 2907 morte
1644 2847 1832 2922 finiri,
1878 2851 1951 2908 vt
1998 2865 2325 2925 nunquam
2365 2846 2527 2908 mihi
2570 2846 2671 2907 vel
2703 2865 2796 2902 100

256 2957 389 3002 mea
422 2943 721 3023 dignitas
755 2942 1092 3021 antiquior,
1131 2940 1231 3003 vel
1270 2943 1469 3021 gloria
1501 2944 1847 3021 iucundior,
1890 2946 1994 3007 vel
2028 2945 2162 3006 vita
2205 2944 2449 3006 charior
2482 2964 2672 3023 quam

253 3040 359 3099 tua
383 3040 528 3105 fuit.
1408 3045 1413 3048 ’

326 3140 394 3201 Si
460 3139 768 3205 caeteris.
805 3139 1177 3201 mortalibus
1242 3140 1369 3201 sim
1424 3140 1690 3217 inuisus,
1750 3141 1916 3204 nihil
1975 3142 2211 3217 miror3
2294 3140 2437 3219 quis
2498 3137 2672 3200 enim

250 3234 577 3302 hominem
618 3244 762 3301 tam
797 3239 1103 3300 miserum
1139 3257 1271 3299 non
1307 3239 1442 3300 iure
1479 3240 1720 3318 optimo
1751 3241 1953 3303 oderit
1969 3243 2004 3303 ⁴?
2067 3241 2280 3302 Tuum
2308 3257 2455 3300 vero
2480 3236 2671 3299 etiam

244 3355 523 3401 amorem
576 3358 731 3401 mea
775 3335 1142 3400 infelicitate
1190 3338 1422 3398 mutari
1470 3339 1578 3417 qui
1625 3340 1847 3401 timere
1891 3339 2090 3419 potui,
2139 3340 2210 3400 in
2258 3336 2435 3398 cuius
2481 3337 2673 3398 vuius
2702 3358 2792 3408 105

246 3434 364 3497 fide
403 3457 678 3517 semper
716 3435 1021 3514 acquieui,
1068 3455 1258 3514 quem
1302 3436 1394 3496 sic
1439 3437 1907 3514 complectebar,
1957 3457 1996 3499 a
2042 3458 2167 3516 quo
2213 3456 2318 3497 me
2351 3454 2490 3507 non
2537 3434 2671 3496 vul·

242 3537 470 3610 gariter
495 3537 620 3599 sed
652 3534 861 3614 prisco
896 3533 1007 3594 illo
1036 3553 1209 3594 mone
1233 3533 1432 3594 amari
1458 3535 1806 3598 credebam.
1894 3536 1964 3597 Si
1989 3538 2054 3597 et
2085 3535 2232 3596 huic
2258 3554 2363 3596 me
2389 3533 2670 3595 inuisum

242 3630 542 3715 intelligo,
579 3639 653 3697 et
683 3634 765 3694 ob
791 3633 859 3694 id
886 3631 1166 3693 inuisum
1204 3633 1370 3710 quod
1407 3632 1532 3693 sim
1564 3634 1974 3711 miserrimus,
2007 3635 2156 3714 quid
2190 3635 2288 3695 est
2321 3652 2433 3694 cur
2456 3631 2669 3692 viuere

238 3729 425 3794 velim
443 3736 480 3796 ¹?
554 3734 616 3794 Ο
648 3731 749 3793 mi
778 3730 1110 3807 Gulielme,
1139 3733 1322 3792 vetus
1349 3750 1565 3793 meum
1591 3735 1656 3793 et
1683 3732 1928 3794 vtinam
1953 3734 2325 3812 perpetuum
2351 3730 2664 3804 solatium,

239 3826 409 3890 dolor
446 3834 726 3893 tantum
763 3848 894 3890 non
929 3849 1075 3892 cum
1111 3826 1451 3906 lachrymis
1486 3832 1551 3890 et
1581 3851 1799 3893 vocem
1835 3830 2149 3909 exprimit.
2234 3830 2307 3893 Si
2333 3849 2457 3909 quo
2492 3827 2670 3906 graui
2701 3850 2794 3886 110

235 3931 295 3986 et
344 3929 677 4008 nephar-io
732 3927 964 3988 scelere
1021 3929 1303 3988 nostram
1357 3926 1704 3990 amicitiam
1758 3929 2109 4006 violassem,
2168 3933 2241 3990 tu
2300 3931 2515 3998 tamen
2580 3925 2673 3986 in-

237 4022 610 4089 felicissimo
669 4026 878 4087 amico
932 4044 1045 4102 pro
1099 4023 1447 4087 iustissima
1500 4024 1595 4088 ira
1646 4025 2140 4088 misericordiam
2199 4029 2263 4088 et
2317 4024 2670 4103 lachrymas

297 4205 372 4252 79.
409 4196 707 4255 tanquam
731 4194 808 4239 E:
843 4192 904 4238 vt
928 4188 999 4239 0¹.
1195 4191 1276 4238 80.
1313 4189 1477 4239 isthic
1501 4193 1582 4238 E:
1614 4189 1794 4240 Priori
1818 4194 2003 4240 nostro
2028 4191 2096 4240 0¹.
2281 4190 2361 4238 82.
2396 4190 2668 4252 praestare

235 4255 565 4379 εξξε...
589 4258 712 4372 ξ·-
748 4254 1578 4383 ”maza-mss
1591 4254 1671 4371 ξε.
1773 4257 1928 4371 ..ξ
1941 4255 2217 4384 wa.
2340 4253 2667 4382 ξξξξξ

237 4400 320 4433 σπι.
344 4387 415 4438 0¹.
555 4405 653 4452 97.
695 4388 757 4435 at
782 4385 835 4434 0¹-
853 4402 867 4434 :
887 4385 931 4435 &
955 4389 1028 4435 E:
1062 4386 1156 4434 aed
1179 4389 1239 4436 Γ.
1389 4400 1497 4448 103.
1531 4386 1637 4436 sim
1660 4391 1733 4438 B:
1770 4402 1889 4436 sum
1915 4386 1984 4438 0¹.
2120 4402 2229 4447 104.
2265 4388 2381 4434 tam
2402 4385 2666 4434 miserum

232 4453 303 4500 1⁵⁹:
332 4456 449 4505 tam
476 4453 879 4505 miserrimum
902 4455 979 4500 E:
1012 4454 1169 4500 tanta
1190 4466 1505 4514 oppressum
1531 4454 1749 4502 miseria
1776 4452 1844 4504 0¹.
2222 4454 2334 4501 106,
2365 4464 2454 4500 me
2477 4466 2565 4500 om.
2596 4450 2665 4499 0¹.

238 4531 338 4568 no.
374 4524 613 4571 tantum
639 4531 767 4566 non
791 4521 863 4568 E:
897 4517 1048 4566 enim
1075 4516 1143 4566 0¹.
2604 4516 2608 4520 ’

442 4736 527 4799 78.
560 4730 865 4798 Chilonis]
889 4731 962 4784 In
985 4733 1081 4783 the
1102 4737 1300 4794 Adaqia
1328 4747 1454 4796 1072
1478 4733 1592 4784 this
1614 4734 1806 4797 saying
1827 4734 1875 4782 is
1898 4732 2198 4784 attributed
2218 4734 2274 4782 to
2297 4732 2443 4782 Bias.
2570 4731 2575 4735 ’
2631 4729 2636 4734 '

1400 4838 1438 4889 Q
1471 4837 1500 4876 2
