3355 5380
294 396 477 482 1511]
1074 402 1182 464 TO
1237 402 1590 466 THOMAS
1646 402 1881 466 MORE
2563 408 2673 464 461

287 560 650 622 Corocottae
690 557 951 637 porcelli
992 561 1455 635 testamentum,
1496 560 1674 621 cuius
1716 563 1777 621 et
1820 561 2005 623 diuus
2045 562 2337 623 meminit
2374 561 2683 641 Hierony-

285 677 445 719 mus.
2052 705 2062 712 .

367 754 659 831 Proinde,
693 755 751 815 si
789 754 1121 828 videbitur,
1154 755 1402 832 fingant
1443 756 1553 817 isti
1594 776 1696 818 me
1736 756 2146 818 laterunculis
2184 757 2442 824 interim
2482 757 2683 819 animi
2708 768 2771 820 ⁴0

287 873 472 914 causa
507 851 748 928 lusisse,
778 855 889 914 aut
927 853 984 914 si
1017 853 1247 914 malint
1282 853 1591 932 equitasse
1627 854 2044 920 in.arundine
2085 856 2285 933 longa.
2370 855 2533 917 Nam
2562 876 2682 934 que

285 952 543 1012 tandem
565 953 659 1012 est
677 950 994 1029 iniquitas,
1019 971 1164 1013 cum
1190 953 1368 1013 omni
1393 954 1525 1014 vite
1555 953 1847 1014 instituto
1876 973 2023 1017 suos
2049 954 2226 1015 lusus
2254 955 2678 1028 concedamus,

286 1050 517 1110 studiis
563 1049 814 1110 nullum
860 1050 1120 1111 omnino
1167 1050 1379 1112 lusum
1434 1051 1814 1129 permittere,
1864 1052 2138 1112 maxime
2191 1053 2249 1113 si
2301 1072 2468 1131 nuge
2522 1052 2683 1113 seria

288 1147 534 1223 ducant,
565 1149 755 1225 atque
793 1147 883 1207 ita
921 1151 1268 1210 tractentur
1308 1148 1542 1210 ludicra
1576 1151 1649 1210 vt
1685 1169 1761 1209 ex
1804 1150 1904 1209 his
1944 1149 2262 1229 aliquanto
2302 1150 2445 1228 plus
2485 1149 2685 1226 frugis

287 1247 514 1307 referat
540 1245 734 1306 lector
762 1264 891 1306 non
929 1247 1188 1308 omnino
1227 1247 1399 1308 naris
1435 1247 1635 1321 obese,
1670 1267 1859 1326 quam
1899 1268 1975 1309 ex
2014 1247 2407 1326 quorundam
2447 1248 2683 1309 tetricis
2707 1261 2771 1311 45

286 1364 357 1405 ac
385 1344 733 1423 splendidis
758 1345 1149 1423 argumentis
1164 1347 1198 1406 ’ἓ
1237 1344 1440 1407 veluti
1466 1366 1610 1407 cum
1637 1345 1804 1407 alius
1830 1345 1937 1408 diu
1965 1346 2389 1408 consarcinata
2409 1346 2685 1408 oratione

287 1441 635 1504 rhetoricen
677 1446 787 1503 aut
833 1442 1301 1522 philosophiam
1342 1443 1575 1519 laudat,
1619 1444 1780 1505 alius
1819 1444 2125 1523 principis
2164 1444 2429 1506 alicuius
2471 1445 2685 1507 laudes

287 1541 595 1617 describit,
641 1540 805 1603 alius
842 1540 922 1603 ad
965 1540 1208 1604 bellum
1248 1543 1550 1605 aduersus
1590 1543 1825 1603 'Furcas
1867 1543 2254 1606 mouendum
2297 1543 2678 1617 adhortatur,

284 1641 451 1702 alius
495 1641 712 1701 futura
757 1640 1038 1719 prodicit,
1085 1639 1248 1702 alius
1297 1659 1496 1702 nouas
1551 1640 1627 1701 de
1683 1640 1828 1701 lana
1881 1642 2134 1720 caprina
2188 1641 2686 1702 comminiscitur

285 1739 765 1818 questiunculas.
879 1738 967 1800 Vt
1004 1738 1179 1800 enim
1218 1738 1382 1800 nihil
1421 1739 1721 1817 nugacius
1761 1759 1949 1818 quam
1985 1739 2143 1800 seria
2179 1740 2502 1817 nugatorie
2534 1742 2686 1801 trac-
2713 1753 2780 1802 50

283 1841 433 1913 tare,
466 1837 555 1899 ita
581 1836 744 1899 nihil
770 1836 1061 1898 festinius
1088 1856 1276 1915 quam
1303 1837 1392 1898 ita
1417 1840 1684 1898 tractare
1722 1856 1921 1916 nugas
1960 1841 2031 1898 vt
2059 1837 2221 1898 nihil
2253 1839 2466 1899 minus
2492 1858 2684 1916 quam

286 1940 561 2014 nugatus
614 1936 806 1997 fuisse
852 1935 1139 1997 videaris.
1225 1935 1319 1997 De
1373 1955 1475 1997 me
1533 1935 1791 2014 quidem
1844 1936 2116 1997 aliorum
2171 1936 2292 1996 erit
2343 1936 2685 2011 iudicium3

285 2035 556 2112 tametsi,
583 2034 706 2096 nisi
731 2035 917 2113 plane
945 2054 1049 2095 me
1074 2033 1239 2096 fallit
1267 2036 1556 2111 φιλαυτία,
1590 2034 1944 2096 Stulticiam
1974 2034 2388 2107 laudauimus,
2418 2035 2527 2095 sed
2557 2055 2685 2096 non

287 2134 548 2195 omnino
574 2133 784 2196 stulte.

368 2231 508 2292 Iam
535 2251 686 2293 vero
711 2235 784 2292 vt
821 2232 898 2292 de
932 2230 1359 2293 mordacitatis
1396 2230 1791 2293 cauillatione
1828 2229 2254 2308 respondeam,
2292 2249 2536 2308 semper
2574 2231 2686 2290 hec
2713 2242 2773 2295 55

286 2331 560 2409 ingeniis
605 2330 861 2392 libertas
904 2330 1208 2410 permissa
1248 2331 1388 2405 fuit,
1436 2333 1508 2391 vt
1549 2330 1619 2391 in
1664 2349 2066 2390 communem
2111 2329 2443 2391 hominum
2487 2330 2686 2390 vitam

283 2429 520 2491 salibus
560 2429 849 2491 luderent
887 2429 1163 2510 impune,
1209 2429 1394 2490 modo
1437 2448 1515 2489 ne
1561 2427 1815 2488 licentia
1858 2427 2055 2488 exiret
2096 2426 2165 2487 in
2212 2427 2464 2488 rabiem.
2551 2428 2686 2505 Quo

284 2530 488 2607 magis
528 2528 806 2590 admiror
849 2527 952 2589 his
995 2527 1386 2605 temporibus
1430 2527 1679 2588 aurium
1724 2525 1975 2587 delicias
2019 2544 2140 2602 que
2184 2526 2349 2587 nihil
2389 2527 2519 2587 iam
2560 2526 2686 2586 fere

284 2629 412 2689 nisi
438 2628 728 2690 solennes
753 2625 977 2687 titulos
1004 2625 1164 2686 ferre
1192 2626 1471 2705 possunt.
1556 2622 1756 2685 Porro
1784 2623 2123 2684 nonnullos
2148 2622 2302 2683 adeo
2334 2625 2688 2702 prepostere

284 2726 605 2804 religiosos
629 2723 861 2802 videas,
883 2726 953 2784 vt
979 2724 1084 2787 vel
1111 2724 1483 2802 grauissima
1508 2724 1578 2784 in
1614 2723 1939 2785 Christum
1967 2723 2245 2783 conuicia
2271 2724 2475 2784 ferant
2502 2722 2688 2783 citius
2711 2721 2778 2772 60

286 2845 478 2904 quam
515 2823 879 2901 pontificem
903 2827 1015 2885 aut
1050 2823 1401 2902 principem
1438 2822 1763 2883 leuissimo
1801 2821 1937 2881 ioco
1952 2842 1959 2849 ¹
1976 2820 2234 2899 aspergi,
2267 2819 2599 2898 presertim
2632 2819 2689 2879 si

283 2923 434 3004 quid
471 2923 612 3000 πρὸς
647 2925 718 2982 τὰ
757 2923 989 2998 ἄλφιτα,
1023 2922 1090 2983 id
1116 2925 1212 2984 est
1246 2921 1324 2983 ad
1361 2923 1670 3000 questum,
1713 2919 1957 2981 attinet.
2043 2920 2133 2979 At
2168 2919 2338 2979 enim
2376 2917 2486 2995 qui
2526 2918 2690 2980 vitas

282 3023 619 3085 hominum
650 3023 741 3083 ita
761 3023 932 3082 taxat
945 3024 1019 3083 vt
1047 3021 1366 3082 neminem
1396 3020 1659 3080 omnino
1685 3018 2065 3096 perstringat
2086 3017 2476 3091 nominatim,
2497 3036 2688 3095 queso

281 3125 499 3184 vtrum
528 3122 584 3182 is
612 3120 898 3182 mordere
923 3120 1172 3181 videtur
1197 3140 1279 3181 an
1307 3118 1522 3180 docere
1548 3118 1758 3195 potius
1785 3136 1856 3177 ac
1884 3135 2139 3178 monere
2155 3118 2189 3177 ’ἓ
2255 3115 2511 3194 Alioqui
2537 3118 2688 3193 quot

286 3219 537 3279 obsecro
579 3218 946 3280 nominibus
986 3219 1120 3296 ipse
1161 3236 1263 3278 me
1299 3219 1446 3277 taxo
1462 3218 1496 3277 ’ἓ
1579 3214 1872 3276 Preterea
1912 3214 2021 3292 qui
2061 3214 2315 3274 nullum
2354 3213 2687 3275 hominum
2712 3219 2776 3286 65

203 3376 206 3377 γ
282 3336 482 3395 genus
511 3308 953 3396 pretermittit,
998 3316 1055 3378 is
1094 3314 1258 3378 nulli
1297 3314 1562 3390 homini,
1609 3313 1795 3376 viciis
1841 3313 2134 3374 omnibus
2175 3312 2371 3374 iratus
2415 3311 2680 3373 videtur.

281 3414 448 3493 Ergo
485 3416 542 3476 si
577 3417 720 3494 quis
759 3416 1034 3477 extiterit
1075 3415 1186 3493 qui
1227 3432 1361 3475 sese
1404 3414 1608 3474 lesum
1650 3412 1968 3486 clamabit,
1998 3412 2054 3470 is
2096 3414 2207 3472 aut
2245 3411 2687 3472 conscientiam

281 3513 502 3591 prodet
527 3534 708 3577 suam
736 3519 848 3576 aut
883 3516 1047 3576 certe
1084 3516 1344 3574 metum.
1434 3512 1621 3572 Lusit
1653 3511 1775 3573 hoc
1812 3510 1880 3572 in
1922 3530 2147 3589 genere
2183 3510 2389 3571 multo
2429 3508 2689 3571 liberius

282 3632 351 3673 ac
400 3614 754 3674 mordacius
798 3614 985 3675 diuus
1027 3612 1480 3690 Hieronymus,
1530 3631 1609 3671 ne
1656 3609 2021 3670 nominibus
2070 3608 2317 3687 quidem
2362 3608 2690 3686 aliquoties

281 3730 553 3787 parcens.
642 3711 773 3772 Nos
813 3713 1206 3789 preterquam
1244 3710 1409 3789 quod
1447 3730 1484 3770 a
1518 3708 1884 3770 nominibus
1922 3707 1992 3767 in
2030 3710 2236 3768 totum
2274 3707 2680 3781 abstinemus,
2715 3719 2777 3773 70

282 3809 372 3869 ita
408 3810 688 3887 preterea
724 3808 945 3869 stilum
985 3808 1476 3886 temper-animus
1502 3809 1575 3868 vt
1610 3806 1904 3867 cordatus
1941 3805 2135 3866 lector
2166 3805 2349 3866 facile
2389 3805 2475 3865 sit
2510 3804 2689 3865 intel·

279 3907 560 3970 lecturus
586 3927 703 3968 nos
728 3907 1114 3983 voluptatem
1143 3906 1342 3983 magis
1369 3925 1557 3985 quam
1585 3924 1867 3966 morsum
1896 3904 2184 3982 quesisse.
2275 3902 2489 3980 Neque
2516 3902 2686 3963 enim

279 4007 357 4068 ad
390 4006 716 4068 quenalis
756 4004 1115 4083 exemplum
1156 4004 1461 4065 occultam
1503 4003 1682 4063 illam
1723 4002 2028 4063 scelerum
2069 4002 2384 4062 sentinam
2424 4020 2687 4078 vsquam

281 4105 613 4178 mouimus,
649 4107 715 4164 et
739 4104 999 4166 ridenda
1035 4102 1240 4181 magis
1274 4122 1465 4180 quam
1510 4102 1690 4163 foeda
1719 4121 2031 4163 recensere
2058 4100 2433 4161 studuimus.
2521 4100 2686 4160 Tum

280 4204 336 4263 si
362 4205 503 4282 quis
529 4208 624 4265 est
659 4223 846 4283 quem
886 4222 998 4262 nec
1036 4202 1156 4263 ista
1192 4200 1432 4278 placare
1471 4203 1755 4279 possunt,
1782 4201 1837 4261 is
1865 4199 2088 4260 saltem
2118 4199 2279 4259 illud
2305 4196 2679 4269 meminerit,
2713 4212 2773 4265 75

281 4301 614 4378 pulchrum
656 4322 791 4363 esse
830 4321 868 4364 a
905 4300 1196 4363 Stulticia
1232 4299 1614 4378 vituperari3
1656 4319 1846 4377 quam
1889 4318 2033 4358 cum
2077 4297 2441 4375 loquentem
2482 4293 2687 4354 feceri·

285 4417 443 4474 mus,
470 4400 689 4461 decoro
716 4419 976 4478 persone
1003 4398 1409 4460 seruiendum
1430 4397 1567 4459 fuit.
1643 4397 1767 4458 Sed
1797 4396 1944 4474 quid
1974 4416 2088 4474 ego
2116 4395 2232 4455 hec
2259 4393 2392 4468 tibi,
2420 4395 2687 4471 patrono

657 4540 738 4587 41.
776 4528 822 4574 si
847 4527 1047 4576 malint
1067 4530 1183 4576 add.
1211 4528 1265 4580 β.
1463 4525 1545 4574 62.
1581 4523 1640 4572 id
1672 4526 1755 4574 est
1777 4522 1847 4572 ad
1868 4525 2121 4585 questum
2143 4536 2233 4570 om·
2258 4522 2312 4573 β.

350 4642 432 4704 38.
466 4643 863 4708 Hieronymus]
888 4647 1135 4694 omnent.
1157 4646 1211 4692 in
1241 4645 1445 4692 Isaiam.
1600 4655 1682 4701 41.
1719 4638 2016 4703 equitasse]
2044 4638 2177 4689 I-Ior.
2203 4640 2304 4685 Sat.
2326 4650 2374 4685 2.
2396 4647 2446 4698 3.
2472 4636 2589 4696 ⁹48·

286 4710 383 4758 xii.
411 4709 536 4758 init.
1565 4736 1570 4743 -
1608 4722 1689 4769 49.
1726 4704 1856 4755 lana
1878 4703 2123 4768 caprina]
2150 4702 2278 4752 Hor.
2305 4705 2397 4762 Ep.
2425 4716 2468 4750 1.
2501 4701 2575 4750 18.
2611 4713 2684 4760 15.
