3355 5380
347 392 531 477 1498]
1190 395 1298 455 'ro
1338 396 1615 457 JAMES
1656 396 1886 457 BATT
2620 399 2738 456 209

337 573 469 613 non
502 552 850 613 maximum
878 553 1079 614 videri
1112 552 1296 613 debet
1317 556 1349 613 ⁸?
1431 553 1594 612 Sunt
1629 552 1869 629 aliquot
1903 552 2289 613 conditiones
2319 572 2464 613 cum
2493 553 2742 631 quibus·

336 652 484 712 dam
512 650 921 727 imperfectae,
950 672 1104 730 quas
1122 652 1260 711 sine
1282 650 1660 711 detrimento
1688 670 1818 710 non
1846 653 2124 726 poteram
2151 652 2519 729 relinquere.
2578 651 2740 713 Cum

336 750 581 812 Comite
607 750 848 811 mensis
876 750 1002 811 iam
1029 753 1282 828 coeptus
1308 752 1420 809 est.
1501 748 1788 809 Cubiculi
1817 749 2188 809 locationem
2216 751 2507 828 persolui.
2579 751 2740 812 Cum

335 848 697 926 Augustino
724 849 1015 909 nonnihil
1053 849 1215 909 mihi
1248 847 1340 907 rei
1374 851 1487 908 est.
1574 847 1764 908 Pueri
1789 848 1916 908 mei
1944 848 2091 908 libri
2118 849 2328 909 nescio
2354 869 2478 928 quo
2505 868 2741 910 erraue-
2769 878 2827 931 ¹5

336 948 465 1007 rint
490 968 505 1021 ;
546 946 681 1007 eius
701 945 955 1009 nomine
976 968 1177 1025 neque
1203 947 1416 1007 literas
1443 966 1645 1024 neque
1672 946 1966 1024 pecunias
1991 947 2155 1007 vllas
2181 948 2388 1025 accepi
2412 968 2428 1021 3
2469 947 2743 1008 rationes

337 1044 629 1105 nonnihil
658 1045 895 1107 habent
920 1046 1396 1107 controuersiae.

421 1142 593 1203 Hoec
634 1145 863 1218 omnia,
900 1144 993 1204 mi
1032 1144 1234 1219 Batte,
1269 1143 1406 1203 sine
1445 1143 1772 1221 dispendio
1813 1143 1990 1202 vides
2028 1162 2134 1202 me
2170 1163 2300 1203 non
2336 1163 2516 1219 posse
2554 1144 2740 1205 relin-

336 1260 538 1318 quere.
623 1242 800 1317 Quod
849 1242 904 1302 si
948 1242 1135 1302 rebus
1175 1242 1552 1319 imperfectis
1597 1241 1750 1301 hinc
1795 1241 2180 1319 migrassem,
2227 1241 2391 1302 nihil
2435 1242 2598 1302 mihi
2644 1263 2741 1304 ex·

334 1341 712 1417 pectandum
740 1341 1046 1415 videbam,
1081 1340 1204 1401 nisi
1240 1343 1312 1400 vt
1344 1340 1455 1400 illa
1486 1339 1779 1418 perirent.
1868 1338 2050 1400 Nosti
2078 1339 2238 1399 illud
2266 1340 2734 1417 Terentianum,
2770 1371 2830 1406 20

332 1439 443 1500 vbi
484 1442 670 1501 eras?
725 1460 834 1500 cur
872 1460 1093 1517 passus
1114 1442 1146 1501 Ῥ
1250 1440 1424 1500 Haec
1463 1439 1717 1518 quidem
1757 1439 1920 1499 mihi
1961 1459 2092 1499 non
2136 1439 2508 1517 negligenda
2546 1440 2741 1501 fuisse

332 1539 550 1615 vides3
598 1539 757 1599 illud
790 1559 937 1600 vero
973 1540 1178 1601 multo
1210 1538 1482 1600 maxime
1516 1558 1620 1598 me
1654 1537 1875 1613 mouit,
1909 1538 2075 1615 quod
2107 1537 2164 1598 si
2202 1538 2414 1599 subito
2453 1559 2559 1599 me
2589 1539 2740 1600 hinc

331 1636 760 1716 abripuissem‚
801 1637 1107 1715 perissent
1144 1656 1217 1698 ea
1256 1657 1413 1715 quae
1449 1637 1542 1698 De
1576 1636 2042 1697 conscribendis
2075 1635 2358 1714 epistolis
2395 1639 2734 1716 composui,

330 1739 657 1813 propterea
673 1736 837 1814 quod
865 1756 1055 1814 penes
1077 1755 1276 1796 vnum
1297 1735 1729 1813 Augustinum
1756 1735 1840 1795 sit
1868 1734 2057 1812 copia.
2132 1734 2346 1812 Neque
2366 1736 2742 1799 Laurentius

330 1834 588 1913 quidem
630 1836 974 1912 sperandus
1007 1838 1141 1895 erat
1177 1855 1380 1913 neque
1412 1834 1742 1913 quicquam
1769 1833 2143 1911 scriptorum
2170 1853 2473 1896 meorum.
2562 1835 2738 1896 Nihil
2770 1859 2828 1908 ²5

333 1934 508 1994 enim
562 1934 778 1994 minus
832 1934 1208 2010 sperandum
1265 1953 1454 2012 quam
1500 1934 1595 1993 vti
1644 1934 1755 1993 ille
1808 1933 1929 1995 tibi
1975 1952 2088 1993 sua
2139 1933 2370 2010 mittat,
2421 1935 2576 1995 dum
2624 1955 2740 2012 ego

330 2033 570 2105 absum,
602 2032 778 2092 cuius
815 2034 1002 2093 vnius
1039 2033 1296 2092 nomine
1331 2033 1606 2092 facturus
1633 2035 1747 2107 est,
1780 2031 1839 2093 si
1873 2031 2020 2110 quid
2053 2031 2253 2093 faciet.
2339 2032 2464 2092 vix
2490 2051 2742 2092 summa

333 2151 450 2207 ope
505 2131 686 2191 nisus
732 2130 809 2190 ab
866 2151 938 2190 eo
991 2132 1221 2191 extorsi
1265 2134 1337 2191 vt
1383 2130 1707 2191 Laurentii
1751 2133 1990 2208 partem
2040 2130 2159 2190 tibi
2203 2131 2502 2206 mitteret,
2557 2133 2622 2191 et
2669 2114 2776 2190 ea'

331 2229 591 2307 quidem
616 2229 753 2306 lege
778 2232 850 2289 vt
875 2231 947 2288 tu
975 2228 1254 2289 vicissim
1281 2230 1406 2290 huc
1440 2228 1675 2306 aliquid
1705 2234 2059 2289 nostrarum
2083 2228 2407 2289 literarum
2434 2229 2735 2289 remittas.

328 2330 624 2406 Aequum
668 2327 775 2387 ille
814 2328 1104 2403 postulat.
1208 2327 1433 2388 Manus
1472 2327 1644 2388 enim
1687 2347 1948 2388 manum
1996 2327 2222 2402 fricat3
2283 2328 2364 2388 da
2401 2327 2631 2405 aliquid
2675 2330 2738 2386 et
2765 2347 2829 2395 30

328 2426 567 2504 aliquid
608 2426 829 2503 accipe.
916 2425 1160 2502 Quibus
1201 2426 1386 2487 rebus
1426 2427 1732 2487 adductus
1771 2426 1890 2486 hoc
1925 2426 2055 2502 cepi
2092 2446 2342 2487 mecum
2379 2426 2732 2501 consilium,

328 2530 402 2587 vt
441 2525 548 2585 hic
588 2545 693 2584 me
731 2524 934 2584 adhuc
973 2543 1259 2584 mensem
1300 2525 1672 2597 contineam,
1721 2525 1917 2585 donec
1960 2544 2064 2584 aes
2110 2524 2388 2585 alienum
2436 2542 2735 2600 recepero,

328 2622 720 2684 conditiones
774 2623 1114 2697 absoluero,
1160 2640 1301 2682 mea
1353 2623 1586 2702 scripta
1639 2642 2097 2700 recuperauerO.
2211 2622 2353 2682 Hoc
2405 2621 2737 2682 consilium

329 2724 385 2783 si
429 2723 674 2801 probas,
719 2743 822 2783 me
864 2742 991 2782 non
1035 2722 1417 2800 poenitebit;
1474 2722 1575 2783 sin
1616 2721 1844 2797 minus,
1892 2722 2080 2782 facies
2125 2740 2231 2781 me
2272 2720 2737 2798 quamprimum

329 2821 698 2882 certiorem:
740 2840 816 2880 ex
844 2825 955 2882 tua
980 2821 1293 2881 sententia
1318 2822 1542 2882 faciam
1571 2820 1798 2881 omnia.
2767 2847 2827 2895 35

410 2917 654 2978 Audies
706 2938 781 2978 ex
839 2918 957 2978 hoc
1011 2918 1335 2979 tabellario
1390 2939 1622 2979 nouam
1687 2917 2085 2996 tragoediam.
2199 2917 2268 2978 Is
2320 2918 2429 2978 vbi
2492 2919 2570 2979 ad
2634 2938 2738 2978 me

329 3017 705 3089 diuertisset,
752 3036 911 3094 equo
954 3017 1021 3076 in
1071 3037 1350 3095 caupona
1392 3018 1622 3091 relict0,
1675 3037 1861 3094 seque
1906 3017 1975 3076 in
2018 3017 2174 3076 sella
2214 3017 2605 3093 pecuniolam
2638 3016 2738 3076 ab·

334 3115 563 3176 didisse
589 3115 837 3190 diceret,
861 3116 1016 3176 iussi
1044 3115 1110 3174 in
1141 3116 1557 3176 diuersorium
1583 3118 1919 3176 recurreret
1945 3114 2393 3193 pecuniamque
2418 3116 2729 3177 eximeret.

332 3213 481 3274 Iuit.
599 3213 724 3273 Vbi
780 3214 942 3274 redit
1005 3215 1376 3292 crepusculo,
1439 3215 1807 3275 adoriuntur
1869 3233 2015 3273 eum
2073 3213 2386 3286 satellites,
2448 3214 2729 3288 trudunt,

332 3312 712 3389 proculcant,
778 3312 1130 3388 vulnerant,
1202 3313 1271 3372 in
1340 3332 1643 3373 carcerem
1712 3313 1966 3387 ducunt,
2040 3312 2369 3389 pecuniam
2437 3313 2729 3391 eripiunt.
2761 3339 2828 3388 ⁴0

331 3411 626 3470 Primum
658 3411 1012 3488 suspicabar
1050 3415 1305 3472 nactum
1337 3412 1705 3490 quibuscum
1739 3411 2046 3488 potitaret.
2136 3411 2260 3470 Vbi
2285 3411 2581 3488 postridie
2608 3431 2737 3472 non

332 3509 669 3571 reuertitur
703 3510 780 3570 ad
818 3509 1093 3570 multum
1118 3512 1309 3572 etiam
1337 3511 1476 3586 diei,
1513 3530 1617 3570 me
1648 3510 1854 3569 nescio
1880 3509 2028 3586 quid
2056 3509 2363 3570 eiusmodi
2391 3509 2731 3584 diuinante,

331 3609 738 3669 commodum
765 3608 874 3669 ille
903 3609 1079 3683 redit,
1115 3610 1366 3685 lutatus,
1400 3612 1774 3684 cruentatus,
1808 3612 1871 3668 et
1907 3609 2152 3669 miseris
2183 3611 2481 3668 tractatus
2509 3609 2730 3669 modis.

333 3707 466 3769 Nos
509 3712 678 3769 recta
718 3708 797 3768 ad
845 3707 1229 3782 aduocatum,
1277 3709 1424 3769 inde
1467 3709 1544 3768 ad
1589 3707 1764 3767 vrbis
1801 3707 2222 3784 praefectum3
2279 3727 2445 3767 noua
2486 3726 2739 3784 prorsus

330 3803 462 3863 illic
489 3803 643 3863 auis.
730 3801 949 3861 Malim
976 3801 1265 3879 quamuis
1292 3802 1560 3863 cloacam
1588 3820 1775 3879 quam
1804 3801 1961 3861 illud
1998 3804 2251 3861 antrum
2278 3801 2504 3862 subire.
2594 3801 2738 3879 Ipse
2763 3817 2827 3866 45

326 3901 496 3979 apud
538 3900 807 3961 iudicem
845 3900 1210 3977 expostulo;
1251 3899 1359 3960 ille
1399 3900 1633 3977 profert
1673 3919 1887 3959 ensem
1929 3899 1998 3958 in
2038 3899 2244 3960 medio
2283 3901 2570 3961 fractum.
2660 3899 2736 3959 Id

330 4000 634 4061 satellites
671 3999 1026 4059 detulerant
1060 3999 1312 4073 factum,
1344 3999 1498 4059 dum
1533 3997 1642 4058 ille
1674 3997 1882 4058 nescio
1910 3996 2009 4056 cui
2036 3997 2361 4058 brachium
2388 4000 2739 4075 amputaret

328 4100 400 4160 in
427 4098 547 4174 via,
576 4101 762 4176 atque
798 4097 867 4157 in
904 4117 976 4157 eo
1011 4098 1283 4157 facinore
1321 4097 1894 4174 compraehensum.
1981 4096 2266 4157 Aderant
2306 4097 2485 4158 nobis
2524 4100 2730 4173 testes,

330 4198 442 4276 qui
485 4197 782 4257 docerent
822 4196 1009 4256 illum
1051 4195 1258 4274 gladio
1294 4196 1489 4256 fracto
1525 4195 1745 4255 vrbem
1785 4194 1976 4254 fuisse
2012 4194 2384 4273 ingressum.
2468 4196 2651 4257 Nam⁴
2671 4195 2735 4254 id

404 4334 477 4380 15.
512 4319 909 4368 aben-suerunt
929 4321 989 4368 Ρ.
1138 4318 1213 4367 18.
1246 4332 1358 4366 non
1381 4320 1496 4366 aad.
1521 4320 1579 4367 F.
1729 4330 1808 4377 23.
1843 4316 2201 4378 abripuissem
2226 4321 2269 4364 E
2291 4334 2304 4366 ε
2344 4317 2643 4379 rapuissem
2666 4320 2735 4366 H.

334 4402 416 4445 24.
451 4386 641 4448 Neque
664 4388 738 4433 B:
776 4383 855 4433 Ne
870 4387 927 4433 Γ.
1043 4398 1125 4446 37.
1159 4398 1402 4446 caupona
1425 4387 1501 4431 E:
1533 4382 1927 4445 pandochioFt
1961 4382 2296 4444 pandocheio
2312 4387 2378 4432 H.
2512 4398 2592 4442 44.
2628 4382 2736 4432 Nos

331 4454 481 4501 recta
505 4489 519 4501 .
545 4487 559 4501 .
590 4487 604 4501 .
626 4464 711 4512 54.
749 4449 1073 4510 reliquimus
1102 4453 1178 4498 F:
1214 4449 1323 4498 Nos
1352 4449 1558 4497 frustra
1591 4448 1759 4496 iudici
1787 4462 1979 4496 sumus
2011 4448 2194 4509 questi
2217 4451 2277 4498 Ε.
2646 4485 2652 4492 .
2713 4469 2725 4488 1

402 4584 479 4629 ¹4·
515 4564 755 4630 Gemite]
784 4565 1081 4628 Mountjoy.
1105 4565 1203 4628 Ep.
1229 4580 1310 4627 79.
1395 4613 1410 4626 ,
1652 4578 1732 4624 23.
1767 4564 1845 4612 De
1881 4566 2281 4615 conscribendis
2323 4563 2589 4628 epistolis]
2635 4563 2733 4612 See

406 4649 478 4697 ¹5·
515 4632 671 4696 libri]
701 4631 784 4682 Cf.
807 4631 907 4693 Ep.
928 4631 1009 4681 82.
1038 4646 1113 4680 ro.
1587 4629 1682 4690 Ep.
1711 4644 1788 4691 71.

400 4715 483 4750 20.
516 4694 936 4760 Terentianum]
961 4701 1059 4746 Aa.
1087 4711 1201 4758 234.
1651 4710 1732 4756 24.
1769 4695 2118 4761 Laurentius]
2143 4696 2242 4746 See
2263 4712 2314 4759 p.
2343 4697 2454 4745 108.
