3355 5380
311 386 499 470 ¹497]
1098 386 1206 448 'ro
1261 384 1616 447 monus
1673 383 1908 446 GREY
2599 390 2711 444 ιν.»

383 542 510 604 Sed
540 542 677 617 heu,
709 562 834 620 quo
859 562 964 604 me
990 541 1229 604 doloris
1254 541 1528 619 abripuit
1553 540 1830 618 impetus
1846 542 1879 600 ⁶?
1960 539 2181 601 Multis
2206 541 2482 618 profecto
2507 543 2714 605 modis

302 642 576 703 iniurius
622 642 691 701 in
735 644 800 702 te
841 660 1005 716 sum,
1059 640 1502 703 candidissime
1548 639 1808 712 Thema,
1859 639 2035 700 cuius
2081 638 2520 717 calamitatem,
2565 658 2710 704 cum

303 742 598 819 mitigare
638 739 1022 802 consolando
1062 739 1406 813 debuerim,
1447 737 1615 799 vltro
1653 737 1848 799 etiam
1888 736 2159 815 querelis
2200 740 2359 801 meis
2397 760 2707 820 exaspero.

304 840 444 900 Iam
498 839 650 900 haec
705 838 909 900 dolori
962 837 1338 910 dederimus,
1400 840 1637 898 caetera
1692 835 1922 897 rationi
1979 834 2345 899 tribuemus.
2433 839 2569 919 Ego
2623 842 2707 915 te,
2741 842 2834 895 160

303 936 675 999 suauissime
716 936 975 1011 Thema,
1019 940 1085 997 te
1125 935 1384 1013 inquam
1428 954 1625 995 vnum
1671 953 1749 993 ex
1796 933 2021 994 multis
2060 933 2425 1012 delegeram,
2476 936 2544 996 in
2588 956 2712 1014 quo

303 1034 664 1099 absolutum
712 1034 966 1112 aliquod
1008 1034 1162 1095 artis
1202 1054 1378 1095 meae
1420 1036 1905 1094 monumentum
1947 1032 2382 1109 relinquerem,
2424 1034 2503 1095 ad
2543 1035 2711 1112 quod

304 1135 436 1196 iam
482 1133 815 1194 materiam
865 1152 1055 1211 quam
1110 1132 1390 1194 maxime
1444 1130 1694 1192 felicem
1749 1129 1912 1191 mihi
1964 1133 2185 1191 nactus
2227 1131 2503 1193 videbar.
2588 1132 2710 1193 Sed

303 1236 521 1294 vtrum
548 1236 613 1293 te
640 1231 805 1292 mihi
830 1252 915 1293 an
942 1252 1044 1292 me
1071 1231 1191 1293 tibi
1218 1230 1473 1291 fortuna
1498 1229 1782 1290 inuidit?
1855 1227 1958 1290 Me
1980 1229 2140 1290 forte
2169 1231 2367 1308 petiit,
2397 1230 2518 1292 tibi
2545 1235 2711 1293 certe

301 1329 448 1408 plus
473 1329 707 1391 nocuit.
782 1329 1037 1390 Certum
1065 1331 1162 1390 est
1196 1331 1410 1389 tamen
1444 1327 1609 1388 mihi
1645 1346 1803 1404 opus
1838 1346 1874 1387 e
1910 1325 2204 1388 manibus
2238 1331 2575 1404 extortum,
2609 1329 2708 1391 vel
2740 1336 2830 1404 ¹⁶5

300 1431 693 1508 repugnante
717 1427 845 1503 illa,
879 1448 1001 1505 qua
1027 1427 1173 1489 licet
1208 1427 1512 1506 persequi.
1603 1425 1769 1487 Nam
1796 1425 1854 1485 si
1881 1444 2071 1502 quam
2108 1425 2313 1488 adfert
2349 1431 2565 1488 nostra
2590 1429 2710 1490 dis·

299 1527 543 1589 iunctio
561 1528 883 1601 iacturam,
909 1544 1050 1587 eam
1072 1524 1382 1587 scribendi
1401 1524 1750 1603 mquentia
1769 1523 1955 1585 facile
1976 1522 2330 1587 sarciemus.
2405 1525 2502 1586 Tu
2522 1526 2710 1588 modo

300 1625 397 1687 fac
425 1644 659 1704 magno
687 1624 899 1685 animo
925 1644 1161 1703 pergas,
1193 1622 1309 1684 tibi
1335 1623 1547 1695 instes,
1578 1621 1698 1683 tibi
1725 1624 1789 1682 te
1815 1625 2278 1699 praeceptorem
2304 1626 2597 1700 praestes.

384 1722 490 1784 Ad
541 1722 761 1783 literas
807 1725 949 1783 tuas
995 1722 1199 1798 venio,
1247 1741 1403 1799 quae
1448 1720 1611 1781 mihi
1657 1722 1789 1780 tam
1834 1717 2145 1797 voluptati
2190 1719 2364 1780 fuere
2406 1740 2598 1797 quam
2637 1726 2709 1783 tu

298 1822 465 1884 mihi
516 1820 740 1881 charus
786 1824 849 1880 et
893 1819 1071 1880 fuisti
1120 1823 1184 1880 et
1232 1839 1299 1880 es
1345 1822 1409 1880 et
1451 1818 1704 1878 futurus
1749 1838 1832 1878 es.
1923 1817 2302 1878 Placuerunt
2348 1818 2539 1880 verba
2580 1839 2711 1880 non
2741 1842 2833 1895 170

297 1922 483 1994 torta,
529 1938 661 1979 non
702 1918 1002 1980 affectata.
1092 1917 1339 1978 Placuit
1377 1916 1838 1977 sententiarum
1877 1915 2069 1976 robur
2108 1915 2475 1992 masculum,
2518 1918 2581 1977 et
2621 1918 2711 1978 ita

300 2018 540 2096 placuit
585 2019 657 2077 vt
702 2016 771 2076 in
819 2015 1081 2077 dubium
1123 2014 1426 2089 venerim,
1479 2034 1638 2074 num
1683 2033 1754 2074 ea
1802 2018 1913 2075 tuo
1959 2014 2159 2075 Marte
2204 2014 2577 2076 confecisses
2624 2034 2707 2076 an

298 2114 715 2177 auxiliaribus
741 2113 934 2175 armis
961 2114 1231 2175 adiutus.
1319 2112 1496 2189 Quod
1538 2117 1603 2173 te
1638 2111 1769 2172 mei
1804 2111 2198 2190 desyderium
2233 2112 2396 2173 ferre
2433 2113 2712 2191 grauiter

300 2212 545 2288 scribis,
577 2212 745 2272 nihil
775 2216 889 2287 est,
921 2212 1014 2272 mi
1041 2212 1270 2287 anime,
1302 2211 1467 2289 quod
1493 2215 1558 2271 te
1585 2210 1866 2271 affiictes.
1948 2209 2112 2270 Nam
2142 2211 2198 2270 si
2233 2231 2346 2288 pro
2372 2215 2483 2273 tuo
2509 2212 2578 2272 in
2607 2231 2710 2273 me

296 2311 513 2371 studio
540 2313 820 2371 nostram
848 2309 1049 2371 vicem
1077 2310 1272 2387 doles,
1303 2308 1437 2370 sine
1479 2328 1662 2370 causa
1713 2308 1907 2370 doles.
1990 2308 2123 2386 Ego
2161 2309 2334 2370 enim
2367 2329 2496 2370 non
2524 2310 2711 2371 aliter
2741 2331 2829 2385 175

298 2429 448 2471 sum
476 2408 736 2469 affectus
763 2428 953 2485 quam
990 2407 1047 2468 si
1083 2427 1253 2469 nunc
1287 2408 1544 2468 demum
1577 2406 1658 2467 ab
1693 2405 1912 2467 inferis
1946 2406 2341 2467 emersissem
2366 2428 2382 2482 ;
2423 2406 2540 2467 hoc
2581 2427 2708 2468 vno

298 2508 509 2582 miser,
531 2506 696 2584 quod
718 2506 1083 2567 Pirithoum
1112 2506 1551 2567 charissimum
1581 2524 1712 2566 non
1731 2524 1859 2566 vna
1884 2504 2135 2566 licuerit
2154 2504 2432 2567 educere.
2507 2506 2708 2582 Quare

296 2606 357 2668 si
399 2605 586 2669 nobis
626 2608 847 2667 mutuo
888 2625 1104 2667 amore
1144 2604 1496 2685 respondes,
1549 2601 1853 2683 gratulari
1899 2604 2009 2663 tuo
2056 2602 2324 2663 Erasmo
2367 2601 2556 2663 debes
2602 2601 2710 2681 qui

295 2707 412 2768 vix
443 2705 700 2768 tandem
726 2704 1059 2766 cathenam
1085 2704 1490 2766 durissimam
1518 2702 1853 2780 abruperit.
1943 2701 2071 2763 Nec
2097 2706 2207 2763 tua
2233 2701 2489 2780 quidem
2526 2720 2710 2763 causa

294 2825 413 2866 cur
450 2807 774 2882 tantopere
805 2806 869 2864 te
905 2822 1181 2864 maceres
1216 2802 1412 2864 video.
1500 2800 1666 2862 Nam
1706 2801 1762 2861 si
1802 2799 1961 2862 illud
1996 2803 2060 2861 te
2094 2800 2262 2861 male
2303 2799 2510 2875 habet,
2541 2798 2708 2877 quod
2739 2814 2831 2864 180

294 2907 520 2965 nostra
558 2902 649 2963 sis
688 2900 973 2962 doctrina
1012 2901 1312 2979 priuatus,
1341 2919 1471 2961 non
1514 2898 1910 2960 incommode
1949 2898 2325 2976 permutasti
2363 2900 2709 2976 praecepto-

298 3021 457 3063 rem.
547 2999 861 3077 Recepisti
887 3018 1001 3077 pro
1027 2997 1267 3060 defesso
1294 2999 1630 3076 integrum,
1652 3017 1766 3075 pro
1793 3016 2020 3075 parum
2048 2995 2341 3074 diligenti
2367 2995 2709 3075 diligentis·

296 3098 557 3174 simum,
602 3096 883 3159 fortassis
923 3100 987 3158 et
1028 3097 1411 3171 doctiorem3
1467 3116 1620 3157 nam
1662 3094 2077 3157 amantiorem
2125 3115 2254 3156 non
2301 3095 2496 3156 credo.
2587 3094 2709 3171 Qui

296 3195 359 3256 si
400 3195 593 3256 etiam
635 3195 1086 3273 qualiscunque
1130 3195 1509 3274 contigisset,
1542 3192 1920 3271 quantulum
1957 3196 2094 3254 erat
2130 3192 2250 3254 hoc
2288 3192 2507 3254 damni
2543 3193 2707 3271 quod

296 3313 446 3353 mea
486 3293 864 3371 migratione
904 3293 1157 3354 fecisti?
1237 3294 1380 3354 Iam
1421 3295 1561 3352 tum
1599 3312 1744 3352 cum
1783 3295 1993 3352 tecum
2031 3311 2248 3366 essem,
2292 3291 2568 3369 maligne
2604 3312 2708 3354 me
2737 3303 2826 3368 185

296 3388 613 3452 fruebaris
658 3393 725 3450 et
771 3411 961 3470 prope
1010 3391 1277 3454 carebas.
1368 3390 1532 3466 Quid
1575 3410 1692 3468 ego
1738 3393 1802 3450 te
1849 3389 2109 3469 dignum
2157 3390 2362 3451 dicere
2403 3393 2703 3466 poteram,

296 3509 446 3550 cum
475 3488 639 3550 mihi
666 3490 881 3550 asinus
908 3489 986 3551 ad
1014 3488 1220 3568 lyram
1254 3489 1505 3550 assidue
1541 3489 1833 3549 adesset?
1914 3488 2199 3566 Denique
2226 3489 2283 3548 si
2306 3487 2458 3566 quid
2490 3488 2710 3549 damni

294 3588 556 3661 factum,
600 3587 665 3646 id
708 3587 951 3648 mutuis
991 3587 1196 3649 literis
1237 3585 1418 3648 facile
1460 3606 1588 3647 non
1632 3584 2177 3664 compensabimus
2216 3585 2419 3660 modo,
2465 3605 2708 3646 verum·

293 3687 496 3747 etiam
524 3685 974 3762 superabimus.

379 3784 480 3845 'ru
530 3783 717 3844 modo
772 3803 853 3843 ne
906 3783 1027 3844 tibi
1075 3783 1348 3844 defueris
1397 3787 1631 3859 caueto,
1684 3802 1922 3859 nosque
1969 3783 2058 3843 sic
2106 3783 2449 3862 desyderes,
2503 3803 2585 3845 ne
2631 3782 2707 3843 de
2737 3809 2828 3860 190

293 3881 659 3944 studiorum
701 3884 956 3941 tuorum
1000 3882 1402 3943 contentione
1451 3881 1787 3959 quicquam
1837 3882 2139 3943 remittas.
2228 3882 2542 3959 Equidem
2586 3901 2708 3942 me·

293 3980 465 4042 mini
511 3982 576 4040 te
623 3979 827 4040 dicere
874 3981 1152 4056 solitum,
1199 3980 1586 4058 simulatque
1627 4000 1741 4059 ego
1781 3999 1892 4041 vos
1935 3979 2343 4058 reliquissem,
2377 3982 2440 4041 te
2489 4000 2708 4041 omnes

292 4097 376 4138 ex
419 4078 637 4139 animo
676 4078 896 4140 literas
936 4078 1307 4140 deleturum.
1394 4080 1592 4157 Cupio
1632 4083 1715 4153 te,
1750 4079 1841 4139 mi
1867 4078 2128 4153 Thoma,
2161 4078 2265 4139 vel
2305 4098 2432 4139 vna
2475 4079 2596 4139 ista
2637 4078 2705 4138 in

296 4199 367 4238 re
408 4196 648 4238 vanum
690 4177 1009 4253 inueniri;
1064 4198 1264 4256 neque
1304 4181 1440 4239 tam
1481 4177 1812 4256 religiosus
1848 4177 2049 4238 videri
2085 4178 2263 4252 velis,
2305 4180 2377 4238 vt
2415 4178 2523 4238 hic
2566 4197 2706 4238 mea

292 4294 487 4338 causa
532 4275 793 4337 mentiri
847 4276 1093 4354 pudeat.
1183 4276 1376 4339 Omni
1429 4275 1731 4355 religione
1786 4281 1851 4336 te
1898 4275 2089 4349 soluo,
2144 4278 2208 4335 et
2256 4275 2312 4335 si
2367 4276 2530 4352 quod
2585 4274 2705 4336 erit
2736 4296 2825 4347 195

294 4373 617 4452 piaculum
671 4374 1043 4452 admissum,
1101 4376 1170 4436 in
1224 4379 1410 4454 caput
1467 4394 1682 4436 meum
1737 4394 1976 4436 reuoco.
2064 4373 2324 4453 Neglige
2387 4373 2704 4436 iniuriam.

365 4503 479 4552 ¹73.
511 4490 679 4539 armis
700 4492 779 4538 E:
813 4488 983 4552 copiis
1003 4491 1068 4540 Η.
1262 4490 1371 4551 187.
1410 4489 1618 4538 adesset
1640 4492 1688 4537 F
1707 4504 1720 4537 ε
1753 4488 1891 4538 esset
1908 4491 1969 4539 E.
2173 4503 2278 4551 19⁴·
2318 4487 2408 4535 hic
2432 4491 2546 4536 add.
2571 4490 2636 4534 H.

364 4708 474 4757 181.
506 4703 936 4771 praeceptorem]
958 4704 1074 4755 'l'he
1097 4721 1217 4756 new
1241 4709 1394 4756 tutor
1413 4721 1525 4756 was
1548 4706 1780 4770 perhaps
1803 4707 1965 4756 Peter
1984 4706 2244 4756 Viterius.
2317 4703 2397 4754 cf.
2427 4704 2524 4767 Ep.
2548 4704 2631 4751 ⁶6.
