<?xml version="1.0" encoding="UTF-8"?>
<!DOCTYPE html PUBLIC "-//W3C//DTD XHTML 1.0 Transitional//EN"
    "http://www.w3.org/TR/xhtml1/DTD/xhtml1-transitional.dtd">
<html xmlns="http://www.w3.org/1999/xhtml" xml:lang="en" lang="en">
 <head>
  <title>
</title>
<meta http-equiv="Content-Type" content="text/html;charset=utf-8" />
  <meta name='ocr-system' content='tesseract 3.04.00' />
  <meta name='ocr-capabilities' content='ocr_page ocr_carea ocr_par ocr_line ocrx_word'/>
</head>
<body>
  <div class='ocr_page' id='page_1' title='image "./opusepistolarum00flowgoog_0247.png"; bbox 0 0 3355 5380; ppageno 0'>
   <div class='ocr_carea' id='block_1_1' title="bbox 286 373 2679 459">
    <p class='ocr_par' dir='ltr' id='par_1_1' title="bbox 286 373 2679 459">
     <span class='ocr_line' id='line_1_1' title="bbox 286 373 2679 459; baseline 0 -21"><span class='ocrx_word' id='word_1_1' title='bbox 286 373 468 459; x_wconf 84' lang='lat'>1498]</span> <span class='ocrx_word' id='word_1_2' title='bbox 979 374 1087 437; x_wconf 82' lang='grc' dir='ltr'><strong>ΤΟ</strong></span> <span class='ocrx_word' id='word_1_3' title='bbox 1127 374 1528 438; x_wconf 83' lang='lat' dir='ltr'>WILLIAM</span> <span class='ocrx_word' id='word_1_4' title='bbox 1569 373 1946 438; x_wconf 80' lang='lat' dir='ltr'>HERMAN</span> <span class='ocrx_word' id='word_1_5' title='bbox 2561 382 2679 440; x_wconf 82' lang='lat'><strong>215</strong></span> 
     </span>
    </p>
   </div>
   <div class='ocr_carea' id='block_1_2' title="bbox 276 532 2776 1105">
    <p class='ocr_par' dir='ltr' id='par_1_2' title="bbox 276 532 2774 1003">
     <span class='ocr_line' id='line_1_2' title="bbox 280 532 2774 614; baseline -0.002 -17"><span class='ocrx_word' id='word_1_6' title='bbox 280 535 442 597; x_wconf 81' lang='lat' dir='ltr'><strong>mihi</strong></span> <span class='ocrx_word' id='word_1_7' title='bbox 470 533 725 614; x_wconf 90' lang='lat' dir='ltr'><strong>quidem</strong></span> <span class='ocrx_word' id='word_1_8' title='bbox 753 533 1005 611; x_wconf 75' lang='lat' dir='ltr'><strong>scripsit</strong></span> <span class='ocrx_word' id='word_1_9' title='bbox 1032 551 1351 610; x_wconf 81' lang='lat' dir='ltr'><strong>vnquam3</strong></span> <span class='ocrx_word' id='word_1_10' title='bbox 1393 533 1590 593; x_wconf 88' lang='lat' dir='ltr'><strong>miror</strong></span> <span class='ocrx_word' id='word_1_11' title='bbox 1617 532 1770 611; x_wconf 88' lang='lat' dir='ltr'><strong>quid</strong></span> <span class='ocrx_word' id='word_1_12' title='bbox 1790 533 1893 595; x_wconf 88' lang='lat' dir='ltr'><strong>sit.</strong></span> <span class='ocrx_word' id='word_1_13' title='bbox 1966 536 2134 595; x_wconf 91' lang='lat' dir='ltr'><strong>Amo</strong></span> <span class='ocrx_word' id='word_1_14' title='bbox 2156 535 2499 614; x_wconf 87' lang='lat' dir='ltr'><strong>hominem,</strong></span> <span class='ocrx_word' id='word_1_15' title='bbox 2527 537 2681 598; x_wconf 90' lang='lat' dir='ltr'><strong>dum</strong></span> <span class='ocrx_word' id='word_1_16' title='bbox 2709 542 2774 607; x_wconf 84' lang='lat'><strong>85</strong></span> 
     </span>
     <span class='ocr_line' id='line_1_3' title="bbox 276 630 2680 713; baseline -0.001 -16"><span class='ocrx_word' id='word_1_17' title='bbox 276 640 345 697; x_wconf 88' lang='lat' dir='ltr'><strong>te</strong></span> <span class='ocrx_word' id='word_1_18' title='bbox 396 635 582 695; x_wconf 88' lang='lat' dir='ltr'><strong>modo</strong></span> <span class='ocrx_word' id='word_1_19' title='bbox 639 635 846 708; x_wconf 77' lang='lat' dir='ltr'><strong>amet3</strong></span> <span class='ocrx_word' id='word_1_20' title='bbox 914 650 1064 692; x_wconf 90' lang='lat' dir='ltr'><strong>nam</strong></span> <span class='ocrx_word' id='word_1_21' title='bbox 1112 632 1192 692; x_wconf 89' lang='lat' dir='ltr'><strong>de</strong></span> <span class='ocrx_word' id='word_1_22' title='bbox 1242 650 1345 691; x_wconf 87' lang='lat' dir='ltr'><strong>me</strong></span> <span class='ocrx_word' id='word_1_23' title='bbox 1392 649 1523 691; x_wconf 88' lang='lat' dir='ltr'><strong>non</strong></span> <span class='ocrx_word' id='word_1_24' title='bbox 1572 630 1806 691; x_wconf 80' lang='lat' dir='ltr'><strong>laboro·</strong></span> <span class='ocrx_word' id='word_1_25' title='bbox 1893 632 2107 693; x_wconf 87' lang='lat' dir='ltr'><strong>Scribe</strong></span> <span class='ocrx_word' id='word_1_26' title='bbox 2162 632 2313 710; x_wconf 89' lang='lat' dir='ltr'><strong>quid</strong></span> <span class='ocrx_word' id='word_1_27' title='bbox 2358 635 2680 713; x_wconf 87' lang='lat' dir='ltr'><strong>acceperis,</strong></span> 
     </span>
     <span class='ocr_line' id='line_1_4' title="bbox 278 728 2686 811; baseline -0.001 -15"><span class='ocrx_word' id='word_1_28' title='bbox 278 754 430 796; x_wconf 89' lang='lat' dir='ltr'><strong>nam</strong></span> <span class='ocrx_word' id='word_1_29' title='bbox 466 730 826 811; x_wconf 88' lang='lat' dir='ltr'><strong>quindecim</strong></span> <span class='ocrx_word' id='word_1_30' title='bbox 862 732 1118 792; x_wconf 84' lang='lat' dir='ltr'><strong>tuorum</strong></span> <span class='ocrx_word' id='word_1_31' title='bbox 1154 729 1508 791; x_wconf 75' lang='lat' dir='ltr'><strong>carminum</strong></span> <span class='ocrx_word' id='word_1_32' title='bbox 1543 728 1871 790; x_wconf 82' lang='lat' dir='ltr'><strong>volumina</strong></span> <span class='ocrx_word' id='word_1_33' title='bbox 1913 730 2100 806; x_wconf 87' lang='lat' dir='ltr'><strong>misi;</strong></span> <span class='ocrx_word' id='word_1_34' title='bbox 2148 731 2479 809; x_wconf 87' lang='lat' dir='ltr'><strong>epistolam</strong></span> <span class='ocrx_word' id='word_1_35' title='bbox 2527 732 2686 793; x_wconf 88' lang='lat' dir='ltr'><strong>bene</strong></span> 
     </span>
     <span class='ocr_line' id='line_1_5' title="bbox 278 826 2687 910; baseline -0.002 -15"><span class='ocrx_word' id='word_1_36' title='bbox 278 834 552 910; x_wconf 75' lang='lat' dir='ltr'><strong>long-am,</strong></span> <span class='ocrx_word' id='word_1_37' title='bbox 583 848 775 909; x_wconf 83' lang='lat' dir='ltr'><strong>qnam</strong></span> <span class='ocrx_word' id='word_1_38' title='bbox 810 828 1042 907; x_wconf 83' lang='lat' dir='ltr'><strong>partim</strong></span> <span class='ocrx_word' id='word_1_39' title='bbox 1077 829 1225 888; x_wconf 88' lang='lat' dir='ltr'><strong>ante</strong></span> <span class='ocrx_word' id='word_1_40' title='bbox 1264 826 1574 903; x_wconf 86' lang='lat' dir='ltr'>morbum,</span> <span class='ocrx_word' id='word_1_41' title='bbox 1617 828 1851 904; x_wconf 87' lang='lat' dir='ltr'><strong>partim</strong></span> <span class='ocrx_word' id='word_1_42' title='bbox 1890 832 2218 905; x_wconf 87' lang='lat' dir='ltr'><strong>recreatus,</strong></span> <span class='ocrx_word' id='word_1_43' title='bbox 2266 830 2502 908; x_wconf 87' lang='lat' dir='ltr'><strong>scripsi.</strong></span> <span class='ocrx_word' id='word_1_44' title='bbox 2589 832 2687 893; x_wconf 90' lang='lat' dir='ltr'><strong>De</strong></span> 
     </span>
     <span class='ocr_line' id='line_1_6' title="bbox 277 924 1965 1003; baseline -0.004 -9"><span class='ocrx_word' id='word_1_45' title='bbox 277 931 564 994; x_wconf 74' lang='lat' dir='ltr'><strong>antistite</strong></span> <span class='ocrx_word' id='word_1_46' title='bbox 600 926 1030 991; x_wconf 77' lang='lat' dir='ltr'><strong>cameracensi</strong></span> <span class='ocrx_word' id='word_1_47' title='bbox 1066 925 1230 986; x_wconf 89' lang='lat' dir='ltr'><strong>nihil</strong></span> <span class='ocrx_word' id='word_1_48' title='bbox 1261 924 1510 1003; x_wconf 89' lang='lat' dir='ltr'><strong>accipio.</strong></span> <span class='ocrx_word' id='word_1_49' title='bbox 1598 926 1776 987; x_wconf 90' lang='lat' dir='ltr'><strong>Bene</strong></span> <span class='ocrx_word' id='word_1_50' title='bbox 1807 926 1965 987; x_wconf 82' lang='lat' dir='ltr'><strong>vale.</strong></span> 
     </span>
    </p>

    <p class='ocr_par' dir='ltr' id='par_1_3' title="bbox 365 1018 2776 1105">
     <span class='ocr_line' id='line_1_7' title="bbox 365 1018 2776 1105; baseline -0.005 -15"><span class='ocrx_word' id='word_1_51' title='bbox 365 1027 671 1091; x_wconf 74' lang='lat' dir='ltr'><strong>Luteciae.</strong></span> <span class='ocrx_word' id='word_1_52' title='bbox 762 1022 998 1105; x_wconf 88' lang='lat' dir='ltr'><strong>[Anno.</strong></span> <span class='ocrx_word' id='word_1_53' title='bbox 1044 1044 1111 1085; x_wconf 73' lang='grc' dir='ltr'><strong>ι.</strong></span> <span class='ocrx_word' id='word_1_54' title='bbox 1136 1043 1295 1085; x_wconf 84' lang='lat' dir='ltr'><strong>cccc.</strong></span> <span class='ocrx_word' id='word_1_55' title='bbox 1320 1018 1524 1103; x_wconf 82' lang='lat' dir='ltr'><strong>xcrx.]</strong></span> <span class='ocrx_word' id='word_1_56' title='bbox 2711 1041 2776 1092; x_wconf 87' lang='lat'><strong>90</strong></span> 
     </span>
    </p>
   </div>
   <div class='ocr_carea' id='block_1_3' title="bbox 952 1256 2013 1324">
    <p class='ocr_par' dir='ltr' id='par_1_4' title="bbox 952 1256 2013 1324">
     <span class='ocr_line' id='line_1_8' title="bbox 952 1256 2013 1324; baseline 0.001 -1"><span class='ocrx_word' id='word_1_57' title='bbox 952 1260 1054 1323; x_wconf 82' lang='lat'><strong>82.</strong></span> <span class='ocrx_word' id='word_1_58' title='bbox 1143 1256 1240 1322; x_wconf 88' lang='lat' dir='ltr'><strong>To</strong></span> <span class='ocrx_word' id='word_1_59' title='bbox 1286 1274 1332 1321; x_wconf 78' lang='lat' dir='ltr'>A</span> <span class='ocrx_word' id='word_1_60' title='bbox 1377 1256 1547 1322; x_wconf 72' lang='lat' dir='ltr'><strong>MAN</strong></span> <span class='ocrx_word' id='word_1_61' title='bbox 1589 1274 1675 1323; x_wconf 74' lang='lat' dir='ltr'><strong>or</strong></span> <span class='ocrx_word' id='word_1_62' title='bbox 1717 1256 2013 1324; x_wconf 67' lang='lat' dir='ltr'><strong>Lfimzcx.</strong></span> 
     </span>
    </p>
   </div>
   <div class='ocr_carea' id='block_1_4' title="bbox 356 1360 2611 1525">
    <p class='ocr_par' dir='ltr' id='par_1_5' title="bbox 356 1360 2611 1525">
     <span class='ocr_line' id='line_1_9' title="bbox 358 1360 2403 1438; baseline -0.003 -15"><span class='ocrx_word' id='word_1_63' title='bbox 358 1367 599 1438; x_wconf 79' lang='lat' dir='ltr'><strong>Farrago</strong></span> <span class='ocrx_word' id='word_1_64' title='bbox 624 1382 678 1436; x_wconf 86' lang='lat' dir='ltr'><strong>p.</strong></span> <span class='ocrx_word' id='word_1_65' title='bbox 708 1378 794 1432; x_wconf 92' lang='lat'><strong>73.</strong></span> <span class='ocrx_word' id='word_1_66' title='bbox 2231 1360 2403 1417; x_wconf 81' lang='lat' dir='ltr'><strong>Paris.</strong></span> 
     </span>
     <span class='ocr_line' id='line_1_10' title="bbox 356 1446 2611 1525; baseline -0.002 -17"><span class='ocrx_word' id='word_1_67' title='bbox 356 1454 418 1511; x_wconf 77' lang='lat' dir='ltr'><strong>F.</strong></span> <span class='ocrx_word' id='word_1_68' title='bbox 442 1473 499 1525; x_wconf 89' lang='lat' dir='ltr'><strong>p.</strong></span> <span class='ocrx_word' id='word_1_69' title='bbox 527 1467 662 1524; x_wconf 87' lang='lat'>237:</span> <span class='ocrx_word' id='word_1_70' title='bbox 699 1449 839 1505; x_wconf 83' lang='lat' dir='ltr'><strong>HN:</strong></span> <span class='ocrx_word' id='word_1_71' title='bbox 877 1449 1051 1505; x_wconf 86' lang='lat' dir='ltr'><strong>Lond.</strong></span> <span class='ocrx_word' id='word_1_72' title='bbox 1076 1448 1150 1504; x_wconf 84' lang='lat' dir='ltr'><strong>iv.</strong></span> <span class='ocrx_word' id='word_1_73' title='bbox 1179 1450 1275 1504; x_wconf 90' lang='lat'><strong>18:</strong></span> <span class='ocrx_word' id='word_1_74' title='bbox 1313 1447 1420 1504; x_wconf 88' lang='lat' dir='ltr'><strong>LB.</strong></span> <span class='ocrx_word' id='word_1_75' title='bbox 1453 1462 1533 1516; x_wconf 87' lang='lat'><strong>17.</strong></span> <span class='ocrx_word' id='word_1_76' title='bbox 2044 1447 2391 1519; x_wconf 85' lang='lat' dir='ltr'><strong>(December</strong></span> <span class='ocrx_word' id='word_1_77' title='bbox 2422 1446 2611 1521; x_wconf 84' lang='lat'><strong>1498.)</strong></span> 
     </span>
    </p>
   </div>
   <div class='ocr_carea' id='block_1_5' title="bbox 281 1586 2687 1855">
    <p class='ocr_par' dir='ltr' id='par_1_6' title="bbox 281 1586 2687 1855">
     <span class='ocr_line' id='line_1_11' title="bbox 353 1586 2687 1661; baseline -0.003 -16"><span class='ocrx_word' id='word_1_78' title='bbox 353 1596 559 1661; x_wconf 80' lang='lat' dir='ltr'><strong>[About</strong></span> <span class='ocrx_word' id='word_1_79' title='bbox 603 1608 636 1642; x_wconf 89' lang='lat' dir='ltr'><strong>a</strong></span> <span class='ocrx_word' id='word_1_80' title='bbox 679 1589 833 1655; x_wconf 87' lang='lat' dir='ltr'><strong>pupil</strong></span> <span class='ocrx_word' id='word_1_81' title='bbox 877 1588 1020 1637; x_wconf 83' lang='lat' dir='ltr'><strong>from</strong></span> <span class='ocrx_word' id='word_1_82' title='bbox 1067 1587 1295 1650; x_wconf 51' lang='lat' dir='ltr'><strong>Lfibeclg</strong></span> <span class='ocrx_word' id='word_1_83' title='bbox 1339 1588 1520 1636; x_wconf 81' lang='lat' dir='ltr'><strong>whom</strong></span> <span class='ocrx_word' id='word_1_84' title='bbox 1576 1586 1770 1649; x_wconf 79' lang='lat' dir='ltr'><strong>Henry</strong></span> <span class='ocrx_word' id='word_1_85' title='bbox 1813 1586 1862 1635; x_wconf 83' lang='lat' dir='ltr'>N</span> <span class='ocrx_word' id='word_1_86' title='bbox 1865 1587 2067 1636; x_wconf 77' lang='lat' dir='ltr'><strong>orthoff</strong></span> <span class='ocrx_word' id='word_1_87' title='bbox 2107 1587 2218 1636; x_wconf 81' lang='lat' dir='ltr'><strong>had</strong></span> <span class='ocrx_word' id='word_1_88' title='bbox 2263 1587 2585 1637; x_wconf 83' lang='lat' dir='ltr'><strong>introduced</strong></span> <span class='ocrx_word' id='word_1_89' title='bbox 2629 1590 2687 1638; x_wconf 86' lang='lat' dir='ltr'><strong>to</strong></span> 
     </span>
     <span class='ocr_line' id='line_1_12' title="bbox 281 1651 2684 1717; baseline -0.003 -7"><span class='ocrx_word' id='word_1_90' title='bbox 281 1660 557 1710; x_wconf 76' lang='lat' dir='ltr'><strong>Erasmus.</strong></span> <span class='ocrx_word' id='word_1_91' title='bbox 623 1657 738 1707; x_wconf 76' lang='lat' dir='ltr'><strong>&#39;rho</strong></span> <span class='ocrx_word' id='word_1_92' title='bbox 761 1655 1035 1704; x_wconf 74' lang='lat' dir='ltr'><strong>reference</strong></span> <span class='ocrx_word' id='word_1_93' title='bbox 1055 1655 1113 1702; x_wconf 88' lang='lat' dir='ltr'><strong>to</strong></span> <span class='ocrx_word' id='word_1_94' title='bbox 1134 1654 1229 1702; x_wconf 85' lang='lat' dir='ltr'><strong>the</strong></span> <span class='ocrx_word' id='word_1_95' title='bbox 1252 1653 1430 1715; x_wconf 80' lang='lat' dir='ltr'><strong>books,</strong></span> <span class='ocrx_word' id='word_1_96' title='bbox 1458 1651 1493 1702; x_wconf 93' lang='lat' dir='ltr'><strong>l.</strong></span> <span class='ocrx_word' id='word_1_97' title='bbox 1525 1668 1601 1714; x_wconf 81' lang='grc' dir='ltr'><strong>ιο,</strong></span> <span class='ocrx_word' id='word_1_98' title='bbox 1627 1653 1879 1701; x_wconf 88' lang='lat' dir='ltr'><strong>connects</strong></span> <span class='ocrx_word' id='word_1_99' title='bbox 1899 1653 2015 1701; x_wconf 85' lang='lat' dir='ltr'><strong>this</strong></span> <span class='ocrx_word' id='word_1_100' title='bbox 2036 1651 2197 1702; x_wconf 74' lang='lat' dir='ltr'><strong>letter</strong></span> <span class='ocrx_word' id='word_1_101' title='bbox 2214 1653 2352 1702; x_wconf 80' lang='lat' dir='ltr'><strong>with</strong></span> <span class='ocrx_word' id='word_1_102' title='bbox 2376 1654 2471 1716; x_wconf 85' lang='lat' dir='ltr'><strong>Ep.</strong></span> <span class='ocrx_word' id='word_1_103' title='bbox 2493 1654 2576 1705; x_wconf 86' lang='lat'><strong>80.</strong></span> <span class='ocrx_word' id='word_1_104' title='bbox 2607 1668 2684 1717; x_wconf 76' lang='lat'><strong>15,</strong></span> 
     </span>
     <span class='ocr_line' id='line_1_13' title="bbox 283 1717 2687 1790; baseline -0.002 -14"><span class='ocrx_word' id='word_1_105' title='bbox 283 1726 397 1776; x_wconf 84' lang='lat' dir='ltr'><strong>and</strong></span> <span class='ocrx_word' id='word_1_106' title='bbox 433 1726 611 1790; x_wconf 82' lang='lat' dir='ltr'><strong>places</strong></span> <span class='ocrx_word' id='word_1_107' title='bbox 649 1723 695 1772; x_wconf 86' lang='lat' dir='ltr'><strong>it</strong></span> <span class='ocrx_word' id='word_1_108' title='bbox 730 1720 999 1771; x_wconf 77' lang='lat' dir='ltr'><strong>therefore</strong></span> <span class='ocrx_word' id='word_1_109' title='bbox 1035 1718 1177 1768; x_wconf 75' lang='lat' dir='ltr'><strong>after</strong></span> <span class='ocrx_word' id='word_1_110' title='bbox 1217 1718 1311 1768; x_wconf 86' lang='lat' dir='ltr'><strong>the</strong></span> <span class='ocrx_word' id='word_1_111' title='bbox 1339 1718 1471 1769; x_wconf 82' lang='lat' dir='ltr'><strong>visit</strong></span> <span class='ocrx_word' id='word_1_112' title='bbox 1504 1721 1562 1769; x_wconf 86' lang='lat' dir='ltr'><strong>to</strong></span> <span class='ocrx_word' id='word_1_113' title='bbox 1594 1717 1839 1768; x_wconf 82' lang='lat' dir='ltr'><strong>Holland</strong></span> <span class='ocrx_word' id='word_1_114' title='bbox 1882 1719 1945 1767; x_wconf 91' lang='lat' dir='ltr'><strong>in</strong></span> <span class='ocrx_word' id='word_1_115' title='bbox 1983 1720 2126 1782; x_wconf 78' lang='lat'><strong>1498.</strong></span> <span class='ocrx_word' id='word_1_116' title='bbox 2195 1718 2252 1768; x_wconf 89' lang='lat' dir='ltr'><strong>It</strong></span> <span class='ocrx_word' id='word_1_117' title='bbox 2291 1721 2339 1768; x_wconf 83' lang='lat' dir='ltr'><strong>is</strong></span> <span class='ocrx_word' id='word_1_118' title='bbox 2377 1719 2516 1769; x_wconf 83' lang='lat' dir='ltr'><strong>later</strong></span> <span class='ocrx_word' id='word_1_119' title='bbox 2547 1720 2687 1770; x_wconf 82' lang='lat' dir='ltr'><strong>than</strong></span> 
     </span>
     <span class='ocr_line' id='line_1_14' title="bbox 284 1783 1453 1855; baseline -0.008 -13"><span class='ocrx_word' id='word_1_120' title='bbox 284 1792 381 1855; x_wconf 82' lang='lat' dir='ltr'><strong>Ep.</strong></span> <span class='ocrx_word' id='word_1_121' title='bbox 406 1793 487 1855; x_wconf 82' lang='lat'><strong>81,</strong></span> <span class='ocrx_word' id='word_1_122' title='bbox 511 1792 736 1841; x_wconf 81' lang='lat' dir='ltr'><strong>because</strong></span> <span class='ocrx_word' id='word_1_123' title='bbox 760 1788 856 1836; x_wconf 86' lang='lat' dir='ltr'><strong>the</strong></span> <span class='ocrx_word' id='word_1_124' title='bbox 877 1786 981 1848; x_wconf 79' lang='lat' dir='ltr'><strong>boy</strong></span> <span class='ocrx_word' id='word_1_125' title='bbox 1006 1785 1104 1835; x_wconf 87' lang='lat' dir='ltr'><strong>has</strong></span> <span class='ocrx_word' id='word_1_126' title='bbox 1124 1783 1453 1849; x_wconf 81' lang='lat' dir='ltr'><strong>recovered.]</strong></span> 
     </span>
    </p>
   </div>
   <div class='ocr_carea' id='block_1_6' title="bbox 850 1941 2109 1992">
    <p class='ocr_par' dir='ltr' id='par_1_7' title="bbox 850 1941 2109 1992">
     <span class='ocr_line' id='line_1_15' title="bbox 850 1941 2109 1992; baseline 0.002 -3"><span class='ocrx_word' id='word_1_127' title='bbox 850 1942 1161 1992; x_wconf 72' lang='lat' dir='ltr'>BRASMVS</span> <span class='ocrx_word' id='word_1_128' title='bbox 1206 1941 1479 1990; x_wconf 69' lang='lat' dir='ltr'>OVIDAM</span> <span class='ocrx_word' id='word_1_129' title='bbox 1522 1941 1900 1991; x_wconf 74' lang='lat' dir='ltr'>LVBEOENSI</span> <span class='ocrx_word' id='word_1_130' title='bbox 1945 1943 1998 1991; x_wconf 81' lang='grc' dir='ltr'><strong>Β.</strong></span> <span class='ocrx_word' id='word_1_131' title='bbox 2041 1943 2109 1992; x_wconf 85' lang='grc' dir='ltr'><strong>Ῑ).</strong></span> 
     </span>
    </p>
   </div>
   <div class='ocr_carea' id='block_1_7' title="bbox 279 2063 2787 4408">
    <p class='ocr_par' dir='ltr' id='par_1_8' title="bbox 279 2063 2787 4408">
     <span class='ocr_line' id='line_1_16' title="bbox 368 2063 2691 2143; baseline -0.001 -14"><span class='ocrx_word' id='word_1_132' title='bbox 368 2068 597 2143; x_wconf 61' lang='lat' dir='ltr'><strong>Sava,</strong></span> <span class='ocrx_word' id='word_1_133' title='bbox 640 2066 740 2126; x_wconf 79' lang='lat' dir='ltr'><strong>vir</strong></span> <span class='ocrx_word' id='word_1_134' title='bbox 791 2064 1213 2143; x_wconf 86' lang='lat' dir='ltr'><strong>integerrime.</strong></span> <span class='ocrx_word' id='word_1_135' title='bbox 1335 2063 1536 2125; x_wconf 79' lang='lat' dir='ltr'><strong>Filius</strong></span> <span class='ocrx_word' id='word_1_136' title='bbox 1587 2067 1740 2125; x_wconf 89' lang='lat' dir='ltr'><strong>tuus</strong></span> <span class='ocrx_word' id='word_1_137' title='bbox 1794 2064 1958 2142; x_wconf 89' lang='lat' dir='ltr'><strong>apud</strong></span> <span class='ocrx_word' id='word_1_138' title='bbox 2016 2084 2119 2126; x_wconf 91' lang='lat' dir='ltr'><strong>me</strong></span> <span class='ocrx_word' id='word_1_139' title='bbox 2172 2065 2336 2127; x_wconf 82' lang='lat' dir='ltr'><strong>viuit</strong></span> <span class='ocrx_word' id='word_1_140' title='bbox 2377 2067 2442 2127; x_wconf 90' lang='lat' dir='ltr'><strong>et</strong></span> <span class='ocrx_word' id='word_1_141' title='bbox 2496 2086 2534 2127; x_wconf 89' lang='lat' dir='ltr'><strong>a</strong></span> <span class='ocrx_word' id='word_1_142' title='bbox 2587 2085 2691 2126; x_wconf 89' lang='lat' dir='ltr'><strong>me</strong></span> 
     </span>
     <span class='ocr_line' id='line_1_17' title="bbox 283 2162 2692 2243; baseline -0.001 -16"><span class='ocrx_word' id='word_1_143' title='bbox 283 2166 560 2242; x_wconf 87' lang='lat' dir='ltr'><strong>docetur,</strong></span> <span class='ocrx_word' id='word_1_144' title='bbox 598 2165 679 2225; x_wconf 88' lang='lat' dir='ltr'><strong>iis</strong></span> <span class='ocrx_word' id='word_1_145' title='bbox 713 2163 969 2242; x_wconf 86' lang='lat' dir='ltr'><strong>quidem</strong></span> <span class='ocrx_word' id='word_1_146' title='bbox 1006 2162 1468 2223; x_wconf 83' lang='lat' dir='ltr'><strong>conditionibus</strong></span> <span class='ocrx_word' id='word_1_147' title='bbox 1509 2182 1664 2240; x_wconf 87' lang='lat' dir='ltr'><strong>quas</strong></span> <span class='ocrx_word' id='word_1_148' title='bbox 1702 2163 1780 2223; x_wconf 91' lang='lat' dir='ltr'><strong>ab</strong></span> <span class='ocrx_word' id='word_1_149' title='bbox 1818 2163 2096 2224; x_wconf 87' lang='lat' dir='ltr'><strong>Henrico</strong></span> <span class='ocrx_word' id='word_1_150' title='bbox 2129 2163 2352 2243; x_wconf 83' lang='lat' dir='ltr'><strong>accepi,</strong></span> <span class='ocrx_word' id='word_1_151' title='bbox 2387 2164 2496 2243; x_wconf 89' lang='lat' dir='ltr'><strong>qui</strong></span> <span class='ocrx_word' id='word_1_152' title='bbox 2529 2163 2692 2225; x_wconf 87' lang='lat' dir='ltr'><strong>mihi</strong></span> 
     </span>
     <span class='ocr_line' id='line_1_18' title="bbox 283 2260 2694 2342; baseline 0.001 -19"><span class='ocrx_word' id='word_1_153' title='bbox 283 2263 547 2325; x_wconf 86' lang='lat' dir='ltr'><strong>nomine</strong></span> <span class='ocrx_word' id='word_1_154' title='bbox 579 2264 688 2323; x_wconf 92' lang='lat' dir='ltr'><strong>tuo</strong></span> <span class='ocrx_word' id='word_1_155' title='bbox 722 2260 985 2339; x_wconf 83' lang='lat' dir='ltr'><strong>triginta</strong></span> <span class='ocrx_word' id='word_1_156' title='bbox 1023 2260 1180 2321; x_wconf 89' lang='lat' dir='ltr'><strong>duos</strong></span> <span class='ocrx_word' id='word_1_157' title='bbox 1212 2263 1537 2321; x_wconf 89' lang='lat' dir='ltr'><strong>coronatos</strong></span> <span class='ocrx_word' id='word_1_158' title='bbox 1570 2262 1634 2321; x_wconf 87' lang='lat' dir='ltr'><strong>et</strong></span> <span class='ocrx_word' id='word_1_159' title='bbox 1660 2264 1900 2322; x_wconf 84' lang='lat' dir='ltr'><strong>vestem</strong></span> <span class='ocrx_word' id='word_1_160' title='bbox 1928 2263 2233 2339; x_wconf 83' lang='lat' dir='ltr'><strong>promisit.</strong></span> <span class='ocrx_word' id='word_1_161' title='bbox 2319 2263 2694 2342; x_wconf 83' lang='lat' dir='ltr'><strong>Aegrotauit</strong></span> 
     </span>
     <span class='ocr_line' id='line_1_19' title="bbox 280 2358 2690 2440; baseline 0.001 -18"><span class='ocrx_word' id='word_1_162' title='bbox 280 2361 569 2438; x_wconf 83' lang='lat' dir='ltr'><strong>grauiter</strong></span> <span class='ocrx_word' id='word_1_163' title='bbox 624 2379 840 2438; x_wconf 88' lang='lat' dir='ltr'><strong>nuper,</strong></span> <span class='ocrx_word' id='word_1_164' title='bbox 890 2358 998 2419; x_wconf 87' lang='lat' dir='ltr'><strong>sed</strong></span> <span class='ocrx_word' id='word_1_165' title='bbox 1055 2358 1376 2419; x_wconf 79' lang='lat' dir='ltr'><strong>conualuit</strong></span> <span class='ocrx_word' id='word_1_166' title='bbox 1423 2358 1538 2420; x_wconf 89' lang='lat' dir='ltr'><strong>Dei</strong></span> <span class='ocrx_word' id='word_1_167' title='bbox 1587 2358 1889 2420; x_wconf 87' lang='lat' dir='ltr'><strong>beneficio</strong></span> <span class='ocrx_word' id='word_1_168' title='bbox 1942 2363 2007 2420; x_wconf 92' lang='lat' dir='ltr'><strong>et</strong></span> <span class='ocrx_word' id='word_1_169' title='bbox 2053 2360 2437 2421; x_wconf 87' lang='lat' dir='ltr'><strong>medicorum</strong></span> <span class='ocrx_word' id='word_1_170' title='bbox 2485 2381 2690 2440; x_wconf 79' lang='lat' dir='ltr'><strong>opera.</strong></span> 
     </span>
     <span class='ocr_line' id='line_1_20' title="bbox 285 2456 2748 2538; baseline 0.001 -19"><span class='ocrx_word' id='word_1_171' title='bbox 285 2458 441 2519; x_wconf 84' lang='lat' dir='ltr'><strong>Fuit</strong></span> <span class='ocrx_word' id='word_1_172' title='bbox 475 2460 545 2519; x_wconf 90' lang='lat' dir='ltr'><strong>in</strong></span> <span class='ocrx_word' id='word_1_173' title='bbox 577 2458 780 2518; x_wconf 88' lang='lat' dir='ltr'><strong>tutela</strong></span> <span class='ocrx_word' id='word_1_174' title='bbox 813 2476 951 2518; x_wconf 85' lang='lat' dir='ltr'><strong>mea</strong></span> <span class='ocrx_word' id='word_1_175' title='bbox 983 2456 1441 2534; x_wconf 78' lang='lat' dir='ltr'><strong>complusculos</strong></span> <span class='ocrx_word' id='word_1_176' title='bbox 1477 2477 1743 2531; x_wconf 88' lang='lat' dir='ltr'><strong>menses,</strong></span> <span class='ocrx_word' id='word_1_177' title='bbox 1778 2458 2006 2535; x_wconf 90' lang='lat' dir='ltr'><strong>quibus</strong></span> <span class='ocrx_word' id='word_1_178' title='bbox 2033 2458 2092 2519; x_wconf 87' lang='lat' dir='ltr'><strong>ei</strong></span> <span class='ocrx_word' id='word_1_179' title='bbox 2121 2459 2349 2536; x_wconf 86' lang='lat' dir='ltr'><strong>quibus</strong></span> <span class='ocrx_word' id='word_1_180' title='bbox 2374 2463 2507 2520; x_wconf 89' lang='lat' dir='ltr'><strong>erat</strong></span> <span class='ocrx_word' id='word_1_181' title='bbox 2534 2479 2693 2538; x_wconf 90' lang='lat' dir='ltr'><strong>opus</strong></span> <span class='ocrx_word' id='word_1_182' title='bbox 2717 2478 2748 2529; x_wconf 84' lang='lat'>5</span> 
     </span>
     <span class='ocr_line' id='line_1_21' title="bbox 281 2553 2693 2634; baseline 0.001 -17"><span class='ocrx_word' id='word_1_183' title='bbox 281 2555 705 2634; x_wconf 85' lang='lat' dir='ltr'><strong>suppeditaui.</strong></span> <span class='ocrx_word' id='word_1_184' title='bbox 809 2555 1022 2615; x_wconf 81' lang='lat' dir='ltr'><strong>Mense</strong></span> <span class='ocrx_word' id='word_1_185' title='bbox 1069 2553 1326 2616; x_wconf 89' lang='lat' dir='ltr'><strong>Octobri</strong></span> <span class='ocrx_word' id='word_1_186' title='bbox 1365 2575 1632 2633; x_wconf 89' lang='lat' dir='ltr'><strong>puerum</strong></span> <span class='ocrx_word' id='word_1_187' title='bbox 1673 2556 1740 2616; x_wconf 92' lang='lat' dir='ltr'><strong>in</strong></span> <span class='ocrx_word' id='word_1_188' title='bbox 1782 2556 2086 2617; x_wconf 85' lang='lat' dir='ltr'><strong>familiam</strong></span> <span class='ocrx_word' id='word_1_189' title='bbox 2136 2577 2344 2618; x_wconf 91' lang='lat' dir='ltr'><strong>meam</strong></span> <span class='ocrx_word' id='word_1_190' title='bbox 2392 2558 2693 2633; x_wconf 78' lang='lat' dir='ltr'><strong>adiunxi3</strong></span> 
     </span>
     <span class='ocr_line' id='line_1_22' title="bbox 279 2653 2695 2735; baseline 0.002 -20"><span class='ocrx_word' id='word_1_191' title='bbox 279 2657 549 2716; x_wconf 89' lang='lat' dir='ltr'><strong>curatur</strong></span> <span class='ocrx_word' id='word_1_192' title='bbox 574 2673 612 2715; x_wconf 89' lang='lat' dir='ltr'><strong>a</strong></span> <span class='ocrx_word' id='word_1_193' title='bbox 637 2674 740 2715; x_wconf 89' lang='lat' dir='ltr'><strong>me</strong></span> <span class='ocrx_word' id='word_1_194' title='bbox 769 2673 898 2715; x_wconf 91' lang='lat' dir='ltr'><strong>non</strong></span> <span class='ocrx_word' id='word_1_195' title='bbox 925 2656 997 2714; x_wconf 85' lang='lat' dir='ltr'><strong>vt</strong></span> <span class='ocrx_word' id='word_1_196' title='bbox 1022 2653 1280 2730; x_wconf 75' lang='lat' dir='ltr'><strong>alienuS,</strong></span> <span class='ocrx_word' id='word_1_197' title='bbox 1314 2654 1419 2715; x_wconf 87' lang='lat' dir='ltr'><strong>sed</strong></span> <span class='ocrx_word' id='word_1_198' title='bbox 1448 2655 1518 2716; x_wconf 84' lang='lat' dir='ltr'><strong>vt</strong></span> <span class='ocrx_word' id='word_1_199' title='bbox 1546 2674 1619 2715; x_wconf 89' lang='lat' dir='ltr'><strong>ex</strong></span> <span class='ocrx_word' id='word_1_200' title='bbox 1648 2674 1753 2716; x_wconf 90' lang='lat' dir='ltr'><strong>me</strong></span> <span class='ocrx_word' id='word_1_201' title='bbox 1781 2658 1986 2716; x_wconf 88' lang='lat' dir='ltr'><strong>natus.</strong></span> <span class='ocrx_word' id='word_1_202' title='bbox 2072 2655 2338 2735; x_wconf 83' lang='lat' dir='ltr'><strong>Ingenio</strong></span> <span class='ocrx_word' id='word_1_203' title='bbox 2373 2657 2695 2735; x_wconf 87' lang='lat' dir='ltr'><strong>praeditus</strong></span> 
     </span>
     <span class='ocr_line' id='line_1_23' title="bbox 282 2754 2688 2832; baseline 0.001 -16"><span class='ocrx_word' id='word_1_204' title='bbox 282 2758 386 2816; x_wconf 87' lang='lat' dir='ltr'><strong>est</strong></span> <span class='ocrx_word' id='word_1_205' title='bbox 434 2754 782 2832; x_wconf 77' lang='lat' dir='ltr'><strong>singulari3</strong></span> <span class='ocrx_word' id='word_1_206' title='bbox 829 2773 1035 2815; x_wconf 87' lang='lat' dir='ltr'><strong>mores</strong></span> <span class='ocrx_word' id='word_1_207' title='bbox 1081 2773 1194 2830; x_wconf 89' lang='lat' dir='ltr'><strong>pro</strong></span> <span class='ocrx_word' id='word_1_208' title='bbox 1240 2773 1313 2813; x_wconf 87' lang='lat' dir='ltr'><strong>ea</strong></span> <span class='ocrx_word' id='word_1_209' title='bbox 1360 2755 1565 2815; x_wconf 86' lang='lat' dir='ltr'><strong>aetate</strong></span> <span class='ocrx_word' id='word_1_210' title='bbox 1610 2754 1969 2816; x_wconf 78' lang='lat' dir='ltr'><strong>tractabiles</strong></span> <span class='ocrx_word' id='word_1_211' title='bbox 2014 2759 2166 2816; x_wconf 88' lang='lat' dir='ltr'><strong>sunt</strong></span> <span class='ocrx_word' id='word_1_212' title='bbox 2210 2759 2273 2816; x_wconf 89' lang='lat' dir='ltr'><strong>et</strong></span> <span class='ocrx_word' id='word_1_213' title='bbox 2314 2756 2688 2818; x_wconf 88' lang='lat' dir='ltr'><strong>tolerabiles.</strong></span> 
     </span>
     <span class='ocr_line' id='line_1_24' title="bbox 281 2850 2693 2931; baseline -0.001 -15"><span class='ocrx_word' id='word_1_214' title='bbox 281 2853 472 2916; x_wconf 85' lang='lat' dir='ltr'><strong>Dabo</strong></span> <span class='ocrx_word' id='word_1_215' title='bbox 512 2873 787 2931; x_wconf 87' lang='lat' dir='ltr'><strong>operam,</strong></span> <span class='ocrx_word' id='word_1_216' title='bbox 827 2855 1133 2931; x_wconf 89' lang='lat' dir='ltr'><strong>quantum</strong></span> <span class='ocrx_word' id='word_1_217' title='bbox 1174 2852 1427 2929; x_wconf 86' lang='lat' dir='ltr'><strong>quidem</strong></span> <span class='ocrx_word' id='word_1_218' title='bbox 1470 2850 1539 2912; x_wconf 89' lang='lat' dir='ltr'><strong>in</strong></span> <span class='ocrx_word' id='word_1_219' title='bbox 1580 2872 1682 2913; x_wconf 90' lang='lat' dir='ltr'><strong>me</strong></span> <span class='ocrx_word' id='word_1_220' title='bbox 1722 2853 1862 2929; x_wconf 89' lang='lat' dir='ltr'><strong>erit,</strong></span> <span class='ocrx_word' id='word_1_221' title='bbox 1901 2856 1973 2913; x_wconf 82' lang='lat' dir='ltr'><strong>vt</strong></span> <span class='ocrx_word' id='word_1_222' title='bbox 2013 2852 2133 2913; x_wconf 89' lang='lat' dir='ltr'><strong>tibi</strong></span> <span class='ocrx_word' id='word_1_223' title='bbox 2171 2873 2318 2914; x_wconf 92' lang='lat' dir='ltr'><strong>eum</strong></span> <span class='ocrx_word' id='word_1_224' title='bbox 2358 2853 2693 2914; x_wconf 85' lang='lat' dir='ltr'><strong>restituam</strong></span> 
     </span>
     <span class='ocr_line' id='line_1_25' title="bbox 279 2950 2784 3031; baseline -0.003 -17"><span class='ocrx_word' id='word_1_225' title='bbox 279 2957 356 3015; x_wconf 93' lang='lat' dir='ltr'><strong>et</strong></span> <span class='ocrx_word' id='word_1_226' title='bbox 381 2972 488 3012; x_wconf 92' lang='lat' dir='ltr'><strong>me</strong></span> <span class='ocrx_word' id='word_1_227' title='bbox 512 2955 909 3031; x_wconf 86' lang='lat' dir='ltr'><strong>praeceptore</strong></span> <span class='ocrx_word' id='word_1_228' title='bbox 935 2953 999 3011; x_wconf 87' lang='lat' dir='ltr'><strong>et</strong></span> <span class='ocrx_word' id='word_1_229' title='bbox 1023 2953 1087 3011; x_wconf 89' lang='lat' dir='ltr'><strong>te</strong></span> <span class='ocrx_word' id='word_1_230' title='bbox 1106 2952 1286 3028; x_wconf 88' lang='lat' dir='ltr'><strong>patre</strong></span> <span class='ocrx_word' id='word_1_231' title='bbox 1303 2950 1582 3028; x_wconf 84' lang='lat' dir='ltr'><strong>dignum.</strong></span> <span class='ocrx_word' id='word_1_232' title='bbox 1663 2950 1889 3011; x_wconf 87' lang='lat' dir='ltr'><strong>Libros</strong></span> <span class='ocrx_word' id='word_1_233' title='bbox 1906 2951 2040 3011; x_wconf 88' lang='lat' dir='ltr'><strong>eius</strong></span> <span class='ocrx_word' id='word_1_234' title='bbox 2062 2951 2349 3011; x_wconf 91' lang='lat' dir='ltr'><strong>nondum</strong></span> <span class='ocrx_word' id='word_1_235' title='bbox 2366 2952 2445 3012; x_wconf 89' lang='lat' dir='ltr'><strong>ad</strong></span> <span class='ocrx_word' id='word_1_236' title='bbox 2465 2970 2694 3013; x_wconf 90' lang='lat' dir='ltr'><strong>manus</strong></span> <span class='ocrx_word' id='word_1_237' title='bbox 2725 2969 2784 3007; x_wconf 84' lang='grc' dir='ltr'><strong>ιο</strong></span> 
     </span>
     <span class='ocr_line' id='line_1_26' title="bbox 283 3048 2694 3130; baseline -0.002 -17"><span class='ocrx_word' id='word_1_238' title='bbox 283 3071 467 3114; x_wconf 85' lang='lat' dir='ltr'><strong>meas</strong></span> <span class='ocrx_word' id='word_1_239' title='bbox 511 3051 776 3130; x_wconf 85' lang='lat' dir='ltr'><strong>perferri</strong></span> <span class='ocrx_word' id='word_1_240' title='bbox 821 3048 1035 3110; x_wconf 85' lang='lat' dir='ltr'><strong>miror.</strong></span> <span class='ocrx_word' id='word_1_241' title='bbox 1120 3048 1600 3127; x_wconf 82' lang='lat' dir='ltr'><strong>Antuerpiensis</strong></span> <span class='ocrx_word' id='word_1_242' title='bbox 1651 3048 1758 3109; x_wconf 92' lang='lat' dir='ltr'><strong>ille</strong></span> <span class='ocrx_word' id='word_1_243' title='bbox 1812 3052 2120 3110; x_wconf 89' lang='lat' dir='ltr'><strong>mercator</strong></span> <span class='ocrx_word' id='word_1_244' title='bbox 2174 3048 2423 3127; x_wconf 85' lang='lat' dir='ltr'><strong>scripsit</strong></span> <span class='ocrx_word' id='word_1_245' title='bbox 2469 3069 2534 3110; x_wconf 88' lang='lat' dir='ltr'><strong>se</strong></span> <span class='ocrx_word' id='word_1_246' title='bbox 2581 3071 2694 3129; x_wconf 90' lang='lat' dir='ltr'><strong>per</strong></span> 
     </span>
     <span class='ocr_line' id='line_1_27' title="bbox 284 3146 2693 3230; baseline -0.001 -19"><span class='ocrx_word' id='word_1_247' title='bbox 284 3149 613 3230; x_wconf 87' lang='lat' dir='ltr'><strong>quendam</strong></span> <span class='ocrx_word' id='word_1_248' title='bbox 655 3150 1061 3209; x_wconf 87' lang='lat' dir='ltr'><strong>mercatorem</strong></span> <span class='ocrx_word' id='word_1_249' title='bbox 1110 3146 1534 3207; x_wconf 88' lang='lat' dir='ltr'><strong>Parisiensem</strong></span> <span class='ocrx_word' id='word_1_250' title='bbox 1580 3148 2019 3224; x_wconf 88' lang='lat' dir='ltr'><strong>transmisisse,</strong></span> <span class='ocrx_word' id='word_1_251' title='bbox 2067 3151 2131 3208; x_wconf 89' lang='lat' dir='ltr'><strong>et</strong></span> <span class='ocrx_word' id='word_1_252' title='bbox 2177 3166 2324 3208; x_wconf 89' lang='lat' dir='ltr'><strong>eum</strong></span> <span class='ocrx_word' id='word_1_253' title='bbox 2370 3147 2693 3223; x_wconf 81' lang='lat' dir='ltr'><strong>nominat3</strong></span> 
     </span>
     <span class='ocr_line' id='line_1_28' title="bbox 286 3244 2695 3321; baseline -0.001 -11"><span class='ocrx_word' id='word_1_254' title='bbox 286 3268 517 3311; x_wconf 82' lang='lat' dir='ltr'><strong>verum</strong></span> <span class='ocrx_word' id='word_1_255' title='bbox 572 3247 628 3308; x_wconf 90' lang='lat' dir='ltr'><strong>is</strong></span> <span class='ocrx_word' id='word_1_256' title='bbox 682 3247 1039 3307; x_wconf 84' lang='lat' dir='ltr'><strong>constanter</strong></span> <span class='ocrx_word' id='word_1_257' title='bbox 1092 3247 1298 3321; x_wconf 84' lang='lat' dir='ltr'><strong>negat.</strong></span> <span class='ocrx_word' id='word_1_258' title='bbox 1386 3244 1694 3306; x_wconf 85' lang='lat' dir='ltr'><strong>Pecunias</strong></span> <span class='ocrx_word' id='word_1_259' title='bbox 1749 3245 1952 3306; x_wconf 89' lang='lat' dir='ltr'><strong>adhuc</strong></span> <span class='ocrx_word' id='word_1_260' title='bbox 2000 3245 2210 3307; x_wconf 88' lang='lat' dir='ltr'><strong>nullas</strong></span> <span class='ocrx_word' id='word_1_261' title='bbox 2257 3245 2391 3306; x_wconf 87' lang='lat' dir='ltr'><strong>eius</strong></span> <span class='ocrx_word' id='word_1_262' title='bbox 2437 3246 2695 3307; x_wconf 89' lang='lat' dir='ltr'><strong>nomine</strong></span> 
     </span>
     <span class='ocr_line' id='line_1_29' title="bbox 283 3342 2695 3423; baseline -0.001 -15"><span class='ocrx_word' id='word_1_263' title='bbox 283 3345 522 3422; x_wconf 84' lang='lat' dir='ltr'><strong>accepi.</strong></span> <span class='ocrx_word' id='word_1_264' title='bbox 637 3345 1051 3423; x_wconf 80' lang='lat' dir='ltr'><strong>Augustinus,</strong></span> <span class='ocrx_word' id='word_1_265' title='bbox 1097 3343 1216 3404; x_wconf 90' lang='lat' dir='ltr'><strong>sub</strong></span> <span class='ocrx_word' id='word_1_266' title='bbox 1273 3342 1451 3403; x_wconf 87' lang='lat' dir='ltr'><strong>cuius</strong></span> <span class='ocrx_word' id='word_1_267' title='bbox 1504 3342 1703 3403; x_wconf 90' lang='lat' dir='ltr'><strong>tutela</strong></span> <span class='ocrx_word' id='word_1_268' title='bbox 1757 3348 1906 3419; x_wconf 87' lang='lat' dir='ltr'><strong>erat,</strong></span> <span class='ocrx_word' id='word_1_269' title='bbox 1958 3345 2110 3407; x_wconf 90' lang='lat' dir='ltr'><strong>dum</strong></span> <span class='ocrx_word' id='word_1_270' title='bbox 2157 3364 2271 3422; x_wconf 82' lang='lat' dir='ltr'><strong>ego</strong></span> <span class='ocrx_word' id='word_1_271' title='bbox 2313 3344 2695 3406; x_wconf 83' lang='lat' dir='ltr'><strong>valetudinis</strong></span> 
     </span>
     <span class='ocr_line' id='line_1_30' title="bbox 282 3440 2784 3520; baseline -0.002 -14"><span class='ocrx_word' id='word_1_272' title='bbox 282 3463 481 3506; x_wconf 84' lang='lat' dir='ltr'><strong>causa</strong></span> <span class='ocrx_word' id='word_1_273' title='bbox 522 3443 592 3503; x_wconf 92' lang='lat' dir='ltr'><strong>in</strong></span> <span class='ocrx_word' id='word_1_274' title='bbox 637 3443 840 3520; x_wconf 90' lang='lat' dir='ltr'><strong>patria</strong></span> <span class='ocrx_word' id='word_1_275' title='bbox 876 3443 1173 3517; x_wconf 88' lang='lat' dir='ltr'><strong>abessem,</strong></span> <span class='ocrx_word' id='word_1_276' title='bbox 1220 3440 1300 3502; x_wconf 90' lang='lat' dir='ltr'><strong>ab</strong></span> <span class='ocrx_word' id='word_1_277' title='bbox 1338 3441 1615 3501; x_wconf 78' lang='lat' dir='ltr'><strong>Hem-ico</strong></span> <span class='ocrx_word' id='word_1_278' title='bbox 1654 3441 1929 3520; x_wconf 85' lang='lat' dir='ltr'><strong>quinque</strong></span> <span class='ocrx_word' id='word_1_279' title='bbox 1965 3445 2076 3504; x_wconf 88' lang='lat' dir='ltr'><strong>aut</strong></span> <span class='ocrx_word' id='word_1_280' title='bbox 2109 3463 2215 3503; x_wconf 85' lang='lat' dir='ltr'><strong>sex</strong></span> <span class='ocrx_word' id='word_1_281' title='bbox 2252 3443 2522 3504; x_wconf 88' lang='lat' dir='ltr'><strong>florenos</strong></span> <span class='ocrx_word' id='word_1_282' title='bbox 2559 3464 2694 3505; x_wconf 90' lang='lat' dir='ltr'><strong>sese</strong></span> <span class='ocrx_word' id='word_1_283' title='bbox 2723 3463 2784 3514; x_wconf 83' lang='lat'><strong>¹5</strong></span> 
     </span>
     <span class='ocr_line' id='line_1_31' title="bbox 282 3540 2695 3621; baseline -0 -16"><span class='ocrx_word' id='word_1_284' title='bbox 282 3542 604 3620; x_wconf 81' lang='lat' dir='ltr'><strong>accepisse</strong></span> <span class='ocrx_word' id='word_1_285' title='bbox 640 3542 891 3602; x_wconf 86' lang='lat' dir='ltr'><strong>fatetur.</strong></span> <span class='ocrx_word' id='word_1_286' title='bbox 979 3540 1049 3602; x_wconf 91' lang='lat' dir='ltr'><strong>Is</strong></span> <span class='ocrx_word' id='word_1_287' title='bbox 1085 3560 1230 3601; x_wconf 90' lang='lat' dir='ltr'><strong>eum</strong></span> <span class='ocrx_word' id='word_1_288' title='bbox 1267 3541 1396 3599; x_wconf 87' lang='lat' dir='ltr'><strong>tres</strong></span> <span class='ocrx_word' id='word_1_289' title='bbox 1433 3558 1686 3600; x_wconf 90' lang='lat' dir='ltr'><strong>menses</strong></span> <span class='ocrx_word' id='word_1_290' title='bbox 1723 3544 1787 3600; x_wconf 90' lang='lat' dir='ltr'><strong>et</strong></span> <span class='ocrx_word' id='word_1_291' title='bbox 1822 3540 1980 3601; x_wconf 89' lang='lat' dir='ltr'><strong>aluit</strong></span> <span class='ocrx_word' id='word_1_292' title='bbox 2019 3543 2084 3601; x_wconf 87' lang='lat' dir='ltr'><strong>et</strong></span> <span class='ocrx_word' id='word_1_293' title='bbox 2118 3542 2344 3616; x_wconf 86' lang='lat' dir='ltr'><strong>docuit,</strong></span> <span class='ocrx_word' id='word_1_294' title='bbox 2380 3543 2546 3620; x_wconf 89' lang='lat' dir='ltr'><strong>quod</strong></span> <span class='ocrx_word' id='word_1_295' title='bbox 2580 3562 2695 3621; x_wconf 84' lang='lat' dir='ltr'><strong>ego</strong></span> 
     </span>
     <span class='ocr_line' id='line_1_32' title="bbox 282 3637 2696 3720; baseline 0 -19"><span class='ocrx_word' id='word_1_296' title='bbox 282 3661 397 3702; x_wconf 88' lang='lat' dir='ltr'><strong>me</strong></span> <span class='ocrx_word' id='word_1_297' title='bbox 432 3645 578 3701; x_wconf 92' lang='lat' dir='ltr'><strong>tum</strong></span> <span class='ocrx_word' id='word_1_298' title='bbox 612 3639 682 3699; x_wconf 91' lang='lat' dir='ltr'><strong>in</strong></span> <span class='ocrx_word' id='word_1_299' title='bbox 718 3638 971 3700; x_wconf 83' lang='lat' dir='ltr'><strong>Italiam</strong></span> <span class='ocrx_word' id='word_1_300' title='bbox 1008 3657 1447 3699; x_wconf 87' lang='lat' dir='ltr'><strong>concessurum</strong></span> <span class='ocrx_word' id='word_1_301' title='bbox 1483 3637 1802 3715; x_wconf 89' lang='lat' dir='ltr'><strong>putabam.</strong></span> <span class='ocrx_word' id='word_1_302' title='bbox 1889 3639 1968 3698; x_wconf 86' lang='lat' dir='ltr'><strong>Ei</strong></span> <span class='ocrx_word' id='word_1_303' title='bbox 2004 3659 2107 3700; x_wconf 85' lang='lat' dir='ltr'><strong>eas</strong></span> <span class='ocrx_word' id='word_1_304' title='bbox 2143 3639 2439 3718; x_wconf 85' lang='lat' dir='ltr'><strong>pecunias</strong></span> <span class='ocrx_word' id='word_1_305' title='bbox 2466 3641 2696 3720; x_wconf 89' lang='lat' dir='ltr'><strong>reliqui</strong></span> 
     </span>
     <span class='ocr_line' id='line_1_33' title="bbox 282 3735 2690 3818; baseline 0.001 -20"><span class='ocrx_word' id='word_1_306' title='bbox 282 3758 410 3818; x_wconf 88' lang='lat' dir='ltr'><strong>pro</strong></span> <span class='ocrx_word' id='word_1_307' title='bbox 459 3757 645 3816; x_wconf 88' lang='lat' dir='ltr'><strong>opera</strong></span> <span class='ocrx_word' id='word_1_308' title='bbox 686 3757 835 3798; x_wconf 82' lang='lat' dir='ltr'><strong>sua:</strong></span> <span class='ocrx_word' id='word_1_309' title='bbox 891 3741 1209 3815; x_wconf 87' lang='lat' dir='ltr'><strong>praeterea</strong></span> <span class='ocrx_word' id='word_1_310' title='bbox 1257 3736 1422 3813; x_wconf 90' lang='lat' dir='ltr'><strong>quod</strong></span> <span class='ocrx_word' id='word_1_311' title='bbox 1468 3735 1546 3795; x_wconf 88' lang='lat' dir='ltr'><strong>de</strong></span> <span class='ocrx_word' id='word_1_312' title='bbox 1592 3735 1836 3796; x_wconf 86' lang='lat' dir='ltr'><strong>ratione</strong></span> <span class='ocrx_word' id='word_1_313' title='bbox 1876 3736 2262 3799; x_wconf 83' lang='lat' dir='ltr'><strong>diminutum</strong></span> <span class='ocrx_word' id='word_1_314' title='bbox 2301 3740 2435 3800; x_wconf 86' lang='lat' dir='ltr'><strong>erat</strong></span> <span class='ocrx_word' id='word_1_315' title='bbox 2475 3740 2690 3815; x_wconf 88' lang='lat' dir='ltr'><strong>adieci,</strong></span> 
     </span>
     <span class='ocr_line' id='line_1_34' title="bbox 282 3834 2691 3916; baseline 0 -19"><span class='ocrx_word' id='word_1_316' title='bbox 282 3837 462 3916; x_wconf 85' lang='lat' dir='ltr'><strong>apud</strong></span> <span class='ocrx_word' id='word_1_317' title='bbox 503 3837 690 3897; x_wconf 91' lang='lat' dir='ltr'><strong>illum</strong></span> <span class='ocrx_word' id='word_1_318' title='bbox 736 3835 909 3896; x_wconf 91' lang='lat' dir='ltr'><strong>enim</strong></span> <span class='ocrx_word' id='word_1_319' title='bbox 956 3834 1346 3913; x_wconf 87' lang='lat' dir='ltr'><strong>aegrotabat:</strong></span> <span class='ocrx_word' id='word_1_320' title='bbox 1415 3835 1730 3911; x_wconf 86' lang='lat' dir='ltr'><strong>praeterea</strong></span> <span class='ocrx_word' id='word_1_321' title='bbox 1773 3853 1913 3895; x_wconf 92' lang='lat' dir='ltr'><strong>meo</strong></span> <span class='ocrx_word' id='word_1_322' title='bbox 1961 3839 2217 3914; x_wconf 84' lang='lat' dir='ltr'><strong>sumptu</strong></span> <span class='ocrx_word' id='word_1_323' title='bbox 2264 3837 2532 3898; x_wconf 83' lang='lat' dir='ltr'><strong>vestitus</strong></span> <span class='ocrx_word' id='word_1_324' title='bbox 2579 3839 2691 3898; x_wconf 88' lang='lat' dir='ltr'><strong>est.</strong></span> 
     </span>
     <span class='ocr_line' id='line_1_35' title="bbox 282 3932 2787 4014; baseline -0.001 -15"><span class='ocrx_word' id='word_1_325' title='bbox 282 3938 598 4014; x_wconf 84' lang='lat' dir='ltr'><strong>Coeperat</strong></span> <span class='ocrx_word' id='word_1_326' title='bbox 659 3935 768 3995; x_wconf 89' lang='lat' dir='ltr'><strong>hic</strong></span> <span class='ocrx_word' id='word_1_327' title='bbox 824 3934 1028 3995; x_wconf 88' lang='lat' dir='ltr'><strong>nescio</strong></span> <span class='ocrx_word' id='word_1_328' title='bbox 1082 3954 1242 4012; x_wconf 86' lang='lat' dir='ltr'><strong>quae</strong></span> <span class='ocrx_word' id='word_1_329' title='bbox 1295 3932 1489 3994; x_wconf 88' lang='lat' dir='ltr'><strong>febris</strong></span> <span class='ocrx_word' id='word_1_330' title='bbox 1542 3932 1955 4009; x_wconf 84' lang='lat' dir='ltr'><strong>pullulascere</strong></span> <span class='ocrx_word' id='word_1_331' title='bbox 2009 3935 2116 3996; x_wconf 87' lang='lat' dir='ltr'><strong>sed</strong></span> <span class='ocrx_word' id='word_1_332' title='bbox 2171 3955 2301 3995; x_wconf 92' lang='lat' dir='ltr'><strong>non</strong></span> <span class='ocrx_word' id='word_1_333' title='bbox 2356 3936 2695 3997; x_wconf 89' lang='lat' dir='ltr'><strong>admodum</strong></span> <span class='ocrx_word' id='word_1_334' title='bbox 2724 3953 2787 3990; x_wconf 66' lang='grc' dir='ltr'><strong>πο</strong></span> 
     </span>
     <span class='ocr_line' id='line_1_36' title="bbox 281 4031 2693 4113; baseline 0 -17"><span class='ocrx_word' id='word_1_335' title='bbox 281 4037 628 4113; x_wconf 79' lang='lat' dir='ltr'><strong>frequens3</strong></span> <span class='ocrx_word' id='word_1_336' title='bbox 677 4052 870 4112; x_wconf 87' lang='lat' dir='ltr'><strong>quare</strong></span> <span class='ocrx_word' id='word_1_337' title='bbox 909 4033 978 4093; x_wconf 91' lang='lat' dir='ltr'><strong>in</strong></span> <span class='ocrx_word' id='word_1_338' title='bbox 1017 4032 1227 4093; x_wconf 90' lang='lat' dir='ltr'><strong>locum</strong></span> <span class='ocrx_word' id='word_1_339' title='bbox 1263 4031 1439 4091; x_wconf 85' lang='lat' dir='ltr'><strong>vrbis</strong></span> <span class='ocrx_word' id='word_1_340' title='bbox 1471 4031 1940 4109; x_wconf 82' lang='lat' dir='ltr'><strong>apertissimum</strong></span> <span class='ocrx_word' id='word_1_341' title='bbox 1978 4036 2165 4112; x_wconf 87' lang='lat' dir='ltr'><strong>atque</strong></span> <span class='ocrx_word' id='word_1_342' title='bbox 2204 4033 2693 4096; x_wconf 88' lang='lat' dir='ltr'><strong>saluberrimum</strong></span> 
     </span>
     <span class='ocr_line' id='line_1_37' title="bbox 282 4129 2690 4212; baseline -0.001 -16"><span class='ocrx_word' id='word_1_343' title='bbox 282 4132 661 4212; x_wconf 83' lang='lat' dir='ltr'><strong>demigraui.</strong></span> <span class='ocrx_word' id='word_1_344' title='bbox 746 4132 925 4207; x_wconf 77' lang='lat' dir='ltr'><strong>Quod</strong></span> <span class='ocrx_word' id='word_1_345' title='bbox 961 4129 1201 4192; x_wconf 89' lang='lat' dir='ltr'><strong>malum</strong></span> <span class='ocrx_word' id='word_1_346' title='bbox 1238 4132 1293 4191; x_wconf 87' lang='lat' dir='ltr'><strong>si</strong></span> <span class='ocrx_word' id='word_1_347' title='bbox 1329 4130 1814 4208; x_wconf 86' lang='lat' dir='ltr'><strong>repullulauerit,</strong></span> <span class='ocrx_word' id='word_1_348' title='bbox 1853 4131 2103 4209; x_wconf 85' lang='lat' dir='ltr'><strong>longius</strong></span> <span class='ocrx_word' id='word_1_349' title='bbox 2136 4134 2298 4193; x_wconf 87' lang='lat' dir='ltr'><strong>forte</strong></span> <span class='ocrx_word' id='word_1_350' title='bbox 2341 4133 2690 4194; x_wconf 88' lang='lat' dir='ltr'><strong>concedam.</strong></span> 
     </span>
     <span class='ocr_line' id='line_1_38' title="bbox 283 4228 2695 4307; baseline -0 -14"><span class='ocrx_word' id='word_1_351' title='bbox 283 4231 474 4293; x_wconf 76' lang='lat' dir='ltr'><strong>Nihil</strong></span> <span class='ocrx_word' id='word_1_352' title='bbox 522 4232 699 4292; x_wconf 89' lang='lat' dir='ltr'><strong>enim</strong></span> <span class='ocrx_word' id='word_1_353' title='bbox 747 4230 928 4290; x_wconf 89' lang='lat' dir='ltr'><strong>nobis</strong></span> <span class='ocrx_word' id='word_1_354' title='bbox 974 4229 1177 4290; x_wconf 87' lang='lat' dir='ltr'><strong>salute</strong></span> <span class='ocrx_word' id='word_1_355' title='bbox 1219 4228 1535 4307; x_wconf 85' lang='lat' dir='ltr'><strong>antiquius</strong></span> <span class='ocrx_word' id='word_1_356' title='bbox 1578 4249 1711 4290; x_wconf 89' lang='lat' dir='ltr'><strong>esse</strong></span> <span class='ocrx_word' id='word_1_357' title='bbox 1754 4229 1939 4290; x_wconf 87' lang='lat' dir='ltr'><strong>debet</strong></span> <span class='ocrx_word' id='word_1_358' title='bbox 1981 4234 2047 4291; x_wconf 91' lang='lat' dir='ltr'><strong>et</strong></span> <span class='ocrx_word' id='word_1_359' title='bbox 2092 4231 2242 4292; x_wconf 79' lang='lat' dir='ltr'><strong>vita.</strong></span> <span class='ocrx_word' id='word_1_360' title='bbox 2329 4231 2492 4293; x_wconf 85' lang='lat' dir='ltr'><strong>Nam</strong></span> <span class='ocrx_word' id='word_1_361' title='bbox 2535 4232 2695 4292; x_wconf 88' lang='lat' dir='ltr'><strong>bene</strong></span> 
     </span>
     <span class='ocr_line' id='line_1_39' title="bbox 286 4328 2695 4408; baseline -0 -16"><span class='ocrx_word' id='word_1_362' title='bbox 286 4331 523 4408; x_wconf 79' lang='lat' dir='ltr'><strong>viuere,</strong></span> <span class='ocrx_word' id='word_1_363' title='bbox 561 4328 691 4391; x_wconf 89' lang='lat' dir='ltr'><strong>nisi</strong></span> <span class='ocrx_word' id='word_1_364' title='bbox 739 4328 1046 4402; x_wconf 81' lang='lat' dir='ltr'><strong>viuamus,</strong></span> <span class='ocrx_word' id='word_1_365' title='bbox 1076 4347 1206 4388; x_wconf 93' lang='lat' dir='ltr'><strong>non</strong></span> <span class='ocrx_word' id='word_1_366' title='bbox 1253 4347 1603 4406; x_wconf 87' lang='lat' dir='ltr'><strong>possumus.</strong></span> <span class='ocrx_word' id='word_1_367' title='bbox 1689 4329 1824 4404; x_wconf 80' lang='lat' dir='ltr'><strong>Qua</strong></span> <span class='ocrx_word' id='word_1_368' title='bbox 1865 4328 1936 4389; x_wconf 88' lang='lat' dir='ltr'><strong>in</strong></span> <span class='ocrx_word' id='word_1_369' title='bbox 1985 4349 2054 4390; x_wconf 87' lang='lat' dir='ltr'><strong>re</strong></span> <span class='ocrx_word' id='word_1_370' title='bbox 2102 4330 2180 4390; x_wconf 86' lang='lat' dir='ltr'><strong>de</strong></span> <span class='ocrx_word' id='word_1_371' title='bbox 2219 4333 2331 4391; x_wconf 89' lang='lat' dir='ltr'><strong>tua</strong></span> <span class='ocrx_word' id='word_1_372' title='bbox 2378 4330 2695 4391; x_wconf 87' lang='lat' dir='ltr'><strong>sententia</strong></span> 
     </span>
    </p>
   </div>
   <div class='ocr_carea' id='block_1_8' title="bbox 430 4493 2497 4559">
    <p class='ocr_par' dir='ltr' id='par_1_9' title="bbox 430 4493 2497 4559">
     <span class='ocr_line' id='line_1_40' title="bbox 430 4493 2497 4559; baseline -0.001 -14"><span class='ocrx_word' id='word_1_373' title='bbox 430 4496 506 4545; x_wconf 83' lang='lat'><strong>82.</strong></span> <span class='ocrx_word' id='word_1_374' title='bbox 541 4507 592 4556; x_wconf 82' lang='lat'><strong>5.</strong></span> <span class='ocrx_word' id='word_1_375' title='bbox 628 4493 831 4556; x_wconf 83' lang='lat' dir='ltr'><strong>quibus</strong></span> <span class='ocrx_word' id='word_1_376' title='bbox 852 4493 902 4542; x_wconf 83' lang='lat' dir='ltr'><strong>ei</strong></span> <span class='ocrx_word' id='word_1_377' title='bbox 925 4496 1006 4543; x_wconf 78' lang='lat' dir='ltr'><strong>E:</strong></span> <span class='ocrx_word' id='word_1_378' title='bbox 1039 4508 1147 4556; x_wconf 89' lang='lat' dir='ltr'><strong>quo</strong></span> <span class='ocrx_word' id='word_1_379' title='bbox 1169 4495 1413 4555; x_wconf 89' lang='lat' dir='ltr'><strong>tempore</strong></span> <span class='ocrx_word' id='word_1_380' title='bbox 1435 4493 1488 4541; x_wconf 86' lang='lat' dir='ltr'><strong>ei</strong></span> <span class='ocrx_word' id='word_1_381' title='bbox 1509 4498 1576 4543; x_wconf 81' lang='lat' dir='ltr'><strong>H.</strong></span> <span class='ocrx_word' id='word_1_382' title='bbox 1754 4507 1829 4555; x_wconf 91' lang='lat'><strong>17.</strong></span> <span class='ocrx_word' id='word_1_383' title='bbox 1866 4530 1880 4544; x_wconf 89' lang='lat'><strong>.</strong></span> <span class='ocrx_word' id='word_1_384' title='bbox 1905 4495 1972 4544; x_wconf 78' lang='lat' dir='ltr'><strong>Ei</strong></span> <span class='ocrx_word' id='word_1_385' title='bbox 1993 4510 2083 4544; x_wconf 86' lang='lat' dir='ltr'><strong>eas</strong></span> <span class='ocrx_word' id='word_1_386' title='bbox 2105 4500 2184 4545; x_wconf 76' lang='lat' dir='ltr'><strong>F:</strong></span> <span class='ocrx_word' id='word_1_387' title='bbox 2219 4531 2233 4559; x_wconf 94' lang='lat'><strong>,</strong></span> <span class='ocrx_word' id='word_1_388' title='bbox 2259 4495 2303 4545; x_wconf 66' lang='grc' dir='ltr'><strong><em>ἁ</em></strong></span> <span class='ocrx_word' id='word_1_389' title='bbox 2327 4510 2417 4544; x_wconf 85' lang='lat' dir='ltr'><strong>eas</strong></span> <span class='ocrx_word' id='word_1_390' title='bbox 2438 4498 2497 4544; x_wconf 80' lang='grc' dir='ltr'><strong>Ε.</strong></span> 
     </span>
    </p>
   </div>
   <div class='ocr_carea' id='block_1_9' title="bbox 889 4677 2102 4743">
    <p class='ocr_par' dir='ltr' id='par_1_10' title="bbox 889 4677 2102 4743">
     <span class='ocr_line' id='line_1_41' title="bbox 889 4677 2102 4743; baseline -0.001 -12"><span class='ocrx_word' id='word_1_391' title='bbox 889 4681 967 4731; x_wconf 82' lang='grc'><strong>82.</strong></span> <span class='ocrx_word' id='word_1_392' title='bbox 1008 4693 1083 4739; x_wconf 85' lang='lat'><strong>¹4·</strong></span> <span class='ocrx_word' id='word_1_393' title='bbox 1118 4678 1480 4743; x_wconf 78' lang='lat' dir='ltr'><strong>Augustinus]</strong></span> <span class='ocrx_word' id='word_1_394' title='bbox 1505 4677 1851 4730; x_wconf 84' lang='lat' dir='ltr'><strong>Caminadus.</strong></span> <span class='ocrx_word' id='word_1_395' title='bbox 1890 4683 1936 4728; x_wconf 82' lang='grc' dir='ltr'><em>Ε</em></span> <span class='ocrx_word' id='word_1_396' title='bbox 1956 4695 2102 4741; x_wconf 69' lang='lat' dir='ltr'><strong>mara.</strong></span> 
     </span>
    </p>
   </div>
  </div>
 </body>
</html>
