3355 5380
723 383 802 440 50
1420 372 1797 436 LE'I'PERS
1851 371 1959 435 01³
2013 370 2411 433 ERASMUS
2918 365 3118 454 [1524

719 533 957 596 ordinis
998 534 1067 593 in
1108 533 1345 594 Emaus
1399 532 1532 593 siue
1574 532 1824 610 Steyne,
1867 530 2042 591 iuxta
2082 528 2387 590 Gaudam.
2474 526 2577 588 Ibi
2617 526 2849 604 reperit
2888 525 3122 589 Corne·

720 632 895 706 lium,
946 651 1132 710 quem
1177 632 1556 693 Dauentriae
1602 631 1910 692 habuerat
1953 628 2229 690 sodalem
2273 628 2342 687 in
2384 627 2605 688 eodem
2653 624 2955 690 cubiculo,
3046 627 3122 688 Is

719 730 1004 792 nondum
1070 731 1381 807 acceperat
1446 748 1695 789 sacrum
1760 727 1949 788 illum
2013 724 2295 800 cultum3
2362 723 2607 787 viderat
2671 723 2943 798 Italiam,
2999 724 3117 785 sed

722 827 990 888 redierat
1046 846 1270 904 parum
1323 826 1556 888 doctus.
1644 826 1771 887 Hic
1831 843 2020 886 suum
2071 841 2264 901 agens
2316 821 2640 901 negotium
2694 820 2896 899 coepit
2947 822 3121 886 mira

633 930 696 993 85
720 925 1038 1004 loquentia
1092 924 1423 1003 depingere
1475 925 1644 986 vitae
1698 944 1898 1002 genus
1953 921 2437 996 sanctissimum,
2487 920 2732 998 copiam
2781 919 3113 995 librorum,

721 1024 940 1099 otium,
1000 1024 1538 1101 tranquillitatem,
1589 1023 1987 1084 sodalitatem
2041 1020 2402 1097 angelicam.
2490 1017 2651 1094 Quid
2710 1037 2840 1079 non
2854 1020 2889 1080 *ἒ
2966 1019 3120 1081 'rra-

720 1120 911 1183 hebat
956 1121 1207 1183 affectus
1254 1121 1362 1181 ille
1415 1120 1680 1198 puerilis
1733 1121 1811 1181 ad
1855 1122 2129 1180 veterem
2176 1117 2468 1178 sodalem.
2553 1117 2690 1178 Alii
2733 1116 3112 1191 alliciebant,

719 1217 830 1279 alii
896 1218 1342 1296 propellebant.
1426 1218 1741 1279 Onerabat
1799 1217 2009 1278 febris.
2097 1216 2292 1276 Hunc
2343 1215 2552 1277 locum
2605 1214 2853 1293 delegit,
2913 1214 3123 1279 altero

720 1315 1039 1391 fastidito;
1078 1316 1352 1377 lactabat
1392 1316 1661 1391 interim,
1694 1316 1886 1377 donec
1925 1313 2179 1376 haberet
2217 1333 2457 1376 sacram
2490 1316 2748 1376 vestem.
2837 1312 3114 1387 Interea,

631 1432 697 1484 90
722 1414 971 1477 tametsi
1022 1414 1393 1487 adolescens,
1453 1416 1648 1475 sensit
1701 1434 1887 1492 quam
1940 1433 2071 1475 non
2122 1415 2289 1473 esset
2340 1412 2472 1474 illic
2525 1433 2673 1475 vera
2724 1414 2939 1491 pietas.
3028 1413 3121 1474 Et

721 1517 939 1574 tamen
965 1516 1172 1574 totum
1209 1512 1394 1573 illum
1435 1532 1687 1591 gregem
1725 1512 2021 1574 excitauit
2058 1512 2136 1573 ad
2171 1512 2472 1573 studium.
2562 1511 2901 1572 Parantem
2937 1510 3119 1573 abire

722 1614 870 1672 ante
914 1610 1363 1688 professionem
1415 1612 1646 1688 partim
1694 1611 1894 1688 pudor
1939 1611 2270 1685 humanus,
2323 1609 2553 1688 partim
2599 1608 2827 1683 minae,
2876 1608 3121 1687 partim

724 1707 1059 1769 necessitas
1085 1709 1366 1769 coercuit.

805 1804 1132 1867 Professus
1158 1808 1268 1865 est.
1355 1807 1636 1867 Tandem
1664 1826 1776 1885 per
1801 1806 2181 1867 occasionem
2216 1803 2492 1866 innotuit
2517 1804 2803 1883 episcopo
2828 1803 3118 1865 Camera-

633 1920 696 1971 95
723 1901 907 1977 censi,
956 1902 1234 1966 Henrico
1279 1926 1316 1966 a
1362 1905 1597 1983 Bergis.
1686 1904 1754 1965 Is
1799 1903 2086 1982 sperabat
2133 1903 2619 1965 Cardinalicium
2666 1901 2987 1981 galerum;
3049 1905 3122 1965 et

722 1999 1061 2078 habuisset,
1105 2001 1231 2061 nisi
1269 2001 1617 2063 defuissent
1656 2004 2010 2080 praesentes
2051 2001 2317 2062 nummi.
2401 2000 2506 2063 Ad
2547 2001 2664 2062 hoc
2704 2000 2823 2060 iter
2861 1998 3123 2076 optabat

721 2099 1045 2160 hominem
1073 2098 1298 2159 Latine
1325 2101 1596 2164 doctum.
1684 2100 1902 2178 Itaque
1943 2119 2054 2176 per
2088 2098 2262 2159 hunc
2298 2101 2591 2160 euocatus
2618 2102 2714 2159 est
2740 2117 2887 2158 cum
2911 2101 3123 2159 aucto·

720 2196 907 2257 ritate
954 2197 1248 2275 Episcopi
1295 2198 1721 2273 Traiectensis,
1775 2217 1931 2275 quae
1977 2196 2111 2258 sola
2158 2196 2514 2259 sufficiebat.
2603 2197 2689 2257 Et
2733 2199 2947 2256 tamen
3000 2195 3120 2257 ille

720 2294 1011 2357 adiunxit
1052 2296 1485 2358 auctoritatem
1524 2296 1764 2357 Prioris
1804 2299 1868 2358 et
1904 2294 2241 2357 Generalis.
2330 2294 2650 2357 concessit
2692 2294 2761 2353 in
2800 2292 3122 2359 familiam

602 2410 698 2448 100
721 2391 1031 2471 Episcopi,
1064 2397 1311 2455 seruato
1352 2397 1566 2455 tamen
1607 2394 1849 2456 habitu.
1939 2393 2148 2468 Quum
2188 2392 2530 2470 Episcopus
2571 2395 2735 2453 esset
2774 2391 3122 2455 destitutus

722 2508 832 2567 spe
896 2491 1106 2569 galeri,
1166 2494 1548 2571 sentiremus
1601 2492 1788 2553 illum
1841 2492 1911 2552 in
1963 2510 2173 2552 amore
2241 2510 2465 2569 parum
2519 2493 2910 2551 constantem
2963 2509 3120 2569 erga

724 2606 956 2664 omnes,
988 2588 1117 2667 egit
1155 2592 1227 2650 vt
1266 2589 1388 2651 iret
1415 2591 1733 2651 Lutetiam
1772 2589 1968 2651 studii
2007 2588 2223 2667 gratia.
2312 2588 2709 2650 Promissum
2750 2592 2845 2649 est
2883 2589 3123 2668 stipen-

723 2685 902 2749 dium
949 2708 1272 2765 annuum;
1330 2689 1496 2751 nihil
1540 2688 1808 2750 missum
1849 2690 1960 2749 est.
2048 2686 2150 2750 Sic
2189 2686 2394 2749 solent
2439 2686 2768 2766 principes.
2855 2687 2999 2751 Illic
3042 2688 3118 2751 in

723 2784 985 2862 collegio
1027 2785 1260 2847 Montis
1299 2788 1465 2848 acuti
1507 2809 1583 2849 ex
1623 2786 1914 2866 putribus
1960 2785 2096 2848 ouis
2136 2788 2203 2846 et
2241 2785 2523 2847 cubiculo
2561 2785 2790 2847 infecto
2832 2789 3119 2865 concepit

608 2905 697 2954 105
722 2882 1031 2960 morbum,
1063 2885 1180 2945 hoc
1207 2889 1303 2947 est
1330 2886 1564 2947 malam
1602 2885 1876 2963 corporis
1911 2887 2094 2947 antea
2129 2883 2452 2960 purissimi
2487 2883 2901 2946 affectionem.
2986 2886 3119 2947 Ita·

721 3001 841 3059 que
882 2982 1069 3043 rediit
1108 2981 1185 3042 ad
1228 2984 1623 3061 Episcopum.
1712 2985 2023 3060 Acceptus
2061 2984 2156 3042 est
2198 2981 2553 3042 honorifice.
2640 2982 2977 3046 Recreatus
3014 2988 3121 3047 est

723 3097 761 3137 a
796 3079 1015 3139 morbo
1043 3079 1282 3156 Bergis.
1373 3081 1617 3142 Reuisit
1652 3078 2063 3140 Hollandiam
2100 3078 2217 3140 hoc
2256 3080 2485 3155 anim0‚
2514 3082 2588 3141 vt
2622 3084 2908 3141 maneret
2945 3081 3119 3159 apud

721 3194 893 3236 suos.
973 3174 1095 3235 Sed
1135 3175 1290 3253 ipsis
1330 3179 1498 3238 vltro
1537 3176 1939 3237 hortantibus
1982 3176 2166 3238 rediit
2208 3177 2543 3239 Lutetiam.
2631 3177 2733 3238 Ibi
2773 3177 3124 3241 destitutus

723 3271 956 3333 auxilio
999 3272 1370 3334 Maecenatis
1415 3275 1577 3335 vixit
1615 3275 1828 3337 verius
1873 3292 2062 3350 quam
2106 3275 2386 3348 studuit;
2441 3277 2505 3335 et
2552 3274 2632 3337 ob
2687 3277 3121 3354 pestilentiam

607 3389 701 3426 110
724 3367 814 3428 ibi
880 3368 1102 3430 multis
1155 3369 1340 3430 annis
1407 3374 1773 3449 perpetuam
1833 3371 2111 3450 singulos
2163 3391 2361 3433 annos
2413 3372 2800 3434 redeundum
2852 3376 2988 3436 erat
3045 3376 3120 3438 in

722 3465 1009 3543 patriam.
1111 3468 1175 3528 A
1215 3468 1424 3530 studio
1473 3469 1817 3547 theologiae
1870 3468 2258 3546 abhorrebat,
2304 3471 2468 3547 quod
2517 3471 2777 3531 sentiret
2828 3473 3121 3537 animum.

725 3582 856 3624 non
898 3584 1275 3642 propensum
1322 3570 1393 3626 vt
1436 3566 1647 3628 omnia
1691 3566 1941 3628 illorum
1981 3567 2387 3628 fundamenta
2434 3568 2846 3645 subuerteret,
2888 3569 3121 3633 deinde

724 3661 1010 3722 futurum
1035 3665 1106 3725 vt
1132 3663 1426 3725 haeretici
1453 3684 1685 3727 nomen
1714 3665 2082 3727 inureretur.
2169 3665 2466 3740 Tandem,
2500 3666 2610 3728 vbi
2638 3669 2844 3728 totum
2871 3687 3123 3731 annum

723 3759 994 3820 saeuiret
1032 3761 1243 3838 pestis,
1276 3765 1521 3823 coactus
1559 3765 1655 3823 est
1684 3762 2037 3824 Louanium
2079 3762 2510 3841 commigrare.
2595 3765 2768 3824 Ante
2807 3763 3123 3828 inuiserat

606 3874 697 3926 ¹¹5
723 3857 1024 3936 Angliam
1062 3859 1132 3920 in
1170 3861 1436 3938 gratiam
1476 3860 1782 3937 Montioii,
1823 3863 1965 3922 tum
2006 3859 2297 3939 discipuli
2336 3881 2505 3923 nunc
2543 3861 2950 3937 Maecenatis3
3004 3863 3121 3925 sed

723 3956 910 4017 amici
949 3958 1161 4019 verius
1201 3980 1388 4039 quam
1436 3959 1712 4038 benigni.
1803 3960 1880 4021 Id
1921 3960 2222 4039 temporis
2266 3961 2549 4022 omnium
2574 3960 2905 4023 -bonorum
2947 3962 3120 4041 apud

789 4093 869 4155 85.
907 4094 1215 4156 eloquentia
1238 4116 1283 4147 α.
1501 4099 1584 4160 89.
1622 4096 1922 4148 lactabatur
1945 4097 2060 4149 Οά.
2270 4113 2352 4160 9ο.
2390 4099 2460 4149 Et
2482 4101 2668 4149 tamen
2693 4102 2761 4148 O:
2792 4101 3042 4150 attamen
3065 4118 3116 4152 α.

724 4174 804 4221 94.
843 4160 1119 4211 Professus
1142 4164 1224 4210 est
1245 4179 1337 4213 om.
1361 4181 1405 4213 α.
1661 4178 1769 4225 103.
1809 4164 1933 4213 Illic
1957 4167 2026 4213 O:
2059 4162 2186 4213 Illic
2211 4178 2339 4213 vero
2359 4182 2407 4215 α.
2656 4180 2763 4226 ¹04·
2801 4165 3043 4228 putridis
3066 4185 3116 4216 a.

725 4226 969 4288 concepit
993 4229 1060 4275 O:
1092 4229 1295 4290 accepit
1316 4245 1374 4278 a:
1520 4243 1628 4291 107.
1664 4231 1910 4278 maneret
1933 4231 2004 4277 O:
2035 4229 2244 4278 veniret
2266 4248 2311 4280 α.
2468 4242 2573 4294 ιῐ5.
2616 4228 2751 4280 0²12:
2785 4230 3036 4295 Montioy
3061 4230 3124 4282 Οι

727 4292 939 4340 tumO:
975 4293 1173 4342 tuncu.

791 4459 873 4520 89.
917 4458 1177 4524 laetabar]
1211 4473 1283 4507 an
1322 4460 1677 4508 unconscious
1718 4457 1864 4522 lapse
1970 4458 2040 4507 he
2074 4459 2243 4509 found
2273 4460 2425 4510 these
2456 4460 2633 4510 words
2665 4461 2890 4510 written
2925 4462 2989 4510 in
3025 4464 3129 4513 the

726 4523 847 4572 into
862 4523 958 4573 the
972 4523 1091 4572 first
1106 4538 1315 4587 person.
1369 4524 1599 4575 'Merula
1619 4539 1870 4588 proposes
1970 4527 2181 4588 margin
2211 4524 2271 4575 of
2294 4527 2389 4575 the
2419 4526 2667 4589 original,
2693 4528 3019 4590 apparently
3048 4529 3129 4590 by

725 4592 986 4638 lactabatur
1007 4589 1067 4637 in
1090 4590 1184 4638 the
1207 4590 1434 4652 margin.
1972 4591 2067 4641 the
2099 4605 2246 4640 same
2278 4591 2462 4653 hand3
2507 4593 2605 4642 but
2636 4593 2706 4640 he
2743 4593 2874 4642 does
2899 4596 3001 4645 not
3035 4594 3129 4645 in·

789 4670 874 4719 94.
910 4655 1186 4705 Professus
1208 4655 1316 4720 est]
1344 4655 1549 4705 Merula
1569 4656 1723 4704 notes
1747 4656 1869 4704 that
1971 4660 2244 4719 corporate
2267 4657 2420 4707 them
2445 4658 2505 4706 in
2528 4657 2616 4707 his
2636 4660 2765 4707 text.
