3355 5380
390 414 572 497 1493]
1022 416 1254 478 FROM
1308 416 1717 478 WILLIAM
1775 417 2146 478 HERMAN
2668 424 2776 479 131

384 572 551 651 quod
580 573 841 634 Graecia
879 573 1062 635 nobis
1101 594 1323 652 parum
1353 577 1502 634 nota
1530 578 1641 649 est,
1676 577 1815 634 tum
1858 576 2022 653 quod
2051 595 2226 635 more
2263 575 2524 636 Salustii
2550 576 2783 637 succin·
2812 595 2873 646 15

380 676 518 733 ctus
540 675 603 732 et
629 672 931 733 incitatus
958 673 1168 733 currit.
1240 672 1578 733 Laurentio
1600 672 1766 732 nihil
1788 674 2046 752 culpae3
2087 675 2289 734 tersus
2308 676 2421 749 est,
2445 674 2777 751 laboratae,

383 772 600 844 cultus,
652 771 1127 849 Elegantiarum
1173 792 1433 832 suarum
1488 771 2101 849 obseruantissimus,
2155 772 2318 833 nihil
2370 776 2468 835 est
2515 795 2780 853 vsquam

382 869 581 929 ornati
626 869 796 947 quod
844 889 975 930 non
1029 869 1377 930 inculcarit.
1464 869 1636 931 Obiit
1691 874 1904 931 autem
1952 871 2118 932 hanc
2172 871 2558 949 prouinciam
2606 873 2782 933 iussu

383 966 709 1027 Pontificis
763 967 1030 1027 Maximi
1076 967 1319 1027 Nicolai
1372 968 1596 1046 quinti,
1639 968 1764 1029 viri
1817 969 2112 1046 inprimis
2167 969 2244 1029 de
2291 969 2510 1047 lingua
2556 970 2782 1031 Latina

382 1066 534 1125 bene
565 1064 794 1126 meriti.
868 1065 1033 1142 Quid
1060 1068 1132 1126 tu
1158 1067 1372 1127 autem
1399 1066 1560 1141 istic,
1587 1066 1739 1144 quid
1767 1067 1916 1144 agis,
1945 1066 2096 1145 quid
2126 1065 2299 1144 legis,
2333 1067 2482 1147 quid
2510 1067 2732 1129 scribis
2747 1070 2781 1129 ⁴?
2808 1089 2874 1125 ιο

384 1162 561 1223 Mitte
595 1162 719 1223 huc
755 1166 867 1223 tua
901 1163 1145 1240 scripta,
1176 1162 1439 1223 habeam
1467 1162 1706 1242 aliquid
1735 1164 1862 1224 mei
1891 1164 2153 1225 Erasini.
2240 1164 2389 1226 Misi
2413 1166 2489 1226 ad
2532 1169 2595 1226 te
2624 1186 2781 1244 quae

379 1262 551 1336 potui
579 1261 896 1322 corradere
922 1261 1202 1321 carmina
1228 1264 1352 1336 tua,
1379 1265 1569 1339 atque
1594 1262 1788 1322 etiam
1817 1282 1975 1339 quae
2001 1263 2212 1323 visum
2240 1268 2337 1326 est
2365 1267 2592 1324 nostra.
2651 1263 2781 1323 Vbi

379 1358 579 1419 otium
616 1359 751 1433 erit,
786 1379 1001 1419 rursus
1038 1362 1101 1420 et
1140 1359 1397 1437 quidem
1434 1359 1622 1420 latius
1661 1359 2050 1437 respondebo
2088 1361 2313 1422 iisdem
2346 1361 2575 1440 quibus
2612 1382 2781 1422 nunc

378 1455 607 1517 litteris
642 1458 796 1518 haec
837 1457 1071 1535 raptim
1110 1457 1375 1518 exaraui.
1464 1457 1562 1518 Tu
1590 1457 1783 1518 velim
1817 1458 2074 1535 posthac
2102 1459 2290 1535 diem,
2324 1479 2449 1538 quo
2474 1459 2777 1539 quidquid

376 1554 642 1629 emittas,
674 1555 1081 1633 asscripoeris.
1169 1556 1344 1617 Vale.
2805 1576 2868 1627 25

458 1652 725 1714 Battum
751 1655 935 1714 tuum
963 1655 1356 1731 eundemque
1383 1672 1598 1713 meum
1627 1655 1862 1731 optime
1889 1654 2095 1715 valere
2121 1656 2320 1733 cupio.

679 1786 785 1850 35.
873 1783 1074 1849 Faom
1118 1785 1457 1850 W1LL1AM
1503 1782 1817 1848 HERMAN
1863 1800 1948 1849 'ro
1993 1782 2227 1849 JAMES
2273 1783 2485 1851 BA'r'r.

446 1934 555 1994 ¹³¹³·
580 1938 730 2009 APP·
755 1952 876 2009 39⁴*
2290 1895 2703 2056 oigieixikiv

443 2074 763 2139 [Evidently
796 2091 828 2125 a
860 2077 979 2127 first
1012 2077 1190 2129 letter.
1275 2079 1330 2129 It
1361 2081 1510 2128 must
1542 2080 1608 2129 be
1640 2078 1829 2143 placed
1862 2078 2043 2127 before
2078 2079 2171 2128 the
2204 2082 2560 2143 composition
2595 2080 2657 2130 of
2681 2080 2782 2130 the

376 2142 705 2204 Ant-zaroen,
742 2144 800 2192 at
837 2143 1019 2194 which
1052 2147 1187 2194 time
1225 2145 1381 2195 there
1419 2147 1467 2194 is
1500 2159 1647 2195 some
1686 2146 1897 2207 ground
1931 2144 2015 2193 for
2050 2148 2344 2209 suppoaing
2378 2147 2500 2196 that
2533 2146 2778 2196 Herman

374 2206 571 2319 Bigited
612 2207 870 2323 Ῑεὲτέεὲιιε
912 2210 1024 2323 ιΒιιά
1064 2213 1176 2260 met
1216 2211 1363 2262 Batt.
1430 2210 1484 2260 It
1522 2224 1634 2260 was
1673 2210 1907 2273 perhaps
1951 2211 2332 2274 accompanied
2371 2213 2445 2276 by
2484 2212 2778 2262 Herman's

453 2286 483 2319 e
514 2287 562 2333 4.
798 2288 849 2335 p.
888 2289 920 2335 3
954 2311 968 2325 .
997 2288 1098 2336 411.

439 2336 568 2387 Batt
606 2337 763 2401 (¹464
781 2342 1001 2403 2-1500)
1030 2356 1063 2389 a
1093 2342 1283 2391 native
1321 2341 1382 2390 of
1405 2342 1633 2404 Bergen,
1659 2340 1801 2402 who,
1829 2340 2116 2404 according
2137 2345 2193 2390 to
2223 2342 2320 2391 the
2346 2346 2680 2403 Antibarbari,
2714 2344 2776 2392 in

373 2401 558 2452 which
590 2404 663 2453 he
696 2406 745 2454 ia
779 2405 874 2454 the
902 2406 1173 2469 principal
1205 2408 1497 2470 character,
1524 2407 1589 2457 cf.
1625 2406 1719 2469 Ep.
1746 2421 1825 2468 3ο.
1860 2408 1921 2455 16
1942 2422 1997 2469 n,
2023 2422 2134 2456 was
2167 2408 2355 2469 nearly
2378 2408 2559 2470 thirty
2579 2411 2637 2457 at
2659 2409 2777 2458 this

373 2467 525 2531 time,
553 2469 660 2518 LB.
685 2485 735 2519 x.
764 2472 891 2533 ¹716
911 2472 974 2522 B.
1039 2471 1127 2521 He
1151 2472 1259 2521 had
1287 2472 1507 2523 studied
1530 2473 1591 2520 in
1615 2471 1785 2535 Paris,
1812 2471 1911 2521 but
1942 2471 2202 2521 returned
2225 2487 2267 2521 c.
2300 2488 2426 2535 1492
2449 2476 2505 2522 to
2542 2474 2770 2537 Bergen,

371 2536 430 2581 tc
466 2534 688 2584 become
732 2540 937 2585 master
974 2536 1033 2586 of
1065 2538 1161 2588 the
1199 2539 1383 2601 public
1416 2538 1612 2589 school.
1700 2538 1860 2587 After
1886 2552 1919 2587 a
1948 2537 2118 2587 while
2152 2538 2221 2587 he
2256 2538 2475 2587 became
2507 2542 2778 2602 secretu-y

372 2602 429 2646 to
460 2600 556 2650 the
589 2602 804 2650 council
840 2601 899 2652 of
926 2603 1022 2653 the
1057 2607 1222 2666 town,
1248 2604 1358 2652 and
1384 2620 1495 2654 waa
1523 2605 1586 2653 in
1617 2603 1741 2652 that
1772 2603 2013 2667 position
2037 2603 2201 2652 when
2230 2603 2488 2653 Erasmus
2511 2605 2629 2653 first
2660 2608 2775 2655 met

372 2664 507 2715 him.
580 2667 669 2717 He
700 2667 902 2732 proved
935 2683 967 2718 a
1000 2668 1231 2719 devoted
1262 2669 1444 2719 friend
1479 2672 1537 2720 to
1570 2669 1843 2731 Erasmus,
1870 2668 1978 2718 and
2010 2667 2174 2717 when
2205 2668 2273 2732 (c.
2307 2671 2448 2732 1496,
2475 2669 2538 2720 cf.
2567 2669 2661 2734 Ep.
2689 2670 2768 2731 38.

373 2746 405 2792 4
428 2733 512 2796 n.)
534 2733 607 2782 he
630 2735 856 2783 entered
877 2735 973 2784 the
1005 2737 1207 2785 service
1218 2735 1291 2800 ‚of
1304 2737 1469 2786 Anne
1495 2736 1783 2787 Borsaelen
1806 2734 1865 2784 of
1880 2735 2049 2783 Veere
2075 2737 2147 2797 (p.
2173 2736 2313 2796 208),
2337 2750 2398 2784 as
2419 2739 2572 2785 tutor
2593 2739 2649 2785 to
2675 2736 2777 2785 her

373 2811 471 2845 son
500 2797 787 2862 Adelphus
820 2801 896 2863 (p.
925 2804 1065 2865 229),
1093 2802 1164 2850 he
1198 2802 1518 2852 introduced
1549 2802 1806 2851 Erasmus
1835 2803 1891 2849 to
1922 2800 2024 2849 her
2054 2801 2114 2848 in
2137 2800 2235 2849 the
2267 2800 2405 2862 hope
2439 2802 2499 2851 of
2522 2801 2774 2864 winning

371 2866 661 2927 patronage
684 2867 767 2913 for
786 2865 877 2915 his
898 2865 1097 2916 friend.
1160 2867 1233 2916 At
1254 2868 1345 2917 his
1366 2867 1528 2917 death
1552 2868 1669 2931 (Ep.
1701 2866 1817 2931 172)
1844 2865 1915 2915 he
1938 2865 2038 2915 left
2060 2881 2090 2913 a
2114 2880 2211 2914 son
2233 2868 2288 2914 to
2310 2866 2494 2915 whom
2518 2866 2776 2916 Erasmus

368 2927 682 2979 afterwards
706 2931 925 2982 shewed
952 2932 1258 2997 hindam]

603 3037 1031 3088 GVILIELMVS
1074 3040 1438 3091 GOVDAst
1482 3039 1733 3088 IACOBO
1779 3038 2002 3087 BA‘r'ro
2046 3038 2266 3087 Amco
2311 3039 2436 3087 SVO
2480 3039 2534 3088 Β.

453 3131 830 3211 ΩνΑΝονΑκ,
863 3136 1145 3198 virorum
1182 3137 1436 3215 optime,
1476 3136 1655 3197 nulla
1695 3136 1855 3197 mihi
1892 3140 2101 3197 tecum
2138 3135 2552 3210 familiaritas,
2596 3136 2773 3197 nulla

370 3229 491 3290 alia
543 3233 800 3310 quaeuis
852 3236 1258 3312 necessitudo,
1321 3256 1394 3297 ac
1448 3255 1530 3296 ne
1585 3235 1814 3297 notitia
1866 3235 2121 3313 quidem
2181 3234 2620 3309 intercedebat,
2685 3235 2774 3294 in-

372 3329 663 3391 credibile
692 3335 904 3393 tamen
931 3354 1034 3395 me
1060 3334 1317 3396 tenebat
1348 3333 1729 3394 desiderium
1766 3334 1844 3394 ad
1882 3337 1948 3394 te
1984 3331 2313 3406 scribendi,
2347 3331 2533 3410 idque
2574 3335 2774 3411 gratia

370 3431 677 3503 parandae
722 3432 889 3493 inter
934 3453 1064 3508 nos,
1112 3453 1268 3512 quae
1315 3432 1577 3493 antehac
1618 3452 1748 3493 non
1791 3432 1929 3506 fuit,
1974 3430 2304 3492 amicitiae.
2392 3431 2631 3492 Tantus
2678 3435 2772 3493 est

372 3545 545 3589 meus
591 3529 662 3590 in
711 3533 776 3590 te
820 3550 1010 3608 amor,
1057 3533 1128 3591 vt
1175 3530 1348 3591 dictu
1396 3531 1485 3591 sit
1530 3530 1797 3607 difficile,
1854 3529 2094 3590 creditu
2140 3528 2470 3589 difficilius.
2559 3529 2773 3609 Neque
2798 3548 2827 3597 5

372 3643 518 3686 vero
560 3630 797 3689 temere
844 3648 947 3689 me
990 3629 1187 3690 facere
1237 3629 1521 3705 arbitror,
1569 3628 1679 3706 qui
1723 3630 1786 3687 te
1830 3646 2154 3705 nunquam
2197 3627 2406 3687 visum
2449 3630 2772 3705 tantopere

368 3726 708 3786 amandum
735 3727 1044 3803 existimo,
1080 3727 1247 3805 quod
1275 3727 1384 3805 qui
1408 3727 1525 3802 vir,
1558 3726 1787 3806 quibus
1818 3725 2136 3803 praeditus
2162 3723 2520 3799 virtutibus
2551 3724 2771 3802 quanti

372 3824 434 3880 te
470 3822 658 3884 faciat
693 3843 872 3886 meus
899 3825 1217 3900 Erasmus,
1250 3825 1357 3885 vel
1398 3824 1609 3902 potius
1645 3826 1861 3885 noster
1895 3823 2126 3902 quippe
2162 3823 2354 3884 etiam
2381 3826 2546 3898 tuus,
2577 3822 2771 3884 semel

367 3923 549 3998 atque
604 3922 837 3983 iterum
892 3927 954 3984 et
1007 3924 1076 3985 in
1132 3922 1432 3984 familiari
1476 3922 1786 4002 colloquio
1833 3924 1898 3982 et
1944 3920 2168 3982 absens
2221 3923 2283 3981 te
2332 3920 2562 3982 litteris
2609 3940 2770 3982 com-

367 4019 694 4080 mendauit
747 4024 882 4082 tam
934 4021 1150 4098 amice,
1202 4025 1335 4084 tam
1381 4020 1660 4094 facunde,
1706 4022 1777 4080 vt
1825 4038 2082 4080 necesse
2128 4020 2211 4080 sit
2260 4040 2393 4081 esse
2436 4019 2623 4080 illum
2676 4017 2773 4078 tui
2800 4027 2863 4062 10

368 4117 888 4181 amantissimum.
971 4121 1063 4180 At
1089 4139 1274 4199 quem
1303 4118 1412 4179 ille
1440 4118 1677 4179 amabit
1705 4116 1995 4194 equidem
2031 4137 2358 4194 nunquam
2395 4120 2615 4195 potero
2642 4136 2771 4177 non

368 4233 608 4294 amare3
650 4220 905 4279 tantum
945 4218 1116 4278 enim
1155 4217 1214 4279 ei
1255 4217 1465 4277 tribuo
1492 4219 1563 4277 vt
1600 4235 2031 4295 quemcunque
2057 4218 2401 4276 amandum
2438 4214 2766 4289 censuerit,

370 4312 531 4377 hunc
577 4318 733 4394 puto
782 4335 992 4377 amore
1041 4314 1511 4394 dignissimum.
1611 4314 1740 4374 Nec
1787 4333 1937 4375 sane
1986 4313 2162 4374 illius
2210 4313 2288 4374 de
2341 4318 2403 4374 te
2459 4313 2771 4375 sententia

873 4415 952 4463 84.
976 4427 1055 4461 22.
1094 4426 1272 4475 quae:
1314 4416 1381 4460 ad
1412 4427 1546 4460 oram
1578 4415 1685 4461 MS.
1719 4416 1947 4471 scriptum
1980 4412 2111 4475 quia
2144 4414 2241 4460 LB.

431 4538 509 4586 34.
540 4551 614 4598 19.
654 4535 893 4601 Nicolai]
941 4536 1200 4586 Nicholas
1238 4550 1274 4584 v
1318 4536 1512 4601 (1398-
1619 4540 1846 4586 Carmina
1893 4541 2047 4599 varia,
2100 4536 2205 4586 LB.
2261 4538 2381 4586 viii.
2433 4536 2646 4598 561-84,
2698 4534 2763 4583 cf.

372 4614 429 4661 24
468 4601 655 4651 liareh
699 4603 870 4666 ¹455),
920 4602 1125 4651 elected
1175 4601 1318 4665 Pope
1368 4617 1511 4665 1447,
1618 4604 1713 4664 Ep.
1753 4617 1827 4663 13.
1852 4616 1919 4664 59
1944 4618 2033 4663 n.;
2077 4618 2139 4652 or
2169 4603 2326 4651 those
2362 4604 2423 4651 in
2451 4602 2550 4652 the
2581 4600 2768 4650 Gouda

371 4665 593 4716 founder
624 4667 688 4716 of
715 4668 811 4716 the
842 4667 1073 4716 Vatican
1106 4668 1348 4730 Library.
1620 4669 1727 4717 MS.
1773 4682 1896 4729 1323
1931 4668 2117 4717 which
2150 4671 2298 4716 must
2337 4668 2411 4716 all
2447 4668 2588 4716 have
2632 4667 2767 4715 been

428 4747 507 4783 22.
544 4732 818 4797 carmina]
865 4732 1103 4796 Perhaps
1141 4747 1287 4783 some
1327 4732 1386 4783 of
1419 4734 1516 4783 the
1617 4735 1840 4783 written
1865 4736 1925 4782 in
1949 4731 2218 4783 Erasmus'
2243 4732 2395 4794 early
2418 4748 2586 4794 years.
