3355 5380
677 363 795 420 536
1381 357 1759 419 LETTERS
1812 357 1919 418 OF
1973 355 2374 418 ERASMUS
2893 352 3092 438 [1513

586 537 651 587 30
674 515 846 588 hunc
882 534 1016 576 esse
1056 515 1223 592 apud
1265 534 1367 576 me
1406 514 1599 576 donec
1641 534 1822 575 meus
1859 513 1968 574 ille
2009 513 2237 588 redeat,
2274 533 2352 574 ne
2388 512 2471 573 ob
2507 513 2808 592 exiguum
2837 516 3095 592 tempus

674 615 924 691 saepius
949 614 1320 675 ministrum
1348 617 1608 675 mutem.
1695 612 1774 674 Id
1800 615 1873 674 tu
1899 612 1997 674 illi
2021 611 2436 691 persuadebis.
2525 612 2705 688 Quod
2742 612 2799 672 si
2826 614 3096 674 omnino

676 711 858 789 nolit,
892 733 1249 792 quanquam
1276 733 1405 773 non
1433 711 1650 773 dubito
1677 713 1835 791 quin
1863 712 1949 773 sit
1986 731 2117 773 non
2146 711 2456 790 grauatim
2494 730 2813 790 passurus,
2848 715 2998 789 agat
3024 716 3096 774 vt

676 809 864 871 lubet.
950 810 1086 890 Ego
1134 811 1350 871 minus
1393 810 1652 871 moleste
1696 810 1895 871 feram
1943 810 2248 873 iacturam
2294 808 2496 884 officii,
2537 810 2701 888 quod
2745 809 2814 871 in
2857 809 3100 872 bonam

675 909 957 970 indolem
998 930 1249 986 operam
1290 909 1663 971 collocarim.
1749 909 1923 970 Bene
1961 908 2119 984 vale,
2151 909 2241 969 mi
2270 908 2514 986 Rogeri‚
2547 912 2611 969 et
2649 907 2990 986 aliquoties
3018 908 3097 969 ad

589 1028 652 1079 35
678 1028 796 1070 nos
821 1008 1091 1070 scribito.

760 1107 902 1167 Iam
929 1109 993 1168 et
1017 1107 1176 1168 illud
1203 1106 1364 1167 mihi
1391 1106 1570 1167 venit
1597 1105 1668 1165 in
1697 1108 1991 1182 mentem,
2015 1124 2125 1166 cur
2152 1125 2319 1166 vnus
2345 1125 2459 1183 ego
2483 1104 2702 1166 videar
2726 1104 2786 1165 ei
2827 1104 3098 1166 idoneus

678 1205 788 1283 qui
816 1205 1020 1266 filium
1047 1225 1235 1266 suum
1264 1225 1404 1265 meo
1431 1206 1688 1281 sumptu
1715 1207 1781 1264 et
1813 1204 2067 1265 doceam
2102 1207 2169 1264 et
2204 1203 2467 1264 vestiam
2504 1205 2570 1263 et
2605 1202 2789 1264 alam.
2876 1203 3099 1264 Minus

677 1302 875 1365 subiit
900 1303 1139 1365 sordidi
1166 1301 1500 1364 ministerii
1525 1321 1718 1379 quam
1744 1301 1911 1380 apud
1939 1305 2001 1363 te
2028 1301 2354 1363 subiturus
2378 1300 2589 1363 fuerit.
2678 1300 2965 1363 Habitus
2999 1305 3100 1362 est

678 1401 1057 1477 liberalitem
1113 1401 1277 1463 nihil
1321 1401 1483 1462 mihi
1524 1400 1791 1477 scripsit.
1879 1400 2010 1461 Nec
2052 1399 2183 1461 alui
2232 1400 2483 1461 sordide
2525 1420 2639 1461 nec
2679 1399 2930 1473 vestini,
2980 1419 3105 1460 nec

591 1520 657 1570 40
679 1499 863 1561 docui
889 1499 1307 1579 indiligenter.
1395 1500 1479 1560 Et
1513 1499 1570 1559 si
1604 1497 1715 1558 ille
1749 1501 1886 1558 tam
1923 1498 2145 1559 fuisset
2181 1497 2406 1559 auidus
2442 1497 2717 1559 discendi
2756 1517 2957 1575 quam
2981 1518 3097 1576 ego

680 1598 961 1673 docendi,
982 1598 1108 1658 iam
1126 1598 1292 1659 nihil
1308 1617 1463 1676 opus
1483 1596 1738 1658 haberet
1754 1596 1888 1657 vllo
1901 1597 2216 1658 literatore
2232 1600 2343 1658 aut
2358 1594 2614 1675 plagoso
2631 1597 3094 1675 grammatista.

681 1697 767 1758 Et
814 1700 966 1774 puto
1014 1716 1186 1757 meas
1233 1695 1446 1757 literas
1490 1715 1621 1755 non
1660 1714 1799 1756 esse
1845 1693 2310 1772 posthabendas
2355 1693 2714 1773 vulgarium
2760 1693 3105 1756 doctorum

680 1793 899 1856 literis.
986 1794 1128 1855 Non
1157 1794 1308 1854 haec
1335 1793 1473 1854 dico
1498 1793 1662 1871 quod
1691 1793 2031 1855 admodum
2056 1792 2333 1855 laborem
2362 1793 2440 1854 de
2475 1793 2754 1871 pecunia,
2785 1793 2898 1853 sed
2925 1794 3099 1872 quod

680 1914 795 1972 ego
830 1895 1078 1972 praeter
1113 1894 1383 1952 caeteros
1425 1891 1638 1952 videar
1677 1891 1941 1952 idoneus
1980 1891 2089 1970 qui
2131 1891 2220 1952 sic
2261 1893 2493 1953 tracter
2532 1910 2602 1951 ac
2643 1890 2872 1953 deinde
2912 1892 3105 1953 nulla

593 2013 655 2062 45
681 1992 881 2069 gratia
920 1990 1149 2068 spolier
1187 1990 1496 2051 ministro.
1581 1989 1819 2050 Verum
1858 1990 1936 2050 de
1974 1989 2077 2050 his
2114 1989 2274 2050 alias
2313 1988 2523 2050 latine.
2610 1989 2889 2051 Rursum
2932 1991 3099 2063 vale,

683 2089 910 2168 Rogeri
937 2087 1322 2150 charissime.
1409 2083 1650 2169 [1514]

1457 2277 1603 2340 2⁷8.
1694 2275 1789 2339 To
1834 2274 2027 2340 Jonn
2071 2272 2321 2343 Coum

757 2415 1002 2485 Farrago
1026 2433 1082 2485 p.
1118 2429 1236 2480 142.
1980 2411 2360 2485 (Landbeach
2377 2415 2427 2481 ‘?‚
2452 2412 2630 2485 near)
2657 2412 3025 2484 Cambridge.

755 2502 819 2560 F.
845 2521 902 2573 p.
929 2517 1064 2572 290:
1104 2499 1242 2555 HN:
1280 2500 1456 2557 Lond.
1484 2500 1554 2555 vi.
1581 2515 1644 2570 9:
1683 2499 1794 2555 LB.
1828 2515 1943 2570 107.
2197 2515 2261 2570 31
2282 2499 2536 2557 ,October
2562 2500 2795 2573 (1513)-

754 2624 910 2689 [1513
918 2657 932 2681 ‚
947 2623 1170 2672 because
1192 2621 1252 2671 of
1269 2622 1360 2671 the
1381 2621 1617 2671 allusion
1641 2623 1698 2670 to
1719 2621 1994 2671 Erasmus’
2018 2624 2264 2685 pension,
2287 2621 2347 2672 of
2362 2621 2545 2672 which
2569 2624 2664 2672 the
2686 2623 2806 2672 first
2830 2628 3101 2687 payment

684 2707 796 2741 was
818 2693 876 2739 to
900 2689 966 2738 be
989 2687 1149 2738 made
1170 2690 1228 2738 at
1253 2687 1603 2738 Michaelmas
1632 2702 1719 2749 151
1775 2703 1791 2749 ς
1823 2687 1935 2737 and
1956 2688 2179 2738 because
2200 2686 2261 2737 of
2288 2687 2386 2739 the
2409 2692 2717 2752 temporary
2740 2690 3096 2741 withdrawal

685 2756 827 2807 from
851 2754 1172 2818 Cambridge
1195 2753 1374 2802 before
1397 2754 1493 2804 the
1516 2703 1758 2818 plagae}

1115 2887 1431 2935 ERASMVS
1477 2887 1988 2935 ROTERODAMVS
2034 2886 2293 2935 COLETO
2339 2889 2465 2936 SVO
2509 2888 2563 2938 8.
2608 2888 2671 2935 D.

765 3010 865 3071 Da·
891 3008 1134 3069 reddita
1160 3008 1370 3086 quiete
1391 3008 1515 3067 dici
1537 3027 1664 3067 non
1688 3009 1894 3083 potest
1913 3028 2105 3084 quam
2129 3007 2244 3067 tibi
2264 3008 2557 3085 gratuler.
2616 3009 3101 3087 suffraganeum

687 3107 960 3168 demiror
995 3106 1146 3184 quid
1180 3106 1301 3167 sibi
1338 3106 1507 3179 velit,
1540 3125 1686 3166 cum
1722 3105 1839 3166 has
1872 3106 2225 3166 exactiones
2260 3107 2448 3168 sciret
2484 3107 2751 3169 indictas
2785 3109 2916 3169 iam
2954 3112 3099 3170 tum

686 3226 831 3268 cum
859 3206 1184 3282 pensionis
1211 3223 1371 3265 onus
1397 3202 1714 3281 reciperet.
1792 3203 2006 3282 Atque
2035 3204 2100 3264 id
2135 3204 2437 3282 temporis
2465 3205 2542 3266 de
2570 3207 3103 3269 communicando

688 3324 876 3365 onere
904 3303 1288 3365 decimarum
1315 3323 1398 3362 ne
1422 3302 1688 3363 verbum
1715 3301 1988 3379 quidem.

635 3414 663 3464 5
770 3403 986 3464 Sentio
1039 3406 1101 3462 te
1154 3400 1649 3462 substomachari
1714 3400 1879 3477 quod
1935 3400 2165 3461 iterum
2220 3403 2282 3461 te
2337 3400 2672 3463 insalutato
2730 3402 3102 3465 LondInum

687 3500 1066 3577 reliquerim,
1097 3503 1163 3560 et
1200 3499 1657 3577 impatientiam
1699 3500 1875 3559 taxas
1911 3517 2135 3560 meam.
2226 3499 2536 3578 Equidem
2579 3520 2708 3561 non
2746 3500 2995 3562 inficias
3028 3522 3105 3564 eo

690 3596 981 3656 morbum
1010 3616 1238 3671 meum,
1269 3616 1489 3657 verum
1518 3595 1684 3656 nihil
1709 3597 1849 3656 tum
1876 3596 1999 3657 fuit
2024 3597 2334 3657 eiusmodi
2360 3597 2713 3659 cuiusmodi
2739 3600 3099 3677 suspicaris.

691 3693 982 3754 Primum
1024 3694 1188 3754 nihil
1229 3696 1360 3754 erat
1400 3695 1566 3773 quod
1593 3696 1804 3755 tecum
1829 3714 2090 3773 agerem,
2123 3698 2188 3756 et
2213 3695 2423 3773 palam
2452 3695 2780 3758 admonuit
2808 3718 2911 3758 me
2949 3704 3104 3761 tuus

690 3791 1047 3853 Gulielmus
1072 3796 1134 3853 te
1162 3792 1361 3853 literis
1386 3793 1731 3853 scribendis
1758 3793 2306 3869 occupatissimum
2334 3813 2482 3868 esse,
2518 3815 2598 3855 ne
2626 3796 2779 3874 quid
2808 3796 3106 3859 obturba-

611 3906 669 3941 10
690 3909 824 3951 rem
848 3914 864 3964 ς
904 3909 1262 3967 quanquam
1289 3910 1402 3968 ego
1429 3910 1542 3951 nec
1570 3891 1639 3951 in
1666 3891 1784 3951 hoc
1811 3910 2121 3965 veneram,
2156 3891 2263 3951 sed
2292 3894 2364 3951 vt
2390 3891 2607 3955 literas
2634 3894 2714 3954 ad
2742 3914 2843 3954 me
2871 3896 3106 3957 missas

690 4008 729 4050 a
755 3990 866 4048 tuo
895 3987 1212 4049 Gulielmo
1238 3988 1590 4066 reciperem.
1682 3989 1766 4049 Et
1792 3988 1945 4049 adeo
1972 4008 2074 4048 me
2100 3989 2509 4066 properabam
2536 3990 2725 4053 istinc
2752 3992 3105 4055 subducere

1213 4136 1326 4188 277.
1344 4136 1424 4197 46.
1461 4134 1606 4184 EN‘:
1638 4134 1934 4184 clarissime
1956 4132 2061 4184 N¹⁸.
2200 4148 2325 4196 1514
2349 4139 2466 4185 add.
2487 4139 2556 4187 H.

757 4253 869 4305 277.
896 4266 978 4314 39.
1000 4252 1241 4317 scripsit]
1267 4251 1511 4315 copying
1532 4265 1644 4300 was
1665 4265 1766 4299 one
1790 4249 1850 4298 of
1946 4251 2010 4300 be
2042 4251 2273 4313 charged
2306 4266 2378 4301 on
2412 4252 2683 4302 Erasmus*
2717 4254 2981 4315 pension;
3034 4254 3111 4307 cf.

694 4317 790 4367 the
812 4318 1026 4382 regular
1047 4319 1228 4368 dutiea
1249 4316 1310 4366 os
1325 4331 1358 4365 a
1380 4316 1794 4379 servant-pupil.
1946 4315 2042 4379 Ep.
2069 4330 2166 4379 255
2189 4317 2387 4367 introd.

759 4385 873 4437 278.
897 4398 938 4434 1.
961 4384 1170 4450 quiete]
1188 4382 1267 4435 Cf.
1292 4383 1387 4445 Ep.
1407 4396 1505 4442 270
1517 4397 1581 4443 44
1600 4396 1653 4432 11.
1674 4379 1787 4429 and
1805 4381 1842 4430 l.
2012 4396 2061 4442 9.
2098 4382 2431 4447 Gulielmus]
2474 4381 2741 4445 Probably
2772 4383 2919 4436 Wm.
2953 4385 3109 4436 Dan-

695 4452 762 4498 26
783 4464 839 4499 n.
866 4453 1016 4507 intra.
1946 4450 2137 4508 caster,
2158 4447 2283 4497 who
2306 4463 2416 4498 was
2444 4462 2476 4496 a
2503 4448 2817 4512 dependant
2846 4449 2908 4499 of
2923 4450 3102 4512 colet,

825 4514 1261 4579 Suffraganeum]
1278 4510 1620 4576 Apparently
1639 4511 1849 4560 Thorn-
1946 4512 2055 4561 and
2082 4513 2325 4563 received
2349 4528 2381 4562 a
2402 4514 2588 4577 legacy
2609 4516 2670 4563 in
2696 4515 2785 4562 his
2805 4514 2942 4564 will.
3016 4516 3101 4567 cf.

696 4583 794 4629 ton
819 4580 928 4629 had
954 4579 1215 4644 proposed
1238 4579 1360 4627 that
1383 4592 1527 4625 some
1549 4576 1768 4638 portion
1793 4576 1853 4625 of
1948 4577 2118 4628 Lond.
2139 4580 2253 4628 xiii.
2281 4594 2357 4642 13,
2382 4579 2489 4629 LB.
2511 4594 2643 4641 4703
2678 4579 2911 4644 Knight‚
2930 4584 3037 4642 We
3057 4586 3116 4643 θ’

697 4646 794 4695 the
817 4645 1009 4695 tenths
1037 4645 1142 4695 due
1165 4645 1302 4695 from
1325 4642 1626 4705 Aldington
1648 4641 1848 4691 should
1949 4646 2075 4707 σοῖσι,
2102 4660 2153 4708 p.
2177 4659 2291 4707 ⁹31·
