3355 5380
255 412 430 499 ιδῃ]
795 418 1192 483 ERASMUS
1243 421 1352 485 'ro
1404 420 1631 483 JOHN
1688 421 2133 484 BOTZHEIM
2613 428 2649 483 ε

260 582 318 637 et
350 596 594 637 carmen
622 575 975 638 iambicum
1009 578 1153 655 plus
1180 597 1371 656 quam
1408 579 1942 656 extemporarium,
1977 599 2172 658 quum
2210 579 2369 640 forte
2406 584 2654 641 vacaret

259 676 629 750 membrana,
661 680 856 754 atque
890 677 1214 738 autoribus
1249 677 1514 738 eruditis
1540 677 1758 738 amicis
1785 677 1891 737 sed
1928 677 2252 756 praecipue
2290 679 2651 740 Guilhelmo

259 774 534 849 Grocino,
586 775 702 851 qui
744 778 889 834 tum
934 774 1100 836 inter
1141 776 1374 835 multos
1419 775 1784 837 Britanniae
1832 777 2043 837 doctos
2084 777 2354 853 primam
2402 777 2653 837 laudem

256 872 518 948 tenebat,
581 873 792 933 obtuli
845 873 1131 935 libellum
1186 875 1461 935 dicatum
1515 875 1588 935 R.
1650 875 1723 935 P.
1783 874 2142 935 Guilhelmo
2195 875 2653 953 archiepiscopo

253 970 707 1044 Cenimariensi,
731 972 933 1032 totius
958 973 1226 1049 Angliae
1251 972 1507 1050 primati
1534 975 1597 1034 et
1623 972 1758 1033 eius
1783 972 1963 1050 regni
1989 973 2378 1045 cancellario,
2413 974 2530 1035 hoc
2555 979 2651 1036 est
2677 991 2706 1042 5

251 1068 443 1128 iudici
479 1088 754 1130 summo.
844 1069 985 1130 Hoc
1020 1073 1154 1130 erat
1188 1074 1329 1130 tum
1366 1069 1631 1130 noticiae
1667 1072 1920 1130 nostrae
1951 1070 2103 1129 felix
2133 1071 2494 1148 auspicium.
2584 1072 2654 1133 Is

251 1187 445 1245 quum
487 1187 595 1227 me
635 1169 850 1243 paucis
884 1168 1212 1229 salutasset
1238 1172 1386 1228 ante
1412 1169 1763 1247 prandium,
1797 1167 2122 1228 hominem
2155 1170 2417 1230 minime
2442 1170 2655 1231 multi·

248 1266 511 1344 loquum
539 1269 653 1327 aut
675 1267 1094 1341 ambitiosum,
1127 1287 1343 1328 rursus
1369 1288 1407 1327 a
1431 1267 1694 1346 prandio
1730 1268 1943 1343 paucis
1979 1267 2424 1343 confabulatus,
2457 1272 2531 1329 vt
2557 1273 2654 1329 est

249 1367 312 1425 et
353 1365 494 1442 ipse
533 1365 819 1426 moribus
859 1364 1124 1425 minime
1170 1364 1467 1441 molestie,
1519 1365 1762 1426 dimisit
1808 1385 1953 1425 cum
1998 1365 2326 1426 honorario
2374 1385 2649 1439 munere,

249 1464 414 1541 quod
457 1483 575 1524 suo
616 1483 789 1524 more
829 1463 1000 1523 solus
1038 1463 1157 1524 soli
1196 1464 1391 1538 dedit,
1419 1484 1500 1524 ne
1540 1463 1642 1523 vel
1684 1464 1924 1540 pudore.
1953 1464 2054 1524 vel
2096 1464 2335 1524 inuidia
2366 1469 2654 1542 grauaret
2682 1490 2740 1526 ιο

249 1562 707 1638 accipientem:
747 1561 813 1621 id
839 1564 1046 1621 actum
1074 1565 1169 1621 est
1196 1562 1590 1623 Lambethae.
1679 1562 1849 1621 Dum
1875 1561 1954 1622 ab
1981 1563 2100 1622 hoc
2127 1561 2402 1623 redimus
2428 1563 2654 1639 cymba

249 1660 434 1734 vecti,
495 1660 1024 1737 quemadmodum
1078 1660 1212 1720 illic
1266 1680 1404 1721 mos
1457 1662 1568 1734 est,
1626 1659 1792 1720 inter
1844 1661 2269 1739 nauigandum
2321 1665 2494 1740 rogat
2547 1680 2654 1722 me

252 1757 588 1833 Grocinus,
622 1760 927 1835 quantum
959 1757 1329 1835 accepissem
1370 1757 1687 1832 muneris;
1736 1758 1874 1819 dico
1907 1779 2222 1820 summam
2253 1758 2644 1835 immensam,

250 1856 498 1918 ludens.
588 1856 796 1932 Quum
833 1856 941 1916 ille
976 1856 1222 1931 rideret,
1256 1876 1483 1934 quaero
1523 1876 1774 1917 causam
1801 1856 1981 1933 risus,
2014 1859 2079 1917 et
2109 1877 2192 1917 an
2220 1878 2348 1918 non
2379 1859 2655 1919 crederet

250 1954 565 2033 praesulis
599 1954 885 2014 animum
922 1974 1057 2014 esse
1083 1955 1293 2030 talem,
1328 1954 1438 2032 qui
1467 1957 1721 2015 tantum
1757 1955 1902 2015 dare
1928 1956 2160 2030 vellet3
2195 1958 2304 2016 aut
2330 1956 2650 2017 fortunam
2681 1980 2738 2032 15

252 2074 390 2115 esse
426 2054 627 2114 talem
656 2056 729 2113 vt
761 2055 1007 2113 tantam
1038 2053 1493 2131 benignitatem
1530 2053 1693 2113 ferre
1728 2073 1858 2114 non
1898 2057 2145 2131 posset;
2185 2057 2294 2114 aut
2332 2074 2488 2132 opus
2524 2075 2654 2116 non

253 2172 390 2213 esse
446 2153 710 2229 dignum
765 2149 974 2229 aliquo
1026 2152 1358 2229 magnifico
1411 2170 1688 2212 munere.
1776 2152 2059 2212 Tandem
2118 2153 2322 2213 aedito
2374 2154 2654 2214 muneris

254 2251 463 2326 modo,
512 2268 708 2328 quum
752 2249 977 2310 ludens
1018 2268 1303 2327 rogarem
1348 2269 1514 2326 quur
1558 2249 1885 2310 tantillum
1934 2250 2223 2324 dedisset,
2271 2252 2518 2328 vrgenti
2566 2270 2655 2312 re-

257 2350 515 2428 spondit
552 2347 717 2408 nihil
757 2348 986 2408 horum
1012 2367 1163 2423 esse,
1194 2348 1303 2409 sed
1344 2348 1660 2408 obstitisse
1700 2347 2138 2425 suspicionem,
2172 2369 2254 2409 ne
2288 2350 2446 2410 forte
2483 2350 2652 2410 idem

254 2448 459 2526 operis
486 2446 638 2508 alibi
665 2446 1041 2507 dedicassem
1069 2447 1269 2507 alteri.
1328 2447 1488 2507 Eam
1513 2466 1730 2507 vocem
1756 2447 2117 2523 admiratus,
2150 2467 2344 2525 quum
2371 2468 2652 2526 rogarem
2680 2475 2742 2510 πο

255 2548 578 2608 vndenam
622 2565 693 2606 ca
738 2545 1007 2623 suspicio
1053 2546 1329 2606 venisset
1370 2546 1616 2606 homini
1662 2545 1735 2605 in
1777 2550 2075 2621 mentem,
2129 2546 2352 2620 ridens,
2406 2547 2514 2606 sed
2555 2549 2656 2607 τὸν

256 2646 556 2725 σαρδόνιον
581 2647 820 2727 γέλωτα,
862 2644 1053 2722 ‘Quia
1091 2645 1183 2707 sic
1204 2646 1220 2671 ’
1252 2645 1461 2724 inquit
1495 2644 1742 2705 ‘soletis
1772 2645 1948 2720 vos'3
1976 2644 2335 2723 significans
2361 2644 2432 2706 id
2454 2645 2653 2706 solere

256 2746 393 2807 fieri
411 2766 451 2805 a
470 2749 720 2805 nostrae
736 2743 971 2804 farinae
987 2743 1367 2804 hominibus.
1441 2743 1569 2804 Hic
1583 2743 1836 2803 aculeus
1856 2762 2050 2820 quum
2070 2743 2420 2804 inhaereret
2437 2744 2653 2804 animo

256 2864 399 2905 meo
439 2842 588 2904 rudi
625 2842 853 2903 talium
893 2841 1308 2917 dicteriorum,
1342 2842 1718 2918 simulatque
1757 2860 1862 2901 me
1902 2841 2217 2900 Lutetiam
2260 2842 2648 2917 recepissem,

256 2942 403 3003 inde
445 2942 756 3019 petiturus
795 2940 1063 3015 Italiam,
1098 2941 1329 3001 librum
1372 2940 1572 3001 Badio
1611 2939 1840 3000 tradidi
1876 2939 2161 3000 formulis
2201 2939 2648 3015 excudendum,
2679 2966 2705 3001 2
2711 2967 2738 3016 5

255 3041 495 3102 adiecta
529 3039 865 3116 Iphigenia
892 3039 1239 3113 Aulidensi,
1274 3058 1460 3117 quam
1496 3038 1700 3098 fusius
1739 3057 1809 3097 ac
1845 3038 2102 3098 liberius
2131 3041 2438 3099 verteram
2466 3057 2656 3116 agens

256 3140 323 3200 in
357 3138 636 3216 Anglia;
684 3140 750 3198 et
791 3157 987 3215 quum
1018 3156 1213 3197 vnam
1246 3136 1572 3197 dumtaxat
1612 3136 1984 3197 obtulissem
2021 3136 2306 3213 praesuli,
2346 3140 2656 3215 vtranque

257 3239 461 3300 dicaui
508 3236 732 3297 eidem.
815 3235 918 3297 Sic
959 3236 1131 3296 vltus
1174 3254 1316 3294 sum
1362 3235 1616 3294 Grocini
1662 3235 1917 3310 dictum,
1965 3255 2161 3313 quum
2215 3235 2467 3295 interim
2519 3255 2653 3295 non

256 3338 556 3399 haberem
611 3334 678 3394 in
725 3333 937 3394 animo
995 3333 1262 3393 reuisere
1304 3332 1717 3406 Britanniam,
1769 3352 1883 3393 nec
1931 3333 2008 3393 de
2052 3332 2388 3409 repetendo
2433 3333 2655 3393 Archi·

257 3439 545 3514 episcopo
580 3433 912 3511 cogitarem
939 3453 955 3506 ;
996 3434 1170 3492 tanta
1202 3434 1343 3492 tum
1383 3435 1516 3490 erat
1558 3432 1625 3490 in
1665 3434 1797 3491 tam
1836 3432 2013 3492 tenui
2053 3431 2305 3491 fortuna
2341 3431 2644 3508 superbia.
2677 3458 2740 3508 30

257 3535 396 3596 Hoc
453 3551 615 3611 opus
668 3532 862 3591 semel
915 3534 1097 3607 atque
1151 3529 1383 3590 iterum
1431 3529 1819 3606 recognitum
1872 3533 2258 3606 postremum
2314 3529 2432 3589 hoc
2485 3548 2652 3590 anno

255 3631 608 3711 recognoui.

334 3729 726 3790 Adolescens
765 3727 1048 3787 nondum
1087 3745 1286 3786 annos
1311 3728 1496 3786 natus
1524 3725 1864 3786 octodecim
1891 3725 2153 3803 elegiaco
2190 3725 2479 3798 carmine,
2511 3745 2651 3803 quo·

258 3829 429 3888 niam
487 3828 560 3887 in
609 3846 682 3886 eo
728 3827 942 3886 minus
994 3826 1294 3899 valebam,
1353 3825 1697 3884 declamare
1752 3843 2075 3903 coeperam
2125 3825 2421 3884 aduersus
2473 3825 2646 3897 vitia,

258 3925 607 3999 libidinem,
653 3923 999 3999 auariciam,
1041 3921 1469 3983 ambitionem.
1555 3921 1694 3983 Has
1738 3922 2009 4001 ineptias
2052 3923 2237 3984 amici
2283 3943 2386 3983 me
2432 3923 2648 3999 procul
2677 3947 2737 4000 35

320 4074 367 4122 6.
402 4075 528 4120 tum
552 4074 663 4118 add.
686 4071 737 4124 β.
871 4068 1005 4119 felix
1024 4073 1137 4118 add.
1159 4070 1212 4123 β.
1414 4084 1491 4117 99.
1524 4070 1592 4123 B:
1626 4066 1890 4131 σαρδώνιον
1910 4087 1956 4119 α.
2145 4084 2224 4131 93.
2258 4070 2565 4119 inhaereret
2586 4085 2648 4116 a:

259 4138 502 4187 haereret
522 4138 578 4190 β.
777 4150 856 4196 94.
890 4135 1219 4196 simulatque
1241 4136 1307 4188 B:
1341 4134 1431 4184 vbi
1456 4152 1502 4184 α.
1703 4149 1782 4199 35.
1820 4135 2113 4185 auariciam
2133 4152 2224 4186 om.
2245 4138 2296 4190 β.

321 4354 401 4401 33.
439 4337 678 4400 elegiaco
700 4333 967 4398 carmine]
1002 4335 1116 4384 The
1144 4335 1301 4384 three
1328 4349 1407 4383 sa-
1503 4335 1722 4384 volume
1766 4336 1949 4385 which
1993 4336 2092 4384 has
2136 4336 2273 4384 been
2318 4335 2650 4398 reproduced

262 4407 389 4454 tiras
423 4404 512 4467 (d.
550 4404 648 4466 Ep.
692 4402 776 4451 98.
818 4401 900 4463 16)
939 4402 999 4450 in
1033 4402 1272 4464 elegiaca,
1314 4402 1406 4449 ‘in
1502 4400 2170 4464 photo-lithographically
2184 4402 2257 4462 by
2274 4401 2373 4451 Ch.
2394 4401 2644 4462 Ruelens,

264 4485 460 4519 errores
486 4468 821 4561 hominurn?
849 4468 937 4515 ‘in
965 4467 1224 4515 iuuenem
1252 4466 1408 4515 luxu·
1505 4467 1769 4525 Brussels,
1798 4469 1936 4528 1864.
2002 4468 2149 4528 Snoy
2170 4470 2336 4515 states
2357 4468 2480 4516 that
2496 4467 2649 4516 Eras-

264 4538 341 4584 ria
369 4533 744 4594 defluentemf
771 4533 853 4581 ‘in
884 4532 1115 4581 diuitem
1140 4533 1404 4592 auarumst
1506 4546 1631 4581 mus
1671 4536 1686 4558 ‘
1707 4533 1950 4582 nondum
1990 4534 2176 4594 agebat
2211 4546 2420 4580 annum
2455 4532 2649 4594 vigesi-

264 4601 546 4662 published
577 4602 652 4662 by
676 4599 895 4661 Reyner
923 4598 1069 4660 Snoy
1100 4597 1161 4645 in
1182 4601 1409 4646 Hor-osmi
1507 4595 1697 4646 mum!
1765 4599 1862 4647 See
1901 4598 2170 4646 Erasmus’
2212 4597 2422 4659 preface
2461 4601 2519 4645 to
2557 4596 2649 4645 his

266 4671 548 4717 Βοωνοιὶοηη·
570 4669 715 4715 Silua
739 4667 1033 4723 caminam,
1056 4662 1260 4722 Gouda,
1282 4664 1411 4712 Ael-
1504 4664 1821 4713 authorized
1843 4663 2067 4726 edition,
2089 4662 2324 4712 entitled
2342 4667 2649 4722 &owanas-

270 4732 378 4782 lard
426 4733 652 4789 Gauter.
703 4729 769 4779 18
816 4729 941 4792 Ray
991 4742 1150 4791 15133
1203 4743 1237 4778 a
1288 4743 1409 4778 rare
1506 4735 1654 4791 mata,
1679 4729 1934 4789 Louvain,
1961 4728 2056 4779 Th.
2085 4728 2339 4789 Martens,
2368 4742 2510 4789 1521.
