3355 5380
593 421 715 475 450
1303 413 1684 476 LETTERS
1738 416 1847 477 or
1900 413 2300 476 ERAsMUs
2806 412 3001 497 [1509

596 568 647 617 if
683 569 799 618 this
839 569 1003 619 letter
1036 585 1147 618 was
1191 571 1286 619 not
1337 568 1667 632 Mountjoy's
1710 571 2084 632 composition,
2122 569 2377 619 Erasmus
2414 584 2525 620 was
2564 585 2596 619 a
2636 573 2797 633 party
2830 573 2886 620 to
2926 572 3007 619 its

593 635 921 686 attribution
945 637 1003 684 to
1025 631 1188 699 him.]

842 783 1296 830 GVILHELMVS
1340 783 1721 833 MONTIOIVS
1768 784 2045 832 ERASMO
2094 783 2562 832 ROTERODAMO
2607 784 2657 832 S.
2705 786 2773 833 D.

677 905 885 965 Num.
928 924 1162 981 vereor,
1214 903 1307 965 mi
1355 905 1631 980 Erasme,
1685 906 1838 982 quin
1888 905 1998 966 vbi
2039 905 2317 984 primum
2360 904 2595 965 audisti
2640 904 3007 983 Principem

596 1005 908 1078 nostrum,
950 1002 1306 1064 Henricum
1352 1006 1643 1064 octauum
1692 1022 1802 1064 seu
1845 1003 2054 1082 potius
2097 1004 2449 1079 Octauium,
2501 1003 2796 1064 defuncto
2838 1005 3008 1080 patri

596 1101 666 1163 in
692 1121 959 1179 regnum
985 1100 1372 1176 successisse,
1400 1103 1608 1163 omnis
1632 1102 1754 1163 tibi
1781 1123 1857 1163 ex
1884 1102 2096 1163 animo
2121 1102 2450 1180 aegritudo
2477 1104 2733 1180 repente
2757 1101 3002 1163 abierit.

598 1199 763 1275 Quid
808 1201 979 1262 enim
1040 1199 1158 1261 tibi
1210 1199 1493 1277 polliceri
1546 1221 1675 1261 non
1731 1201 1935 1279 possis
1990 1201 2067 1261 de
2119 1201 2414 1277 Principe
2461 1200 2642 1261 cuius
2695 1201 3008 1278 egregiam

544 1315 573 1364 5
597 1319 912 1377 propeque
940 1299 1226 1360 diuinam
1247 1299 1525 1360 indolem
1551 1299 1744 1377 probe
1771 1299 1944 1360 noris
1960 1301 1994 1360 ⁶?
2034 1299 2136 1359 cui
2164 1297 2536 1374 praesertim
2556 1298 2646 1359 sis
2670 1318 2800 1358 non
2815 1298 3010 1358 modo

598 1401 805 1472 notus,
838 1398 947 1459 sed
979 1398 1172 1458 etiam
1211 1397 1556 1472 familiaris,
1587 1398 1817 1475 quippe
1856 1397 2071 1458 literas
2095 1396 2232 1457 eius
2262 1397 2479 1475 digitis
2510 1399 2807 1470 exaratae,
2837 1395 3008 1473 quod

598 1495 814 1573 paucis
868 1495 1144 1573 contigit,
1205 1497 1514 1574 accepisti.
1617 1495 1858 1557 Verum
1911 1495 1968 1555 si
2019 1495 2179 1556 scias
2226 1515 2417 1572 quem
2472 1514 2643 1555 nunc
2696 1495 2886 1555 heroa
2940 1514 3009 1554 se

599 1594 886 1668 praestet,
920 1613 1111 1670 quam
1139 1594 1452 1672 sapienter
1479 1614 1545 1655 se
1576 1597 1770 1672 gerat,
1801 1596 2072 1671 quantus
2097 1595 2284 1670 aequi
2320 1593 2592 1672 bonique
2628 1593 2714 1655 sit
2746 1596 3005 1669 amator,

599 1690 768 1768 quod
811 1692 1097 1752 studium
1143 1693 1213 1752 in
1257 1692 1536 1753 literatos
1572 1712 1721 1770 prae
1757 1712 1822 1752 se
1855 1692 2030 1765 ferat,
2075 1692 2280 1753 ausim
2319 1712 2459 1752 meo
2497 1692 2772 1770 periculo
2805 1691 3011 1752 iurare

516 1807 577 1843 10
603 1793 666 1850 te
707 1790 810 1851 vel
851 1791 988 1851 sine
1029 1791 1162 1866 alis,
1212 1793 1287 1851 vt
1334 1791 1451 1852 hoc
1496 1811 1737 1852 nouum
1779 1795 1844 1852 et
1887 1792 2155 1851 salutare
2198 1789 2392 1868 sydus
2435 1790 2714 1868 aspicias,
2764 1791 2887 1850 huc
2930 1788 3010 1849 ad

603 1908 721 1948 nos
772 1907 1038 1966 propere
1084 1888 1540 1951 aduolaturum.
1643 1889 1697 1950 Ο
1745 1889 1834 1949 mi
1886 1890 2165 1961 Erasme,
2224 1889 2279 1950 si
2325 1889 2539 1950 videas
2587 1892 2659 1949 vt
2714 1887 3014 1949 mortales

605 2005 824 2046 omnes
863 1986 967 2046 hic
1008 1986 1252 2047 laeticia
1294 1987 1580 2065 gestiant,
1613 1990 1686 2048 vt
1727 1988 1804 2049 de
1846 1991 2023 2049 tanto
2064 1987 2358 2065 Principe
2398 1986 2523 2048 sibi
2562 1987 2892 2064 gaudeant,
2939 1989 3014 2046 vt

602 2083 770 2143 nihil
806 2085 1008 2163 magis
1047 2088 1348 2162 exoptent
1385 2105 1576 2163 quam
1614 2085 1749 2146 eius
1781 2087 2001 2161 vitam,
2033 2086 2388 2164 lachrymas
2423 2105 2568 2163 prae
2609 2084 2837 2163 gaudio
2873 2101 3017 2145 con·

603 2182 808 2243 tinere
844 2203 974 2245 non
1011 2203 1240 2261 posses.
1315 2183 1501 2245 Ridet
1535 2184 1766 2258 aether,
1799 2185 2040 2246 exultat
2076 2189 2275 2258 terra3
2317 2184 2532 2244 omnia
2567 2183 2768 2258 lactis,
2799 2184 3016 2244 omnia

521 2301 580 2351 15
606 2281 829 2356 mellis,
869 2282 1084 2342 omnia
1123 2283 1393 2344 nectaris
1433 2285 1585 2344 sunt
1618 2284 1826 2361 plena.
1900 2283 2134 2343 Exulat
2171 2283 2360 2361 longe
2402 2281 2688 2360 gentium
2729 2280 3012 2356 auaritia,

606 2379 780 2456 larga
841 2399 1036 2442 manu
1098 2381 1334 2458 spargit
1393 2400 1542 2458 opes
1605 2381 1964 2443 liberalitas.
2071 2380 2298 2442 Noster
2362 2380 2498 2441 Rex
2568 2400 2696 2441 non
2763 2397 3009 2454 aurum,

610 2496 738 2538 non
778 2498 1073 2557 gemmas,
1119 2499 1249 2539 non
1290 2479 1562 2556 metalla,
1601 2481 1711 2540 sed
1747 2479 2069 2554 virtutem,
2116 2480 2224 2540 sed
2267 2479 2548 2557 gloriam,
2595 2479 2704 2540 sed
2747 2477 3013 2537 aeterni-

609 2579 806 2637 tatem
848 2578 1248 2655 concupiscit.
1330 2579 1605 2640 Gustum
1644 2578 1763 2638 tibi
1801 2577 1979 2640 dabo.
2063 2577 2500 2655 Superioribus
2540 2578 2770 2648 diebus,
2815 2595 3015 2654 quum

610 2695 678 2736 se
715 2675 1118 2738 eruditiorem
1145 2667 1402 2754 optaret,
1443 2676 1620 2737 ‘Non
1651 2678 1769 2738 hoc
1790 2677 1805 2702 ’
1831 2677 2108 2756 inquam,
2145 2678 2287 2737 ‘nos
2315 2698 2352 2737 a
2380 2679 2460 2751 te,
2494 2676 2601 2738 sed
2630 2679 2701 2737 vt
2738 2672 3016 2735 eruditos

523 2794 585 2829 20
610 2774 1008 2853 amplectaris
1047 2778 1111 2835 et
1151 2775 1365 2836 foueas
1403 2776 1800 2854 expetimuS.’
1883 2776 2082 2851 ‘Quid
2121 2775 2272 2837 ni?’
2310 2777 2535 2854 inquit,
2586 2778 2844 2851 ‘nempe
2881 2774 3018 2834 sine

611 2872 743 2933 illis
783 2873 892 2933 vix
939 2875 1261 2934 essemus.’
1377 2875 1548 2950 Quae
1586 2894 1710 2934 vox
1753 2895 1854 2934 ore
1899 2873 2204 2952 principis
2249 2874 2618 2953 praeclarior
2660 2874 2872 2934 emitti
2919 2891 3019 2950 po-

614 2971 789 3032 tuit?
870 2970 992 3032 Sed
1030 2991 1145 3048 ego
1182 2971 1567 3051 imprudens,
1599 2974 1709 3050 qui
1745 2972 1953 3049 fragili
1988 2975 2118 3033 rate
2147 2974 2464 3035 Oceanum
2501 2971 2857 3051 ingredior:
2898 2971 3020 3032 tibi

612 3069 764 3131 hoec
806 3068 1129 3146 prouincia
1170 3074 1470 3132 seruatur.
1559 3070 1736 3132 Haec
1775 3073 1989 3131 tamen
2032 3070 2295 3148 paucula
2336 3071 2414 3132 de
2459 3070 2668 3132 diuini
2706 3069 3022 3146 Principis

615 3167 906 3228 laudibus
943 3168 1013 3227 in
1052 3168 1363 3245 principio
1403 3169 1618 3230 statim
1660 3168 1957 3246 epistolae
2004 3189 2379 3247 praeponere
2417 3170 2608 3243 volui,
2652 3172 2723 3230 vt
2771 3169 2829 3229 si
2869 3166 3020 3245 quid

527 3288 551 3322 2
559 3290 587 3340 5
614 3266 731 3327 tibi
771 3266 1068 3327 tristiciae
1108 3267 1175 3327 in
1215 3268 1431 3327 animo
1470 3267 1752 3338 resideat,
1784 3267 2073 3345 protinus
2105 3268 2515 3345 expellerem3
2572 3270 2680 3328 aut
2717 3267 2773 3326 si
2813 3266 3024 3327 omnis

616 3364 797 3442 pulsa
834 3365 934 3438 sit,
971 3382 1148 3442 spem
1183 3384 1373 3442 quam
1413 3366 1767 3442 concepisti,
1813 3385 1942 3426 non
1976 3365 2183 3426 solum
2221 3367 2656 3427 confirmarem
2682 3366 2787 3425 sed
2816 3365 3023 3441 magis

617 3463 937 3541 magisque
966 3481 1275 3539 augerem.

700 3560 889 3621 Nunc
927 3560 1003 3620 ad
1044 3564 1189 3621 tuas
1230 3561 1445 3623 literas
1482 3563 1683 3637 venio,
1727 3582 1995 3641 quarum
2032 3583 2191 3623 vnas
2226 3582 2326 3637 111,
2373 3562 2596 3623 alteras
2629 3579 2778 3621 vero
2820 3559 3024 3638 pridie

618 3659 766 3721 Kal.
812 3659 1009 3720 Maias
1049 3659 1284 3721 Romae
1322 3660 1401 3721 ad
1450 3681 1553 3722 me
1600 3661 1871 3723 dederas.
1980 3661 2220 3723 Primis
2260 3665 2322 3722 et
2365 3659 2819 3722 iucunditatem
2861 3660 3024 3720 mihi

530 3778 594 3828 30
618 3761 686 3819 et,
709 3757 1066 3819 molestiam
1103 3761 1341 3836 pariter
1376 3760 1647 3822 attulisti
1673 3783 1689 3835 ;
1734 3765 1917 3838 quod,
1945 3765 2018 3823 vt
2054 3760 2259 3838 debes,
2297 3761 2494 3821 amice
2529 3762 2594 3820 et
2630 3758 3025 3820 familiariter

621 3859 731 3918 tuo
749 3856 1028 3919 Monioio
1051 3859 1328 3933 consilia,
1362 3861 1784 3937 cogitationes,
1820 3879 2016 3935 casus,
2041 3877 2494 3935 aerumnasque
2522 3861 2663 3919 tuas
2691 3856 3022 3936 aperueris.

621 3954 763 4016 Hoc
810 3957 1064 4034 quidem
1106 3958 1500 4033 iucundum;
1549 3959 1613 4020 id
1656 3978 1806 4019 vero
1848 3958 2204 4033 molestum,
2251 3957 2418 4036 quod
2463 3960 2527 4017 te
2571 3956 3027 4017 amicissimum

620 4073 851 4131 meum,
899 4055 1001 4117 cui
1049 4057 1117 4118 in
1159 4057 1384 4135 primis
1425 4056 1580 4117 bene
1620 4076 1753 4118 esse
1800 4057 1997 4134 cupio,
2043 4057 2237 4118 variis
2283 4055 2570 4116 fortunae
2616 4055 2762 4115 telis
2804 4053 3027 4130 impeti

621 4154 943 4231 perspicio.
1033 4155 1402 4217 Consolarer
1456 4158 1517 4216 te
1569 4154 1857 4232 bonoque
1901 4154 2117 4216 animo
2161 4175 2295 4216 esse
2343 4154 2641 4228 iuberem,
2695 4153 2765 4213 ni
2812 4157 2922 4213 tua
2963 4153 3030 4210 te

535 4268 596 4318 35
625 4255 864 4331 sponte,
907 4254 962 4314 si
998 4254 1148 4333 quid
1179 4256 1394 4314 tamen
1435 4273 1684 4330 sperare
1716 4253 1922 4329 audeS,
1965 4254 2035 4313 in
2070 4273 2250 4331 spem
2287 4271 2414 4314 non
2452 4271 2713 4330 paruam
2750 4253 3028 4312 erectum

688 4409 786 4445 m.
847 4410 1184 4445 evrmmvs
1229 4430 1243 4446 .
1288 4431 1301 4445 .
1347 4434 1361 4447 .
1406 4409 1504 4444 sm.
1549 4398 1660 4443 add.
1706 4397 1941 4444 Erasmus
1984 4399 2097 4458 ipso,
2146 4399 2230 4455 qui
2278 4400 2433 4454 primo
2472 4409 2714 4443 Annuus
2757 4407 3032 4442 unmmvs

624 4466 875 4521 scripserat
903 4478 988 4520 pro
1020 4475 1357 4511 omma
1389 4474 1684 4510 nomem.
1939 4476 1980 4510 1.
2020 4461 2212 4511 Nihil:
2253 4461 2334 4509 nil
2368 4477 2402 4509 α
2430 4465 2591 4519 prima
2623 4476 2777 4508 manu
2806 4465 3034 4519 sev-ipanus

624 4541 741 4575 corr.
791 4531 1030 4576 Erasmus.
1247 4540 1324 4575 ao.
1361 4528 1666 4589 expetimus
1689 4528 1795 4577 MS.
1825 4530 1960 4578 LB.:
1993 4530 2338 4590 expectemus
2360 4530 2505 4575 Lond-
2732 4541 2810 4574 22.
2850 4525 3033 4588 fragili

627 4594 743 4640 rate
766 4596 870 4644 HS.
892 4597 963 4644 F:
1001 4592 1293 4655 fragilitate
1315 4595 1363 4640 Ε
1385 4596 1556 4651 Gon-riq.
1843 4594 1923 4641 28.
1963 4607 2048 4642 111.
2076 4596 2181 4643 MS.
2207 4609 2220 4642 :
2250 4594 2415 4671 tertio
2436 4596 2496 4641 Ε.

629 4695 760 4702 ψ
851 4698 938 4703 ᾼ-μ,
953 4698 992 4703 .-
1101 4698 1148 4703 -

695 4737 743 4786 5.
766 4698 1146 4786 diuinaijf.
1171 4696 1266 4785 ἔρ.
1293 4736 1403 4772 221.
1429 4722 1495 4770 26
1517 4721 1627 4770 and
1652 4722 1757 4773 LB.
1788 4722 1926 4785 App.
1957 4736 2066 4785 130.
2431 4723 2479 4770 6.
2514 4720 2723 4785 literas]
2747 4720 2842 4783 Ep.
2870 4722 2985 4771 206.
