3355 5380
968 415 1075 477 ΤΟ
1129 415 1607 477 CORNELIUS
1664 416 2017 477 GERARD
2596 421 2710 477 115

296 410 479 495 1489]

290 569 520 631 dixerit
565 591 703 632 non
745 572 952 648 video,
992 571 1118 633 nisi
1157 572 1318 632 forte
1355 591 1462 633 eos
1501 572 1671 633 viros
1710 573 2053 651 praeclaros
2095 572 2494 651 appellandos
2533 577 2711 651 puta-

296 667 471 743 bunt,
505 688 671 745 quos
698 689 818 747 ego
845 668 1156 730 barbariei
1183 670 1371 731 duces
1395 670 1498 730 vel
1524 669 1889 749 praecipuos
1915 670 2137 745 iudico,
2163 671 2441 748 Papiam,
2470 671 2712 749 Hugui·

296 765 549 841 tionem,
617 766 996 843 Ebrardum‚
1065 768 1448 843 catholicon,
1519 766 1825 828 Ioannem
1890 767 2296 845 Garlandum‚
2367 768 2703 844 Isidorum,

299 866 696 942 caeterosque
725 864 1025 942 indignos
1059 866 1249 927 etiam
1287 866 1397 945 qui
1431 864 1878 927 nominentur:
1920 870 2029 927 aut
2064 870 2230 927 certe
2266 866 2392 927 nisi
2429 866 2708 945 idipsum
2733 882 2802 935 90

302 962 656 1024 mordacius
712 963 949 1024 dixisse
989 967 1230 1041 vocant,
1284 964 1449 1043 quod
1498 964 1981 1043 reprehendisse.
2069 965 2306 1025 Verum
2355 967 2503 1041 esto,
2551 985 2712 1027 mor·

301 1061 506 1122 dacior
542 1081 744 1139 aequo
782 1062 1001 1124 fuerit:
1050 1082 1205 1124 num
1243 1063 1384 1124 ideo
1419 1063 1651 1124 falsum
1694 1062 1870 1139 dixit,
1915 1062 2062 1141 quia
2097 1084 2319 1125 verum
2356 1064 2710 1125 mordacius

305 1159 461 1220 dixit
477 1163 511 1221 ⁴?
596 1159 965 1238 Vsqueadeo
1000 1160 1183 1222 nobis
1219 1162 1364 1223 odio
1400 1165 1495 1223 est
1530 1162 1656 1223 ista
1691 1162 2079 1237 mordacitas,
2112 1166 2185 1222 vt
2217 1162 2353 1223 eius
2392 1162 2535 1224 odio
2572 1167 2709 1224 tam

305 1258 502 1318 multa
556 1258 725 1319 scitu
780 1258 969 1337 digna
1020 1261 1481 1339 necessariaque
1546 1262 1932 1322 detestemur
1949 1263 1981 1321 ⁴?
2062 1261 2239 1322 Adeo
2302 1261 2470 1323 nihil
2532 1261 2708 1340 igno·

302 1357 609 1417 scendum
634 1359 933 1434 putamus
960 1358 1019 1418 ei
1047 1359 1156 1437 qui
1176 1361 1271 1419 tot
1292 1359 1499 1420 modis
1523 1359 1763 1437 profuit
1780 1361 1813 1420 *Ρ
1872 1359 2075 1421 Venia
2096 1360 2279 1420 datur
2300 1360 2703 1435 conuiuatori,
2733 1370 2795 1421 9⁵

300 1455 355 1515 si
379 1455 553 1515 inter
581 1455 785 1516 multa
819 1456 994 1517 lauta
1030 1457 1206 1518 cibus
1240 1457 1470 1536 aliquis
1506 1456 1935 1517 intercurrerit
1974 1457 2267 1518 nonnihil
2302 1457 2565 1519 adustus
2600 1461 2709 1520 aut

300 1573 525 1630 parum
580 1553 851 1614 feliciter
904 1554 1210 1618 conditus»
1296 1555 1366 1616 Si
1412 1555 1684 1617 vicinius
1729 1555 2106 1616 imminente
2152 1556 2480 1618 moenibus
2525 1557 2708 1619 hoste

300 1654 560 1728 totoque
585 1651 820 1728 populo
846 1652 982 1714 dira
1007 1652 1360 1714 calamitate
1386 1673 1456 1714 ac
1482 1652 1911 1731 desperatione
1947 1652 2169 1713 salutis
2206 1656 2425 1714 enecto
2464 1658 2709 1733 praeter

299 1767 476 1825 spem
520 1750 741 1810 offerat
780 1770 846 1811 se
888 1752 1216 1829 quispiam,
1261 1752 1372 1831 qui
1410 1751 1511 1813 sui
1551 1751 1772 1830 capitis
1809 1750 2083 1829 periculo
2126 1752 2395 1830 depellat
2436 1753 2699 1830 hostem,

297 1846 570 1922 patriam
614 1848 900 1910 restituat
945 1850 1237 1925 libertati,
1283 1850 1436 1929 quid
1479 1870 1609 1911 non
1649 1850 1749 1910 illi
1789 1849 2038 1927 gloriae,
2084 1849 2234 1927 quid
2278 1870 2406 1911 non
2444 1851 2705 1913 beneuo·
2737 1878 2830 1914 100

299 1942 530 2005 lentiae
588 1947 874 2007 certatim
918 1947 1230 2009 deferetur
1274 1949 1355 2009 ab
1401 1949 1695 2009 omnibus
1712 1950 1746 2009 ⁴?
1824 1949 1933 2008 An
1980 1948 2148 2008 hunc
2195 1948 2376 2009 nobis
2423 1947 2705 2011 inuisum

300 2042 533 2118 reddet,
566 2043 624 2103 si
659 2045 849 2121 paulo
885 2045 969 2104 sit
1004 2045 1280 2106 bibacior
1294 2048 1329 2106 ⁴?
1366 2047 1656 2125 tantique
1691 2045 1979 2106 beneficii
2016 2045 2389 2107 memoriam
2415 2046 2704 2126 quamuis

298 2138 437 2200 leue
470 2140 706 2202 vitium
744 2143 1066 2205 abolebit?
1147 2145 1231 2205 Et
1269 2144 1412 2223 quis
1450 2147 1583 2205 tam
1625 2143 1838 2221 exigui
1878 2144 2078 2204 animi
2119 2148 2231 2221 est,
2271 2144 2448 2205 cuius
2485 2148 2704 2222 pectus

297 2239 495 2299 tantis
540 2239 823 2299 inuidiae
870 2240 1179 2318 angustiis
1220 2242 1628 2317 concluditur,
1675 2244 1748 2302 vt
1792 2242 2043 2303 Vallam
2088 2262 2217 2303 non
2266 2244 2328 2303 et
2376 2242 2704 2321 magnifice

295 2337 510 2398 laudet
561 2340 624 2398 et
672 2342 839 2398 amet
889 2360 1078 2418 quam
1125 2341 1440 2416 maxime3
1497 2340 1606 2420 qui
1649 2343 1828 2401 tanta
1875 2339 2200 2414 industria,
2250 2343 2424 2402 tanto
2472 2341 2697 2416 studio,
2735 2371 2825 2425 105

297 2435 497 2495 tantis
540 2436 877 2498 sudoribus
927 2437 1327 2499 barbarorum
1370 2438 1639 2516 ineptias
1677 2438 1924 2513 refellit,
1969 2438 2185 2499 literas
2229 2458 2388 2516 pene
2427 2439 2704 2518 sepultas

294 2534 376 2593 ab
410 2534 678 2595 interitu
710 2535 1072 2611 vindicauit,
1114 2536 1319 2613 prisco
1354 2536 1740 2615 eloquentiae
1771 2535 2089 2614 splendori
2125 2537 2395 2598 reddidit
2425 2537 2695 2612 Italiam,

295 2633 497 2694 doctis
522 2633 715 2695 etiam
742 2634 808 2695 id
835 2634 1167 2713 praestitit,
1201 2638 1273 2697 vt
1297 2635 1554 2714 posthac
1582 2634 2068 2714 circunspectius
2094 2636 2269 2716 loqui
2294 2641 2595 2716 cogantur
2611 2639 2644 2700 ‘2

374 2734 547 2795 Huic
595 2735 821 2812 itaque,
874 2734 965 2794 mi
1007 2734 1273 2811 Corneli,
1323 2735 1450 2796 nisi
1493 2735 1656 2796 forte
1698 2735 1932 2795 vereris
1976 2755 2057 2795 ne
2100 2739 2164 2795 te
2206 2736 2466 2796 mordax
2511 2736 2702 2798 homo

292 2831 621 2911 discerpat,
676 2835 815 2893 tuto
871 2836 935 2893 te
990 2832 1391 2907 commiseris,
1446 2833 1502 2893 si
1554 2853 1688 2894 non
1743 2832 1880 2892 sine
1934 2832 2193 2909 inuidia,
2248 2853 2404 2911 quae
2459 2852 2705 2912 semper
2734 2863 2827 2899 110

287 2930 519 2990 arduas
547 2929 1034 3008 magnificasque
1061 2950 1158 2991 res
1185 2930 1472 2992 comitari
1495 2931 1669 3006 solet,
1705 2950 1847 2991 mea
1873 2932 2088 2992 tamen
2113 2931 2428 2993 sententia
2454 2952 2704 2995 summa

291 3031 433 3088 tum
461 3027 736 3089 vtilitate
764 3031 906 3089 tum
934 3029 1147 3106 gloria.
1241 3028 1320 3090 Id
1346 3028 1548 3108 igitur
1574 3029 1822 3108 quando
1849 3029 2019 3105 facis,
2051 3031 2126 3090 vt
2152 3029 2357 3107 magis
2383 3030 2701 3109 magisque

289 3126 480 3187 facias
520 3130 587 3187 te
623 3126 813 3188 etiam
853 3131 1039 3205 atque
1081 3127 1271 3188 etiam
1312 3148 1478 3207 rogo.
1564 3126 1814 3189 Senties
1853 3128 1983 3188 tuis
2023 3128 2270 3206 scriptis
2311 3148 2439 3189 non
2480 3149 2701 3207 parum

288 3225 580 3285 accedere
610 3225 850 3299 nitoriS,
885 3225 1012 3286 nisi
1039 3225 1198 3286 forte
1224 3224 1485 3287 Batauis
1512 3227 1665 3288 solis
1695 3226 1815 3287 ista
1840 3246 2039 3303 paras.
2126 3227 2298 3287 Bene
2327 3226 2484 3312 vale.

374 3320 600 3404 [Anno
629 3319 1001 3404 1.coco.xc.]

866 3443 946 3492 93.
986 3433 1101 3478 tam
1124 3433 1170 3478 F
1190 3447 1204 3479 ε
1237 3433 1359 3479 tum
1382 3434 1441 3479 Ε.

354 3546 436 3594 88.
453 3543 709 3608 Papiam]
726 3545 917 3608 Papias
928 3544 999 3609 (n.
1017 3560 1109 3607 105
1117 3543 1164 3608 ι)
1177 3560 1210 3594 a
1223 3545 1444 3594 learned

286 3610 579 3670 Isombard,
608 3611 806 3659 author
827 3609 887 3659 of
901 3625 933 3658 a
954 3611 1196 3674 glossary
1240 3614 1443 3660 Vocabu-

284 3681 488 3736 ἔστ-ἱνα,
526 3674 712 3724 which
747 3690 859 3724 was
897 3678 956 3724 in
995 3646 1215 3739 genet-ai
1256 3691 1351 3725 use
1381 3678 1444 3725 in

286 3743 383 3791 the
418 3741 631 3791 fflddle
663 3742 806 3804 agos
843 3741 953 3790 and
985 3756 1096 3791 was
1129 3742 1351 3806 printed
1385 3745 1444 3791 at

288 3808 484 3868 unm,
516 3808 657 3868 147⁶·

434 3871 863 3935 Huguitionem)
880 3872 1083 3934 Ugutio
1097 3887 1158 3921 or
1171 3872 1445 3935 Huguitio

286 3938 347 3986 of
363 3938 495 3987 Pisa
514 3940 650 4002 (†3o
670 3938 802 4000 Apr.
830 3941 996 4001 1210),
1022 3939 1120 4000 Bp.
1144 3937 1205 3987 of
1221 3939 1445 3988 Ferrara

286 4003 396 4052 and
439 4004 707 4052 canonist.
780 4003 886 4051 His
924 4002 1075 4052 chief
1103 4004 1269 4060 work,
1306 4007 1445 4054 Liber

287 4073 662 4131 Deriuationuvn,
682 4083 753 4117 an
768 4068 1143 4132 enlargement
1159 4069 1220 4119 of
1230 4070 1440 4133 Papias’

282 4135 542 4198 glossar-y,
563 4149 677 4183 was
693 4149 725 4182 a
742 4134 956 4197 regular
968 4135 1175 4183 inmate
1195 4136 1255 4184 of
1271 4135 1443 4184 medi-

288 4201 437 4249 aeval
461 4201 728 4262 librarios,
757 4202 858 4248 but
880 4214 990 4248 was
1010 4215 1179 4249 never
1199 4200 1438 4263 printed.

347 4269 430 4328 89.
467 4265 805 4330 Ebrardum]
821 4266 1096 4315 Eberhard
1117 4266 1176 4315 of
1187 4266 1443 4316 Bethune

290 4332 346 4380 in
367 4335 557 4382 Attoia
578 4333 729 4396 (xii0)
753 4331 1049 4381 surnamed
1073 4333 1348 4382 Graecista
1382 4346 1441 4380 as

291 4398 381 4447 the
422 4398 626 4448 author
670 4396 731 4445 of
780 4411 814 4445 a
859 4396 1019 4446 Latin
1064 4411 1337 4460 grammar
1380 4398 1440 4447 in

290 4477 450 4528 verae,
490 4462 734 4513 entitled
779 4466 1090 4525 Graecimm,
1127 4463 1310 4513 which
1350 4477 1441 4511 ex-

292 4528 461 4589 plains
492 4530 662 4580 Latin
697 4527 879 4576 words
910 4527 1133 4577 derived
1166 4530 1304 4578 from
1342 4528 1438 4578 the

292 4594 471 4646 Greek.
541 4596 598 4645 lt
645 4609 763 4643 was
806 4593 1027 4656 printed
1072 4597 1129 4643 at
1165 4594 1318 4643 Paris
1355 4594 1435 4657 (P.

290 4658 461 4724 Levet)
518 4680 550 4723 4
604 4660 736 4710 Jan.
800 4657 945 4720 1483·-
1024 4659 1123 4709 See
1172 4659 1437 4710 Wrobel's

288 4726 502 4792 edition,
530 4726 791 4786 Emeum,
823 4725 967 4785 1887.

2729 3333 2823 3386 1¹⁵

1651 3446 1758 3480 101.
1798 3430 2041 3481 defertur
2061 3435 2125 3481 N.

1613 3547 1696 3609 89.
1748 3545 2090 3610 Catholicon]
2126 3547 2179 3595 A
2218 3546 2382 3596 Latin
2425 3560 2700 3609 grammar

1547 3612 1658 3660 and
1724 3612 2032 3674 dictionary
2088 3612 2369 3674 composed
2425 3612 2497 3674 by
2551 3611 2697 3662 John

1548 3676 1723 3740 Balbi,
1751 3693 1783 3726 a
1807 3679 2134 3727 Dominican
2166 3681 2225 3725 of
2250 3677 2451 3738 Genoa,
2478 3691 2521 3727 c.
2552 3679 2696 3727 1286.

1546 3743 1604 3792 It
1624 3758 1738 3793 was
1760 3743 1982 3807 printed
2005 3745 2060 3792 at
2083 3743 2279 3803 Mainz,
2311 3745 2453 3803 1460.

1713 3809 1977 3858 Ioannem
2020 3808 2385 3873 Garlandum]
2429 3814 2495 3868 (c.
2536 3807 2699 3857 1180-

1543 3890 1587 3987 ἷε.
1614 3874 1781 3989 2152).
1825 3873 1929 3987 ·Hle
1946 3889 2059 3953 wsas
2079 3874 2216 3987 gom
2240 3874 2302 3922 in
2324 3872 2575 3988 ξὲἕέἓῃᾱ
2597 3874 2699 3989 bug

1568 3955 1623 3989 iv
1730 3953 1881 3989 main
1979 3955 2041 3989 in
2126 3954 2300 3997 ianoe,
2639 3953 2673 3988 a

1541 4005 1810 4054 Toulouse
1852 3955 1962 4053 anzi
2007 4005 2177 4054 Paris.
2242 4005 2355 4053 The
2397 3954 2620 4066 Ποῦ-ἒξ,
2665 4019 2698 4053 a

1543 4085 1701 4133 poem
1724 4085 1797 4120 on
1814 4070 2095 4120 Christian
2117 4070 2261 4119 saith
2284 4069 2394 4119 and
2418 4070 2693 4132 morality‚

1542 4137 1652 4185 and
1692 4151 1841 4185 some
1878 4136 1937 4185 of
1969 4137 2059 4185 his
2103 4137 2477 4198 grammatical
2518 4136 2697 4185 works

1543 4217 1686 4250 were
1724 4201 1857 4250 used
1895 4203 1955 4250 in
1996 4202 2222 4264 schoeni,
2264 4201 2374 4250 and
2410 4216 2551 4250 were
2592 4202 2695 4250 fre-

1541 4267 1779 4329 quently
1821 4266 2043 4329 printed
2087 4268 2146 4315 in
2191 4270 2300 4317 xv⁰.
2383 4268 2482 4316 See
2526 4266 2692 4318 DNB.

1542 4332 1651 4382 and
1674 4333 1722 4382 'N
1727 4332 1839 4382 BG.

1707 4396 2009 4462 Isidorum]
2054 4401 2118 4450 (c.
2164 4413 2261 4460 570
2274 4414 2362 4458 —4
2401 4397 2532 4460 Apr.
2572 4399 2692 4460 636)

1542 4463 1640 4526 Bp.
1680 4463 1739 4511 of
1765 4464 1981 4513 Seville.
2055 4463 2163 4513 His
2202 4463 2354 4513 chief
2387 4463 2554 4525 work,
2595 4463 2695 4511 the

1544 4532 1755 4590 Onioines
1793 4544 1853 4578 or
1890 4532 2286 4589 Etymoloqiarum
2316 4532 2428 4577 libri
2466 4543 2546 4589 π,
2584 4541 2694 4576 was

1541 4595 1639 4643 the
1662 4594 2079 4658 encyclopaedia
2101 4595 2160 4642 of
2182 4594 2277 4642 the
2300 4592 2508 4643 Middle
2532 4593 2691 4654 Ages.

1540 4659 1598 4710 It
1635 4674 1749 4709 was
1786 4660 1905 4709 first
1945 4659 2164 4723 printed
2205 4661 2262 4707 at
2296 4658 2582 4720 Augsburg
2619 4659 2692 4720 by

1539 4726 1738 4775 Zainer
1760 4727 1821 4775 in
1850 4740 1990 4788 1472.
