3355 5380
263 369 447 451 1501]
894 372 1020 433 ΤΟ·
1056 372 1295 440 ANNE
1352 374 1459 435 OF
1515 374 2004 436 BORSSELEN
2529 380 2644 439 345

243 528 416 600 ,mihi
454 528 793 606 imponam,
834 529 1119 607 ineptum
1153 530 1406 609 quidem
1440 536 1774 610 vti-unque.
1864 533 2077 610 Neque
2115 532 2301 606 enim,
2335 535 2405 602 vt
2440 531 2649 611 inquit

257 626 579 702 Horatius,
613 626 831 690 statim
856 627 1142 690 animum
1182 631 1434 692 mutant
1472 629 1581 708 qui
1608 633 1785 690 trans
1820 650 1989 691 mare
2015 634 2289 705 currunt,
2320 650 2520 707 neque
2547 649 2649 690 me

254 724 378 786 vel
404 724 536 802 pilo
585 725 925 788 doctiorem
968 727 1179 804 magni
1220 727 1499 788 nominis
1538 728 1759 791 vmbra
1798 728 2048 802 fecerit;
2108 747 2329 792 verum
2371 731 2440 791 vt
2480 747 2647 789 nunc
2679 752 2773 788 ιιο

245 827 538 900 tempora
573 826 738 898 sunt,
770 824 860 885 ita
896 843 1137 885 morem
1171 845 1366 903 gem,
1397 825 1646 904 quando
1684 845 1870 899 nunc,
1903 846 2031 888 non
2068 825 2272 886 dicam
2306 825 2509 903 vulgo,
2540 825 2648 888 sed

245 921 448 990 ⁴etiarn
476 922 556 982 iis
577 923 684 1001 qui
711 922 1027 985 doctrinae
1055 923 1473 1001 principatum
1493 927 1730 999 tenent,
1757 943 1942 985 nemo
1967 925 2186 986 doctus
2220 923 2421 985 videri
2445 926 2651 1001 potest

260 1020 384 1080 nisi
404 1019 702 1097 Magister
737 1019 971 1082 Noster
1005 1021 1371 1100 appelletur,
1405 1022 1595 1084 etiam
1630 1025 1884 1084 vetante
1920 1022 2185 1098 Christo,
2218 1023 2649 1100 theologorum

245 1118 586 1195 Principe:
640 1139 786 1180 cum
823 1119 1173 1198 antiquitus
1213 1139 1343 1182 non
1371 1120 1515 1182 ideo
1564 1122 1709 1199 quis
1745 1140 1858 1198 pro
1896 1120 2076 1182 docto
2112 1120 2455 1182 habebatur
2485 1120 2650 1198 quod

258 1217 528 1278 doctoris
563 1236 796 1279 nomen
829 1221 994 1280 esset
1029 1221 1357 1295 mercatus,
1389 1220 1499 1281 sed
1537 1218 1583 1279 ii
1619 1219 1899 1281 doctores
1927 1217 2290 1280 dicebantur
2329 1219 2439 1298 qui
2472 1218 2653 1280 libris
2681 1238 2699 1274 1
2715 1236 2772 1289 ¹⁵

257 1314 484 1375 aeditis
505 1315 910 1377 manifestum
929 1317 1242 1378 doctrinae
1262 1318 1575 1395 specimen
1591 1317 1927 1380 dedissent,
1988 1317 2244 1392 Verum,
2264 1321 2336 1378 vt
2356 1317 2649 1392 diximus,

257 1414 496 1475 frustra
521 1413 750 1476 bonam
778 1413 1058 1476 fabulam
1079 1416 1422 1493 egerimus,
1455 1436 1645 1493 quam
1673 1436 1861 1478 nemo
1898 1435 2026 1479 non
2063 1415 2369 1492 explodat.
2454 1415 2654 1491 Quare

259 1512 582 1576 leoninam
646 1512 878 1590 pellem
926 1513 1260 1576 induamur
1307 1518 1566 1591 oportet,
1616 1535 1740 1593 quo
1788 1514 1945 1576 fides
2000 1514 2109 1575 fiat
2158 1516 2221 1574 et
2277 1533 2391 1575 nos
2438 1513 2655 1574 literas

258 1611 552 1672 didicisse
577 1610 719 1673 istis
743 1611 854 1690 qui
880 1612 957 1673 de
982 1612 1284 1674 vocabulo
1311 1632 1440 1673 non
1477 1612 1556 1673 de
1591 1613 1775 1674 libris
1803 1612 2054 1691 (quippe
2083 1631 2243 1690 quos
2269 1630 2397 1671 non
2424 1609 2653 1672 intelli·

257 1709 440 1786 gunt)
468 1709 790 1772 hominem
817 1714 1090 1774 censent.
1161 1711 1222 1771 Ii
1247 1714 1395 1773 sunt
1420 1711 1711 1773 homines
1736 1711 1988 1790 quidam
2014 1709 2425 1788 praeposteris
2452 1708 2653 1771 literis
2683 1730 2777 1766 120

258 1808 508 1880 imbuti,
552 1827 780 1886 magna
817 1808 1124 1870 nimirum
1163 1810 1444 1871 mercede
1482 1810 1647 1872 docti
1690 1810 1852 1871 nihil
1891 1809 2065 1884 scire,
2110 1828 2313 1870 crassa
2352 1806 2652 1882 Minerua,

260 1925 452 1970 sensu
494 1905 603 1972 vix
640 1905 831 1969 etiam
870 1907 1205 1982 communi,
1247 1909 1354 1970 sed
1397 1908 1602 1969 Deum
1642 1908 2080 1982 immortalem,
2121 1927 2309 1985 quam
2346 1906 2654 1974 condensa

261 2004 630 2080 arrogantia,
660 2008 896 2083 quanto
921 2005 1282 2083 supercilio!
1325 2005 1556 2084 quippe
1583 2008 1691 2085 qui
1704 2006 1845 2067 ·sibi
1875 2026 2002 2068 vna
2027 2026 2172 2067 cum
2198 2005 2369 2066 inani
2398 2005 2656 2068 nomine

263 2104 728 2163 consummatae
782 2103 1095 2166 doctrinae
1148 2104 1547 2168 falsissimam
1609 2105 2072 2183 persuasionem
2128 2103 2487 2164 induerunt.
2596 2101 2656 2162 Ii

263 2197 688 2260 Philoxenum
704 2203 768 2262 et
790 2201 1205 2276 Gnathonem,
1225 2201 1617 2279 turpissimos
1637 2201 1914 2280 gulones,
1939 2203 2272 2262 referentes
2292 2200 2657 2279 disciplinas
2684 2219 2776 2270 1²5

265 2316 487 2357 omnes
505 2296 798 2359 culinarii
816 2299 1121 2360 sermonis
1136 2299 1427 2362 sordibus
1440 2303 1505 2360 et
1521 2303 1817 2379 tanquam
1844 2305 2135 2362 emuncto
2153 2319 2368 2360 mucco
2383 2287 2651 2374 foedant,

265 2416 390 2473 quo
437 2396 753 2473 generosis
793 2396 1061 2476 ingeniis
1108 2417 1337 2458 nausea
1385 2398 1697 2459 deterritis
1744 2399 1864 2477 ipsi
1906 2399 2027 2459 soli
2066 2417 2276 2458 rerum
2315 2397 2653 2473 potiantur.

267 2495 429 2554 Cum
470 2492 571 2553 his
610 2506 852 2572 quoque
893 2495 1193 2556 monstris
1232 2495 1395 2556 mihi
1436 2496 1884 2557 decertandum
1916 2500 2014 2556 est
2060 2498 2125 2556 et
2156 2492 2460 2555 Hercules
2498 2495 2659 2555 alter

266 2592 716 2674 praestandus3
770 2613 958 2670 quare
998 2593 1055 2654 si
1086 2597 1158 2654 tu
1191 2594 1521 2655 Erasmum
1559 2598 1741 2654 tuum
1781 2593 2137 2669 armaueris,
2171 2594 2241 2653 vt
2276 2592 2474 2669 possit
2513 2611 2657 2652 cum

270 2689 372 2749 his
418 2689 729 2768 portentis
768 2690 906 2769 pari
946 2694 1085 2753 tum
1147 2692 1357 2754 animo
1398 2695 1538 2754 tum
1576 2693 1908 2753 autoritate
1950 2688 2334 2763 contendere,
2376 2709 2502 2749 non
2544 2708 2660 2749 nos
2688 2707 2781 2759 130

271 2786 457 2849 modo
481 2788 899 2850 verumetiam
928 2788 1096 2867 ipsae
1124 2788 1339 2851 literae
1373 2808 1440 2850 se
1468 2790 1586 2850 tibi
1623 2789 1954 2851 debebunt.
2042 2786 2404 2850 Armandus
2428 2789 2655 2859 autem,

272 2905 412 2946 mea
461 2886 767 2964 princeps,
819 2886 1139 2948 Homerici
1186 2887 1407 2948 Glauci
1459 2888 1669 2963 armis,
1719 2888 1825 2948 sed
1881 2906 2037 2965 quae
2089 2884 2277 2960 dedit,
2332 2902 2458 2944 non
2504 2901 2659 2961 quae

273 2984 521 3064 recepit.
607 2985 745 3047 Hoc
778 2986 1067 3063 aenigma
1096 2985 1248 3063 quid
1291 2986 1413 3047 sibi
1439 2985 1610 3061 velit,
1640 3009 1675 3048 e
1706 2986 1877 3046 Batti
1916 2986 2044 3047 mei
2074 2984 2275 3046 literis
2310 3002 2657 3062 cognosces,

270 3083 370 3143 cui
420 3083 578 3143 citra
623 3083 837 3144 fucum
890 3103 1145 3144 omnem
1199 3087 1430 3145 sortem
1488 3105 1696 3146 meam
1746 3083 1976 3162 aperui.
2084 3082 2387 3144 Perfricui
2438 3081 2661 3142 faciem

253 3185 487 3242 contra
529 3200 768 3242 morem
809 3199 1022 3269 meum
1064 3185 1398 3260 contraque
1436 3182 1779 3260 ingenium,
1825 3183 2041 3243 contra
2078 3180 2434 3259 virgineum
2475 3176 2660 3239 illurn
2693 3199 2783 3250 ¹3⁵

253 3280 597 3341 ‘literarum
623 3279 963 3359 pudorem3
1002 3280 1129 3354 sed,
1160 3281 1233 3341 vt
1259 3280 1347 3341 ait
1374 3280 1496 3356 ille,
1527 3282 1755 3343 durum
1783 3280 1980 3341 telum
2007 3279 2355 3341 necessitas.

353 3378 503 3439 nisi
530 3380 596 3438 te
621 3377 755 3453 tibi,
787 3379 1040 3438 Annam
1068 3378 1308 3453 Annae,
1339 3397 1591 3439 carmen
1615 3378 1719 3441 vel
1747 3378 2010 3440 rithmos
2037 3377 2246 3457 potius
2272 3397 2310 3438 a
2336 3395 2440 3439 me
2472 3395 2664 3453 puero

271 3476 612 3537 admodum
629 3474 832 3549 lusos3
858 3494 1005 3536 nam
1025 3475 1153 3536 iam
1171 3475 1321 3536 inde
1345 3494 1381 3535 a
1408 3475 1656 3537 tenellis
1682 3476 2036 3555 vnguiculis
2053 3476 2187 3537 eius
2214 3476 2413 3536 Diuae
2435 3474 2665 3552 pietate

272 3574 547 3654 flagi-aui.
633 3572 779 3635 Misi
812 3576 1125 3651 praeterea
1157 3572 1614 3635 obsecrationes
1650 3575 1964 3651 quasdam,
1996 3574 2223 3653 quibus
2260 3594 2372 3635 ceu
2408 3572 2664 3650 magicis

272 3671 737 3751 precaminibus
769 3672 968 3750 possis
1003 3691 1126 3733 non
1153 3671 1374 3733 lunam
1410 3670 1608 3747 illam,
1642 3671 1752 3733 sed
1790 3692 1926 3734 eam
1961 3694 2118 3752 quae
2150 3673 2429 3735 iusticiae
2465 3671 2663 3734 solem
2693 3686 2788 3737 ¹40

271 3771 512 3850 genuit,
556 3769 722 3831 coelo
770 3770 871 3831 vel
919 3770 1207 3846 inuitam,
1252 3773 1324 3832 vt
1371 3770 1460 3831 ita
1506 3770 1738 3848 loquar,
1790 3770 2122 3847 deuocare3
2189 3790 2547 3851 quanquam
2592 3790 2665 3831 ea

270 3869 530 3946 quidem
571 3867 729 3928 solet
766 3874 899 3929 ess'e
939 3854 1253 3943 facillima,
1292 3868 1350 3928 si
1388 3868 1568 3947 virgo
1605 3868 1906 3947 virgineis
1944 3871 2109 3931 votis
2147 3872 2414 3930 vocetur.
2499 3868 2663 3930 Nam

273 3971 336 4027 te
375 3964 637 4044 quidem
679 3985 805 4029 non
843 3970 977 4027 tam
1018 3969 1087 4027 in
1125 3966 1338 4027 viduis
1379 3986 1562 4046 quam
1603 3968 1672 4028 in
1710 3967 2061 4046 virginibus
2100 3987 2302 4047 pono;
2355 3968 2663 4047 siquidem

275 4063 439 4141 quod
481 4062 639 4125 olim
677 4064 884 4143 puella
927 4064 1267 4126 admodum
1316 4066 1604 4143 nupsisti,
1652 4066 1718 4128 id
1766 4066 2019 4143 quidem
2059 4067 2290 4147 partim
2331 4068 2663 4145 parentum

277 4162 612 4236 autoritati,
643 4163 877 4239 partim
906 4162 1115 4241 generi
1141 4163 1538 4252 propagando
1575 4163 1790 4225 datum
1816 4186 1831 4238 ;
1870 4169 1935 4226 et
1969 4165 2275 4227 eiusmodi
2307 4165 2432 4226 fuit
2455 4163 2664 4226 coniu·
2695 4174 2785 4225 ¹45

346 4299 452 4343 1¹4·
485 4283 785 4334 haberetur
804 4288 870 4335 H.
1020 4299 1130 4343 rao,
1169 4288 1242 4332 F:
1276 4284 1500 4345 quidem
1533 4290 1589 4335 E.
1730 4286 1835 4347 138.
1875 4288 2074 4348 pietate
2097 4292 2173 4339 E:
2205 4287 2297 4351 pio
2319 4280 2499 4337 studio
2519 4289 2575 4336 F.

348 4432 454 4479 ¹⁰9·
490 4416 776 4494 Horatius]
799 4422 890 4477 Ep.
918 4432 960 4467 1.
993 4431 1066 4467 11.
1093 4430 1171 4477 27.
1592 4431 1704 4480 ¹37·
1735 4419 1978 4484 carmen]
2024 4422 2284 4500 Rhymmus
2326 4423 2556 4477 iambicum
2609 4424 2664 4471 in

345 4496 456 4608 {22
473 4481 1072 4613 iflifiuffrissssfffissgss
1096 4562 1238 4610 1240,
1256 4547 1425 4604 refers
1522 4484 2663 4612 mhffffihssussiffluossffissfffffi

277 4616 333 4660 to
356 4613 514 4676 Livy,
535 4631 584 4674 4.
608 4614 691 4665 28.
721 4626 773 4676 5,
793 4612 875 4663 for
895 4614 992 4664 the
1022 4614 1199 4678 origin
1228 4614 1286 4663 of
1312 4614 1427 4662 this
1527 4619 1851 4673 Εηθιὶνίαἰοπ,
1882 4616 2053 4677 Basle,
2084 4615 2293 4665 Froben
2332 4614 2466 4678 July
2505 4616 2664 4679 15183

277 4680 518 4740 proverb.
1528 4694 1616 4731 ses
1639 4680 1769 4745 Epp.
1794 4695 1862 4743 93
1882 4679 1993 4731 and
2019 4683 2110 4741 164
2134 4653 2336 4731 intr-od.
2533 4680 2537 4686 '

377 4780 544 4811 ιιιιιι
1402 4782 1510 4823 Aa
