3355 5380
213 388 390 473 1523]
732 390 1132 455 ERASMUS
1185 392 1294 456 ΤΟ
1346 390 1575 453 JOHN
1631 391 2078 454 ΒΟΤΖΗΕΙΜ
2526 398 2598 456 19

206 545 400 625 pisces
444 565 579 607 non
628 546 869 623 essent)
921 546 1199 608 maxime
1249 546 1530 624 placebat
1580 567 1704 624 pax
1756 567 1914 625 quae
1957 567 2079 624 pax
2126 567 2257 609 non
2311 551 2489 623 esset,
2532 552 2598 608 et

208 644 440 706 bellum
466 645 637 723 quod
668 644 910 706 bellum
936 665 1064 706 non
1087 647 1263 707 esset.
1332 646 1550 724 Itaque
1577 646 1753 707 iussu
1779 646 2040 707 Ioannis
2066 645 2351 725 Syluagii
2378 647 2601 725 scripsi

209 742 387 803 Pacis
425 742 770 820 querelam.
875 742 1058 804 Nunc
1096 763 1198 805 res
1243 764 1315 804 eo
1362 745 1755 822 profecerunt
1804 749 1878 807 vt
1930 745 2277 822 parandum
2330 745 2417 805 sit
2463 745 2600 822 paci

209 842 616 920 epitaphium,
663 842 1167 921 quandoquidem
1208 843 1387 904 nulla
1424 864 1565 921 spes
1602 848 1699 906 est
1737 865 1877 906 eam
1917 843 2329 919 reuicturam3
2381 844 2491 905 sed
2531 844 2600 906 in

206 941 308 1002 his
332 944 482 1002 sunt
508 961 672 1019 quae
698 940 865 1002 seria
890 940 1142 1013 ducunt,
1172 945 1244 1002 vt
1269 941 1360 1003 ait
1388 941 1660 1004 Flaccus.
2627 967 2655 1017 5

282 1040 553 1101 Moriam
599 1038 872 1100 lusimus
916 1038 1080 1116 apud
1128 1038 1437 1100 Thomam
1484 1040 1748 1116 Morum,
1792 1044 1933 1102 tum
1973 1059 2051 1101 ex
2094 1039 2283 1101 Italia
2328 1038 2602 1114 reuersi3

207 1137 370 1217 quod
412 1157 574 1215 opus
613 1157 812 1216 quum
852 1136 1015 1197 mihi
1051 1136 1142 1198 sic
1188 1144 1351 1198 esset
1391 1141 1836 1215 contemptum,
1878 1141 1952 1199 vt
1993 1157 2109 1198 nec
2156 1138 2471 1199 aeditione
2518 1137 2604 1199 di·

207 1256 431 1315 gnarer
459 1235 636 1311 (nam
662 1235 913 1295 aderam
941 1233 1240 1310 Lutetiae,
1272 1255 1467 1313 quum
1506 1256 1619 1313 per
1645 1237 1982 1298 Ricardum
2011 1236 2276 1297 Crocum
2313 1234 2605 1313 pefflmis

206 1334 502 1396 formulis
526 1331 1046 1411 deprauatissime
1072 1334 1519 1413 excuderetur),
1547 1337 1761 1396 tamen
1787 1335 1897 1395 vix
1924 1334 2092 1395 aliud
2122 1332 2355 1395 maiore
2382 1333 2603 1411 plausu

208 1438 541 1511 exceptum
570 1435 682 1508 est,
707 1431 1075 1510 praesertim
1100 1432 1266 1510 apud
1294 1436 1632 1511 magnates.
1699 1434 1940 1494 Paucos
1964 1435 2216 1493 tantum
2245 1432 2598 1507 monachos,
2633 1455 2693 1493 10

205 1552 433 1610 eosque
452 1530 838 1606 deterrimos,
852 1530 1274 1608 ac'l'heologos
1291 1532 1632 1593 nonnullos
1648 1531 2017 1593 morosiores
2038 1531 2302 1592 offendit
2318 1530 2573 1591 libertas
2587 1552 2604 1605 ς

208 1630 315 1691 sed
344 1629 562 1707 plures
588 1629 813 1691 offensi
837 1631 1004 1704 sunt,
1024 1628 1134 1689 vbi
1160 1628 1452 1706 Lystrius
1476 1630 1703 1691 adiecit
1715 1629 2207 1705 commentarios,
2231 1630 2394 1707 quod
2423 1633 2607 1690 antea

206 1729 530 1805 profuerat
561 1747 688 1788 non
712 1727 1001 1806 intelligi.
1075 1727 1571 1805 Conceperamus
1597 1728 1663 1789 id
1692 1728 1992 1807 temporis
2017 1729 2230 1789 animo
2256 1732 2385 1789 tres
2410 1726 2604 1789 simul

207 1825 712 1901 declamationes,
754 1825 1132 1887 Encomium
1185 1825 1436 1902 Moriae,
1482 1826 1768 1899 Naturae,
1827 1829 1893 1888 et
1947 1825 2236 1901 Gratiae3
2303 1827 2411 1887 sed
2461 1845 2607 1904 quo·

207 1924 482 1985 tundam
536 1924 867 1986 morositas
917 1922 1067 1985 fecit
1108 1925 1180 1984 vt
1227 1928 1534 1985 verterem
1590 1924 1947 1986 consilium.
2047 1924 2413 1985 Admodum
2467 1924 2607 1985 ado·
2636 1948 2693 2000 15

207 2020 454 2084 lescens
492 2042 819 2102 aggressus
857 2041 1002 2083 sum
1040 2020 1532 2097 Antibarbaros3
1571 2042 1724 2083 nam
1763 2025 1828 2083 et
1867 2021 1986 2082 hoo
2025 2040 2181 2098 opus
2222 2020 2488 2081 arbitror
2528 2021 2607 2083 ad

209 2120 729 2182 declamatorium
767 2139 977 2198 genus
1005 2119 1332 2197 pertinere.
1421 2121 1786 2199 Quanquam
1826 2121 2037 2180 autem
2081 2121 2145 2179 et
2188 2118 2259 2178 in
2302 2117 2404 2177 his
2451 2137 2609 2196 quae

210 2218 513 2293 recensui,
547 2218 836 2296 pleraque
862 2219 1013 2278 sunt
1038 2237 1194 2295 quae
1228 2218 1539 2294 pertinent
1578 2220 1656 2281 ad
1693 2217 2160 2280 institutionem
2184 2216 2362 2292 vitae,
2396 2219 2608 2277 tamen

208 2315 363 2376 haec
418 2336 581 2393 quae
630 2336 798 2377 nunc
852 2316 1367 2391 commemorabo,
1418 2316 1578 2377 serio
1621 2317 1804 2377 nobis
1846 2316 2075 2394 scripta
2116 2318 2266 2375 sunt
2309 2315 2387 2376 ad
2441 2316 2611 2377 vitae

209 2415 522 2475 rationem
558 2435 631 2475 ac
671 2414 983 2491 pietatem
1071 2413 1155 2473 In
1190 2413 1294 2474 his
1320 2418 1416 2474 est
1452 2414 1874 2493 Panegyricus
1900 2434 2085 2493 quem
2122 2414 2416 2492 Philippo
2444 2414 2612 2491 prin·
2637 2441 2699 2477 20

212 2512 336 2589 cipi
361 2511 758 2589 porreximus
782 2512 1060 2587 primum
1086 2530 1166 2571 ex
1193 2511 1500 2589 Hispania
1535 2533 1821 2587 reuerso;
1874 2532 2060 2591 quem
2091 2511 2180 2572 sic
2217 2512 2612 2573 laudauimus

211 2616 283 2672 vt
309 2612 526 2671 eadem
556 2631 741 2688 opera
767 2609 1298 2687 submoneremus,
1325 2611 1473 2688 quid
1500 2613 1664 2671 esset
1693 2610 1856 2673 bono
1881 2610 2145 2688 principi
2173 2608 2611 2687 spectandum3

213 2711 375 2788 quod
415 2711 574 2771 satis
607 2710 823 2771 testati
850 2727 1069 2769 sumus
1106 2708 1176 2768 in
1216 2709 1477 2786 epistola
1507 2711 1585 2770 ad
1629 2710 1933 2771 Ioannem
1974 2708 2386 2781 Paludanum‚
2422 2727 2609 2785 quam

213 2812 353 2872 tum
397 2809 575 2886 operi
619 2807 974 2869 adiecimus.
1075 2807 1403 2868 Praeterea
1453 2807 1703 2869 libellus
1757 2809 1850 2869 De
1902 2806 2180 2885 principe
2234 2805 2607 2880 Christiano,

216 2927 404 2984 quem
451 2906 677 2968 Carolo
724 2924 892 2965 nunc
938 2904 1183 2966 Caesari
1228 2906 1634 2982 porreximus,
1680 2925 1894 2967 recens
1931 2905 2001 2964 in
2041 2903 2218 2964 aulae
2253 2902 2613 2981 principalis
2639 2924 2700 2974 ²5

213 3005 606 3070 famulitium
661 3003 860 3075 acciti,
912 3004 985 3063 vt
1025 3022 1303 3063 essemus
1349 3004 1514 3065 inter
1562 3003 1862 3083 principis
1915 3001 2317 3064 consiliarios.
2400 3002 2614 3078 Atque

215 3102 331 3164 hoc
376 3107 565 3180 pacto
606 3101 887 3179 primum
930 3099 1135 3160 fidelis
1183 3101 1516 3162 consiliarii
1558 3106 1767 3180 partes
1806 3120 2040 3162 sumus.
2064 3100 2383 3178 auspicati.
2472 3099 2613 3161 Hoc

214 3200 385 3261 enim
441 3200 774 3278 epitheton
835 3197 1176 3260 solenniter
1227 3200 1374 3259 addi
1427 3199 1587 3260 solet
1641 3200 2030 3274 consiliariis,
2091 3220 2287 3278 quum
2339 3198 2616 3277 plerique

212 3298 531 3376 principes
559 3296 725 3356 nihil
751 3295 965 3358 minus
999 3299 1214 3357 ament
1240 3318 1426 3375 quam
1458 3317 1603 3358 vere
1630 3299 1789 3359 fidos
1815 3298 2216 3373 consiliarios,
2245 3299 2309 3358 et
2334 3295 2614 3375 plerique

214 3397 560 3460 consiliarii
613 3395 776 3456 nihil
819 3393 1032 3454 minus
1084 3397 1399 3472 praestent
1443 3416 1632 3473 quam
1688 3399 2169 3474 cognomentum
2216 3416 2418 3457 suum.
2529 3395 2615 3455 Et
2640 3416 2704 3466 30

215 3497 433 3555 tamen
473 3493 666 3554 huius
701 3491 903 3553 libelli
938 3490 1235 3556 libertate
1266 3513 1449 3554 nemo
1486 3495 1848 3570 magnatum
1879 3495 2158 3555 offensus
2179 3496 2292 3554 est.
2377 3494 2616 3553 Ferunt

214 3591 366 3652 boni
422 3591 741 3670 principes
794 3591 1061 3652 liberam
1119 3591 1631 3666 admonitionem,
1690 3592 2049 3653 seditiosam
2112 3592 2431 3653 licentiam
2487 3611 2616 3652 non

216 3691 448 3753 ierunt.

298 3788 719 3851 Euchiridion
744 3785 972 3847 militis
1000 3785 1344 3848 Christiani
1370 3788 1688 3865 coepimus
1712 3790 1859 3849 ante
1886 3807 2086 3848 annos
2113 3787 2307 3848 ferme
2333 3788 2610 3864 triginta,

216 3892 356 3949 tum
395 3891 653 3966 agentes
690 3887 761 3947 in
800 3904 938 3946 arce
978 3884 1382 3959 Tornahensi,
1413 3906 1536 3964 quo
1577 3907 1695 3947 nos
1733 3887 1941 3965 pestis,
1974 3907 2130 3965 quae
2158 3890 2296 3947 tum
2333 3887 2617 3948 Lutetiae
2645 3901 2706 3952 35

216 3986 628 4060 desaeuiebat,
659 3982 1027 4063 propulerat.
1115 3983 1241 4046 Res
1274 3986 1371 4044 est
1398 4003 1540 4045 casu
1578 3987 1742 4048 nata.
1828 3984 1983 4045 Erat
2007 3985 2076 4044 in
2102 4005 2174 4045 ea
2197 4005 2334 4046 arce
2360 3984 2616 4063 quidam

279 4131 331 4181 8.
365 4128 665 4180 Ricardum
688 4126 917 4176 Crocum
941 4142 1006 4175 az
1039 4125 1219 4174 nescio
1242 4141 1375 4188 quos
1396 4128 1448 4180 β.
1625 4128 1700 4176 18.
1736 4129 1868 4176 sunt
1891 4128 1928 4180 β
1952 4143 1965 4176 =
2000 4128 2110 4176 sint
2134 4145 2180 4176 α.
2363 4142 2439 4189 19.
2477 4143 2617 4191 quae

218 4198 468 4316 mag-nt
486 4198 525 4251 β
547 4213 563 4246 =
594 4195 740 4244 serio
763 4229 777 4243 .
801 4229 815 4244 .
840 4227 854 4242 .
876 4193 1007 4242 sunt
1027 4205 1165 4254 quae
1186 4191 1395 4241 faciunt
1416 4208 1463 4243 α.
1610 4207 1693 4243 20.
1727 4193 1798 4243 In
1820 4193 1910 4242 his
1931 4195 2014 4241 est
2034 4197 2146 4243 add.
2170 4194 2225 4248 β.
2365 4208 2448 4256 32.
2487 4194 2618 4244 boni

284 4453 334 4501 5.
370 4438 620 4503 Flaccus]
644 4443 711 4488 A.
715 4442 770 4489 P.
797 4451 914 4499 451.
1542 4454 1601 4488 12
1607 4436 1931 4504 ‚Lystrius]
1988 4440 2059 4490 In
2102 4440 2200 4490 the
2248 4439 2368 4490 first
2412 4441 2618 4491 Froben

283 4505 330 4555 8.
368 4505 666 4554 Ricardum
712 4503 972 4569 Crocum]
1011 4503 1126 4553 'rho
1163 4505 1369 4568 change
1470 4506 1699 4567 edition,
1728 4506 1911 4555 Har-ch
1942 4520 2028 4567 15¹
2033 4519 2079 4567 5.

222 4571 409 4620 nude
391 4586 451 4620 111
463 4579 500 4627 β
516 4574 565 4620 is
576 4569 863 4619 doubtless
875 4569 980 4618 due
993 4573 1052 4619 to
1067 4572 1164 4620 the
1181 4572 1368 4633 slight·
1543 4575 1619 4621 16.
1654 4541 1789 4621 A’nti
1771 4571 2063 4637 ibat-beros]
2097 4572 2178 4622 cf.
2199 4586 2335 4635 p.34
2274 4574 2426 4633 .6.

224 4634 315 4699 ing
331 4640 454 4687 tone
475 4638 538 4686 in
557 4636 753 4685 which
769 4636 865 4684 tho
881 4634 1122 4684 edition·
1107 4652 1155 4685 ιιι
1168 4651 1262 4698 spo
1231 4638 1368 4685 oken
1538 4651 1617 4698 34.
1653 4634 1905 4701 triginta]
1928 4636 2095 4701 night
2110 4652 2262 4701 years
2277 4651 2478 4700 wrong.
2524 4635 2620 4686 See

227 4701 292 4751 ol.
341 4702 443 4752 For
458 4705 557 4754 the
580 4703 1011 4751 circumstances
1033 4716 1118 4751 see
1141 4702 1238 4766 Ep.
1254 4717 1368 4753 aas.
1475 4701 1573 4766 Ep.
1604 4705 1716 4764 164.

1372 4812 1476 4856 02
