3355 5380
653 372 771 429 258
1355 369 1737 430 LETTERS
1793 370 1900 431 oF
1957 368 2361 430 ERASMUS
2868 366 3064 450 [1499

653 525 906 602 scriptis
947 545 1171 602 parum
1221 529 1384 587 recte
1432 525 1692 604 colligis.
1802 526 1871 587 Si
1919 529 2205 602 mortem,
2257 528 2485 604 inquis,
2538 526 2900 604 deprecatus
2947 531 3067 597 est,

652 622 858 683 noluit
910 623 1248 701 aliquando
1302 624 1505 698 mori;
1573 627 1637 685 et
1691 625 2085 686 contrahitur
2137 624 2567 703 minuiturque
2622 623 2730 685 illa
2775 644 3069 686 summae

654 720 978 782 charitatis
1006 722 1311 785 alacritas-

735 819 936 894 Istud,
969 820 1199 896 Colote,
1228 821 1397 882 haud
1424 820 1552 881 scio
1576 839 1661 881 an
1698 840 1812 898 per
1842 820 2179 881 infantiam
2217 839 2425 881 meam
2458 820 2612 882 satis
2635 821 3063 898 explicuerim,

535 930 625 982 135
654 919 822 977 certe
893 917 1142 978 abunde
1206 938 1312 979 me
1378 917 1745 980 disseruisse
1820 918 2089 980 arbitror
2153 918 2640 996 clarissimisque
2714 919 3068 980 ostendisse

652 1015 1044 1077 racionibus:
1115 1020 1398 1078 nostram
1440 1017 1619 1093 hanc,
1663 1017 1795 1077 imo
1840 1017 2147 1092 omnium,
2191 1017 2784 1095 interpretacionem
2823 1016 3067 1078 Christi

653 1131 860 1191 neque
918 1113 1360 1176 fortitudinem
1415 1134 1618 1192 neque
1670 1114 2040 1175 charitatem
2105 1114 2436 1193 quicquam
2499 1115 2891 1191 imminuere,
2950 1116 3065 1177 sed

652 1211 1060 1272 vehementer
1085 1213 1284 1273 eciam
1315 1232 1554 1291 augere.
1641 1212 1746 1274 Ad
1767 1232 1924 1290 quas
1951 1232 2104 1290 qum
2133 1213 2297 1273 nihil
2331 1214 2740 1290 responderis,
2773 1212 3065 1275 videbare

652 1310 817 1371 mihi
852 1311 1082 1388 (dicam
1120 1314 1293 1374 enim
1323 1314 1613 1391 ingenue)
1654 1313 2150 1390 disputacionem
2193 1316 2471 1375 nostram
2511 1316 2626 1374 aut
2665 1332 2795 1373 non
2835 1311 3069 1389 legisse

536 1427 628 1477 140
652 1411 765 1470 aut
784 1413 952 1471 certe
973 1431 1102 1471 non
1129 1411 1510 1473 meminisse.
1570 1411 1640 1471 Si
1658 1411 1780 1472 hoc
1798 1431 1997 1472 vnum
2019 1414 2087 1471 te
2105 1411 2368 1472 offendit
2395 1412 2466 1472 in
2484 1415 2696 1473 nostra
2722 1410 3059 1485 sentencia,

652 1509 818 1588 quod
875 1509 1113 1571 Christi
1166 1511 1491 1571 caritatem
1544 1510 1865 1572 obscurari
1917 1513 2121 1588 putas,
2176 1513 2241 1571 et
2294 1511 2350 1570 si
2404 1530 2522 1572 nos
2573 1510 2640 1570 id
2696 1510 2787 1572 ita
2834 1529 3067 1571 sumus

650 1606 899 1669 amoliti
924 1611 996 1668 vt
1018 1607 1388 1685 amplificari
1425 1609 1623 1669 eciam
1651 1609 2230 1681 monstmuerimus,
2263 1609 2413 1686 quid
2448 1612 2544 1671 est
2576 1629 2690 1669 cur
2722 1608 3066 1670 reclaman-

649 1704 826 1766 tibus
839 1706 995 1783 ipsis
1011 1706 1218 1768 verbis
1232 1706 1313 1766 ad
1330 1706 1640 1767 detortam
1660 1705 1844 1767 illam
1863 1708 2322 1784 exposicionem
2339 1706 2636 1768 omnibus
2653 1706 2796 1767 aliis
2816 1705 3069 1766 reiectis

652 1805 1084 1882 confugiamus
1099 1808 1135 1866 ἰ’
1215 1805 1345 1865 Nec
1383 1803 1562 1880 libet,
1612 1825 1727 1866 nec
1771 1808 1871 1867 est
1918 1825 2180 1879 necesse,
2228 1806 2308 1868 ad
2351 1805 2634 1884 singulas
2674 1805 3067 1867 raciunculas

533 1915 625 1965 145
653 1904 796 1963 tuas
823 1903 1214 1980 respondere.
1301 1903 1475 1964 Illud
1513 1906 1958 1980 argumentum
1993 1924 2210 1966 meum
2250 1905 2371 1966 tibi
2405 1905 2813 1966 vehementer
2846 1904 3065 1966 absur-

652 1999 808 2061 dum
856 2002 1119 2073 videtur,
1172 2002 1336 2078 quod
1385 2022 1500 2080 ego
1546 2005 1721 2063 extra
1774 2002 2223 2080 disputacionis
2266 2004 2470 2065 aleam
2515 2024 2627 2082 per
2671 2003 3063 2064 occasionem

651 2099 955 2160 interieci.
1059 2100 1221 2175 Quid
1269 2100 1575 2162 referebat
1620 2120 1704 2161 an
1754 2104 2022 2162 mortem
2077 2102 2459 2178 deprecetur,
2516 2123 2599 2164 an
2653 2105 2792 2162 oret
2843 2121 2926 2162 ne
2982 2101 3065 2163 ab

650 2198 1017 2260 hominibus
1070 2197 1390 2259 occidatur
1405 2200 1439 2259 ⁸?
1542 2199 1670 2260 Hic
1716 2218 1835 2259 nos
1883 2200 2233 2261 obtusiores
2278 2200 2474 2261 eciam
2526 2199 2818 2279 appellas,
2877 2199 2934 2259 si
2991 2199 3071 2261 in·

649 2300 830 2358 tanta
855 2317 1064 2357 rerum
1082 2297 1195 2375 (sic
1213 2297 1385 2357 enim
1413 2297 1658 2375 scribis)
1676 2297 2004 2359 vicinitate
2025 2300 2487 2375 penetrantiore
2512 2299 2643 2360 acie
2671 2317 3066 2377 nequeamus

532 2414 625 2465 150
649 2415 915 2457 cernere.
969 2396 1039 2457 Si
1056 2415 1285 2472 magna
1299 2395 1421 2457 tibi
1437 2416 1649 2457 rerum
1665 2396 1956 2457 vicinitas
1970 2397 2240 2471 videtur,
2259 2397 2409 2476 quid
2430 2417 2546 2459 nos
2560 2416 2746 2459 vocas
2761 2395 3067 2458 obtusos?

650 2496 1025 2573 Quanquam
1051 2499 1142 2570 tu,
1174 2496 1265 2554 mi
1293 2495 1521 2572 Colete,
1553 2494 1726 2555 haud
1754 2494 2031 2572 multum
2060 2516 2099 2556 a
2124 2515 2228 2556 me
2256 2496 2568 2571 dissentis,
2601 2497 2658 2557 si
2687 2494 2807 2557 tibi
2832 2513 3067 2571 parum

650 2612 904 2654 cernere
951 2591 1181 2668 videor,
1234 2593 1346 2671 qui
1401 2592 1563 2653 mihi
1612 2592 1777 2653 nihil
1833 2612 2084 2654 cernere
2130 2593 2362 2656 videor.
2480 2594 2600 2654 Sed
2654 2613 2768 2672 age
2819 2595 3057 2669 tamen,

648 2689 1042 2768 experiamur
1067 2695 1375 2770 quantum
1405 2690 1592 2753 nobis
1617 2711 1728 2769 per
1753 2693 1917 2752 hanc
1942 2692 2278 2769 caliginem
2314 2692 2652 2754 subluceat.
2735 2693 2875 2770 Ego
2900 2711 3064 2769 quae

576 2838 590 2852 .
647 2791 718 2849 tu
747 2790 1260 2852 coniunctissima
1283 2794 1485 2871 putas,
1513 2789 2005 2852 disiunctissima
2030 2811 2166 2853 esse
2184 2791 2400 2866 video;
2440 2795 2503 2852 et
2531 2810 2691 2869 quae
2715 2793 2789 2852 tu
2807 2789 3063 2852 racione

526 2904 620 2954 ¹55
646 2888 896 2948 tantum
925 2889 1192 2951 discreta
1218 2890 1559 2965 existimas,
1587 2908 1703 2967 ego
1729 2908 1796 2949 re
1823 2908 2068 2968 quoque
2091 2892 2158 2950 et
2182 2892 2409 2950 natura
2433 2889 2799 2966 longissime
2825 2888 3065 2949 distare

644 2987 966 3064 perspicio.
1038 2988 1257 3049 Potest
1283 2989 1453 3049 enim
1483 2988 1643 3048 mori
1671 2987 1780 3065 qui
1807 2987 1888 3048 ab
1913 2986 2279 3048 hominibus
2304 3007 2434 3048 non
2462 2986 2789 3048 occidatur.
2862 2985 3065 3049 Vides

646 3083 780 3159 hec,
830 3086 1068 3162 opinor,
1119 3106 1158 3147 a
1204 3105 1346 3148 ceco
1392 3087 1688 3147 distincta
1731 3085 2012 3163 apertius
2057 3105 2247 3164 quam
2290 3087 2361 3145 tu
2406 3088 2618 3163 Argus
2659 3085 3058 3147 distinxeras.

583 3180 608 3204 s
645 3182 903 3244 Frustra
949 3203 1096 3245 vero
1149 3204 1252 3245 me
1296 3204 1371 3245 eo
1418 3184 1773 3245 vocaueris:
1828 3184 1895 3243 at
1942 3203 2070 3245 non
2117 3183 2332 3261 potuit
2377 3183 2541 3244 mori
2589 3183 2883 3245 Christus
2931 3182 3062 3244 nisi

645 3284 969 3356 mactatus,
995 3283 1229 3359 alioqui
1248 3282 1452 3343 hostia
1471 3301 1599 3342 non
1618 3281 1857 3342 fuisset.
1931 3281 2096 3342 Nam
2114 3282 2173 3342 si
2198 3301 2408 3343 rerum
2430 3285 2719 3343 naturam
2740 3281 3057 3360 respicias,

529 3389 623 3441 160
645 3379 813 3439 nihil
838 3379 1075 3441 falsius.
1162 3380 1316 3441 Erat
1351 3380 1525 3441 enim
1557 3379 1858 3456 mortalis,
1889 3378 2072 3441 nullo
2106 3379 2304 3441 eciam
2339 3381 2661 3442 occidente
2687 3380 3053 3443 moriturus.

644 3479 736 3539 At
784 3479 991 3538 voluit
1038 3482 1102 3540 et
1149 3480 1369 3541 debuit
1416 3479 1626 3541 occidi.
1721 3479 1960 3540 Verum
2006 3479 2279 3557 quidem.
2381 3479 2504 3540 Sed
2554 3478 2707 3558 quid
2755 3479 2929 3541 istud
2972 3480 3056 3542 ad

642 3594 855 3636 rerum
897 3576 1344 3638 discrecionem
1361 3578 1396 3637 ⁴?

727 3674 848 3735 Sed
892 3676 967 3736 vt
1008 3674 1122 3736 hec
1165 3676 1511 3751 mittamus,
1560 3676 1849 3737 accedam
1896 3674 2169 3753 propius.
2277 3674 2338 3735 N
2341 3694 2426 3736 on
2481 3674 2688 3753 potuit
2741 3674 2941 3737 occidi
2980 3679 3058 3737 vt

644 3770 869 3848 hostia,
900 3772 1030 3833 nisi
1056 3773 1136 3834 ab
1162 3773 1530 3835 hominibus
1555 3774 1957 3835 occideretur.
2029 3774 2115 3835 Et
2145 3773 2280 3852 ipse
2305 3773 2560 3851 quidem
2586 3773 2790 3836 occidi
2815 3772 3058 3846 voluit;

524 3882 616 3945 1⁶5
640 3872 708 3931 at
735 3869 966 3932 Iudeos
990 3891 1060 3932 se
1087 3872 1362 3933 occidere
1390 3873 1614 3934 noluit.
1700 3873 1837 3933 Hec
1863 3873 2101 3934 scilicet
2124 3875 2257 3934 erat
2283 3872 2394 3933 illa
2419 3892 2629 3933 rerum
2654 3871 2952 3933 vicinitas
2983 3871 3058 3932 in

642 3988 766 4047 qua
796 3969 1191 4031 cecutiebam.
1284 3970 1437 4046 Quis
1472 3971 1562 4032 ita
1597 3974 1694 4031 est
1726 3969 2084 4032 litterarum
2118 3970 2453 4048 imperitus
2487 3977 2561 4033 vt
2593 3972 2843 4049 ignoret
2878 3968 3057 4031 aliud

642 4087 779 4129 esse
819 4069 1193 4145 passionem,
1240 4068 1413 4130 aliud
1462 4069 1766 4129 actionem
1787 4070 1821 4129 ἰ’
1880 4090 2044 4148 quae
2090 4089 2220 4131 non
2262 4070 2507 4131 racione
2548 4071 2817 4143 tantum,
2859 4072 2935 4131 vt
2979 4072 3056 4132 tu

642 4164 879 4242 scribis,
913 4165 1020 4226 sed
1064 4165 1261 4227 eciam
1305 4186 1530 4245 genere
1570 4166 2063 4243 distinguuntur.
2167 4166 2386 4245 Neque
2424 4187 2498 4229 eo
2543 4186 2685 4228 mea
2730 4165 3057 4247 spectabat

641 4264 805 4326 racio
832 4266 907 4326 vt
935 4263 1062 4325 duo
1087 4266 1205 4325 hec
1228 4265 1399 4326 idem
1427 4284 1562 4326 esse
1588 4265 1753 4326 mihi
1777 4264 2181 4341 viderentur3
2219 4265 2329 4327 sed
2353 4266 2623 4327 alterum
2653 4265 2745 4327 sic
2778 4264 3053 4327 alterum

522 4386 615 4440 170
639 4362 934 4442 consequi
970 4366 1042 4423 vt
1087 4361 1208 4424 hoc
1246 4382 1322 4423 ex
1359 4362 1475 4424 ino
1515 4363 1841 4425 iuferatur.
1929 4363 2147 4442 Neque
2191 4364 2313 4425 hoc
2351 4364 2518 4443 apud
2556 4384 2659 4425 me
2694 4365 2922 4426 natum
2955 4367 3061 4426 est

640 4482 882 4524 nouum
907 4461 1264 4541 argumenti
1288 4480 1503 4539 genus.
1573 4462 1766 4540 Apud
1794 4463 2136 4524 rhetoricos
2161 4466 2226 4524 et
2246 4444 2618 4542 dyalecticos
2642 4462 3052 4525 notissimum

639 4564 737 4622 est
776 4565 841 4623 et
887 4560 1350 4640 perantiquum,
1394 4560 1558 4640 quod
1606 4581 1684 4623 ex
1728 4560 2242 4623 antecedentibus
2287 4560 2625 4640 appellant.
2713 4561 3055 4641 Concepit:

675 4680 764 4685 ‘-
1385 4705 1497 4754 ¹37·
1531 4690 1881 4756 charitatem]
1906 4690 2039 4742 ibid.
2065 4693 2255 4742 12823.
