3355 5380
262 400 285 440 1
300 400 335 459 5
346 403 367 441 1
386 381 447 464 1]
874 383 1102 445 FROM
1157 384 1198 445 J
1201 383 1490 446 EROME
1547 384 2042 446 BUSLEIDEN
2534 389 2646 446 491

252 542 417 619 quod
465 546 529 602 te
576 541 975 619 superstitem
1022 541 1226 603 adhuc
1275 542 1684 618 nuntiarent;
1746 546 1964 604 contra
2010 564 2196 622 quem
2244 544 2483 620 aliquot
2524 543 2651 604 iam

251 660 505 702 menses
541 644 835 701 constans
870 641 1056 716 fama,
1089 641 1207 702 etsi
1243 641 1482 701 incerto
1518 642 1796 716 authore,
1830 643 2229 704 demortuum
2264 643 2647 719 vulgauerat.

254 740 392 814 Quo
435 739 690 816 quidem
733 740 902 800 tristi
942 741 1167 801 nuntio
1213 741 1745 818 quemadmodum
1787 747 1939 803 tunc
1977 763 2152 803 eram
2194 745 2647 816 consternatus,
2683 756 2712 807 5

251 840 343 900 ita
384 860 553 900 nunc
594 839 707 900 illo
747 859 908 901 vano
950 840 1198 918 cognito
1240 841 1496 901 omnino
1538 861 1682 902 sum
1723 842 1882 902 mihi
1923 841 2246 915 redditus3
2294 843 2508 918 vtpote
2545 841 2654 919 qui

253 939 446 1015 paulo
482 942 627 999 ante
663 942 726 998 te
763 939 853 999 sic
892 939 1122 1000 amisso
1159 938 1292 1015 ipse
1329 940 1506 1015 quasi
1541 939 1860 1016 perieram,
1895 943 1959 999 et
1987 939 2082 1000 tui
2117 938 2305 1000 vnius
2332 939 2655 1016 desyderio

253 1037 570 1102 00an
597 1036 989 1115 desyderium
1025 1038 1224 1097 nostri
1261 1058 1419 1115 pene
1455 1038 1846 1116 reliqueram.
1922 1039 2124 1114 Quare
2156 1038 2294 1099 laus
2321 1038 2454 1099 Deo
2483 1041 2650 1117 Opt„

255 1137 364 1212 qui
413 1137 737 1213 vtriusque
782 1136 1048 1197 salutem
1091 1156 1166 1196 ex
1203 1137 1463 1197 alterius
1497 1137 1696 1198 salute
1733 1139 2001 1200 metiens
2032 1141 2095 1198 et
2128 1158 2229 1199 me
2265 1137 2335 1198 in
2375 1142 2439 1199 te
2471 1142 2657 1216 teque

253 1237 508 1312 propter
526 1253 627 1294 me
644 1234 1025 1308 seruauerit3
1064 1235 1274 1312 sicque
1301 1236 1608 1297 seruando
1634 1237 1969 1314 aliquando
1988 1237 2250 1298 daturus
2268 1256 2384 1298 nos
2403 1236 2659 1315 propius
2686 1247 2748 1284 10

253 1336 442 1410 atque
488 1331 754 1394 vicinius
799 1353 998 1412 agere.
1082 1334 1250 1409 Quos
1290 1335 1661 1396 iamdudum
1704 1335 1872 1396 idem
1912 1355 2087 1397 amor
2125 1335 2397 1411 virtutis,
2440 1338 2656 1397 eadem

253 1431 478 1506 studia,
512 1432 680 1492 idem
707 1432 1061 1494 animorum
1088 1453 1441 1509 consensus,
1476 1434 1802 1497 indiuidua
1828 1434 2086 1495 caritate
2113 1435 2444 1512 copulauit.

334 1530 438 1590 Ad
486 1530 702 1592 literas
746 1534 888 1592 tuas
936 1531 1154 1603 redeo;
1216 1532 1448 1610 quibus
1495 1553 1568 1595 ea
1614 1553 1772 1611 quae
1827 1533 1905 1594 de
1962 1533 2216 1611 regibus
2267 1533 2655 1594 licentiosius

251 1628 686 1705 perscripseris
710 1629 956 1690 abunde
981 1631 1282 1706 perspexi.
1389 1630 1555 1705 Quae
1582 1633 1794 1692 tamen
1820 1651 2015 1709 quum
2042 1630 2405 1692 huiusmodi
2430 1632 2562 1692 sint
2587 1635 2659 1692 vt

251 1726 455 1787 tutius
496 1746 702 1787 coram
748 1726 1002 1788 auribus
1045 1727 1337 1789 fidelibus
1381 1748 1570 1806 quam
1613 1730 1894 1806 epistolis
1935 1728 2285 1803 credantur,
2333 1732 2476 1790 tuae
2517 1750 2659 1807 pru·
2690 1739 2747 1790 ¹5

253 1824 503 1885 dentiae
543 1826 664 1885 erit
708 1827 775 1885 in
820 1826 899 1886 iis
941 1827 1341 1887 recensendis
1387 1827 1606 1888 stilum
1651 1832 2004 1905 temperare
2053 1828 2131 1889 de
2172 1827 2371 1905 iisque
2411 1829 2657 1905 parcius

254 1942 476 2000 agere;
520 1943 600 1982 ne
630 1923 789 1984 forte
827 1924 1197 2002 quandoque
1234 1925 1554 1986 deferendi
1590 1925 1684 1986 tui
1721 1926 1887 2003 apud
1926 1925 2236 2003 principes
2272 1927 2655 1987 occasionem

253 2025 526 2100 praestes
560 2022 1043 2083 obtrectatorum
1080 2022 1548 2102 delatorumque
1586 2025 1927 2087 maleuolae
1965 2024 2196 2087 turbae.
2284 2025 2563 2100 Quorum
2589 2027 2657 2086 in

255 2120 399 2181 aula
452 2120 780 2197 principali
831 2141 1081 2182 summa
1132 2122 1457 2184 celebritas
1512 2126 1622 2198 est,
1671 2129 1857 2201 prout
1905 2129 1975 2187 tu
2026 2127 2127 2186 sat
2175 2125 2358 2199 nosti,
2406 2126 2657 2203 ipseque

254 2217 592 2295 aliquando
616 2220 969 2296 periculum
998 2240 1123 2280 non
1152 2221 1291 2281 sine
1320 2222 1594 2298 periculo
1622 2223 1755 2284 feci.
2690 2233 2750 2268 ²0

336 2317 663 2379 Praeterea
711 2339 868 2396 quae
914 2319 992 2378 de
1046 2319 1388 2380 sacerdotio
1436 2320 1554 2381 tibi
1602 2323 1879 2399 parando
1927 2322 2162 2397 scribis,
2213 2321 2331 2382 etsi
2380 2339 2479 2381 res
2524 2320 2660 2398 ipsa

254 2417 539 2477 nondum
585 2417 665 2477 ad
708 2417 1106 2491 vmbelicum,
1155 2420 1225 2477 vt
1264 2418 1462 2493 aiunt,
1510 2418 1596 2478 sit
1635 2420 1915 2496 deducta,
1962 2425 2176 2482 tamen
2224 2439 2351 2480 non
2400 2417 2660 2480 omnino

252 2514 605 2592 displicent.
692 2516 1022 2577 Caeterum
1065 2535 1293 2594 magna
1333 2536 1437 2577 me
1479 2537 1620 2594 spes
1659 2519 1832 2580 fouet
1873 2520 1936 2580 id
1979 2519 2097 2580 tibi
2136 2518 2393 2579 tandem
2435 2517 2662 2577 obuen-

253 2617 485 2688 turum,
534 2613 698 2692 quod
756 2617 888 2674 tam
942 2617 1155 2675 sancte
1210 2614 1328 2674 tibi
1385 2619 1707 2693 receptum
1765 2618 1952 2679 toties
2006 2616 2128 2678 fuit
2192 2614 2658 2695 repromissum.

253 2711 440 2772 Modo
488 2715 576 2785 tu,
630 2731 840 2772 morae
884 2713 939 2772 si
987 2714 1135 2792 quid
1187 2714 1613 2790 intervenerit,
1671 2735 1798 2775 non
1846 2718 2182 2793 pertoesus,
2232 2718 2341 2776 aut
2388 2713 2661 2791 improbi
2692 2727 2750 2775 ²5

254 2808 488 2871 laboris
514 2829 643 2871 non
681 2811 1032 2887 impatiens,
1065 2811 1348 2873 alacriter
1383 2813 1452 2872 in
1491 2813 1742 2889 incepto
1777 2833 2013 2891 pergas,
2046 2817 2348 2892 tuumque
2385 2811 2663 2889 quotidie

255 2907 678 2969 Moecenatem
711 2929 932 2987 vrgeas
968 2910 1085 2972 tibi
1123 2911 1307 2988 longe
1344 2912 1577 2972 maiora
1616 2912 1949 2972 debentem
1974 2935 1989 2986 3
2030 2914 2247 2989 vtpote
2275 2911 2376 2972 cui
2402 2911 2529 2970 iam
2567 2912 2661 2969 tot

253 3026 454 3067 annos
508 3012 693 3068 tuum
749 3008 1007 3069 desudat
1061 3009 1406 3087 ingenium,
1461 3010 1843 3089 obuiumque
1896 3030 2140 3087 semper
2193 3012 2258 3069 et
2310 3008 2661 3086 expositum

255 3105 535 3166 extiterit
589 3104 972 3183 obsequium.
1061 3108 1279 3183 Quare,
1328 3111 1399 3169 vt
1451 3109 1663 3186 paucis
1720 3129 1824 3170 me
1876 3107 2216 3182 absoluam,
2270 3125 2518 3168 necesse
2568 3109 2665 3167 est

256 3203 597 3264 modestiae
636 3207 778 3264 tuae
815 3204 1044 3266 oblitus
1081 3208 1374 3284 perfrices
1402 3207 1694 3282 frontem,
1729 3208 2007 3268 dediscas
2046 3227 2179 3269 esse
2220 3205 2662 3284 philosophum
2690 3219 2753 3267 30

254 3306 335 3378 te,
369 3302 717 3381 induasque
756 3322 1086 3380 personam
1128 3306 1436 3383 clyentuli
1479 3306 1756 3367 cuiusuis
1798 3306 2247 3383 improbissimi
2288 3304 2389 3365 vel
2430 3304 2664 3366 antelu-

255 3421 410 3462 cano
458 3403 623 3463 fores
672 3403 918 3479 patroni
967 3404 1274 3489 pulsantis
1323 3404 1643 3482 limenque
1687 3405 2103 3481 conterentis;
2152 3404 2394 3465 tamdiu
2438 3402 2662 3481 impor-

253 3502 451 3561 tunus
479 3520 800 3578 quousque
827 3502 1084 3562 tandem
1113 3505 1338 3564 exoret.
1427 3504 1600 3565 Vale.

838 3750 1072 3817 ‘²⁸⁶245.
1162 3751 1258 3819 To
1304 3755 1622 3823 Annaaw
1676 3754 2082 3820 Amemus.

330 3869 579 3942 Farrago
603 3889 659 3941 p.
687 3886 809 3942 235.
2127 3870 2480 3942 Cambridge.

329 3958 391 4015 F.
416 3978 473 4029 p.
500 3973 639 4029 350:
676 3957 819 4014 HN:
859 3957 1030 4014 Lond.
1056 3958 1173 4014 viii.
1200 3974 1300 4026 24:
1339 3960 1446 4015 LB.
1479 3976 1597 4031 130.
2007 3962 2076 4016 26
2102 3958 2413 4017 November
2444 3974 2593 4032 1511.

325 4080 483 4193 gl'his
505 4081 615 4130 and
637 4080 736 4143 Ep.
761 4082 862 4141 246
883 4092 1024 4129 were
1057 4080 1264 4130 carried
1294 4081 1365 4142 by
1387 4081 1589 4130 Gerard
1625 4095 1688 4129 or
1709 4081 1922 4143 Garat,
1948 4080 2042 4129 the
2066 4082 2402 4144 bookseller;
2434 4082 2499 4133 cf.
2529 4082 2664 4146 Epp.

922 4228 1240 4276 ERASMvs
1287 4227 1619 4277 AMMONIO
1665 4228 1790 4276 SVO
1836 4229 1889 4278 S.
1937 4228 2003 4276 D.

343 4349 614 4410 'Parnm
643 4352 721 4412 ad
752 4354 1041 4412 octauum
1069 4351 1374 4413 Calendas
1402 4350 1800 4411 Decembrias
1837 4351 1997 4411 mihi
2034 4351 2307 4412 redditae
2344 4355 2494 4412 sunt
2521 4354 2664 4412 tuae

263 4445 496 4521 literae,
565 4468 720 4526 quas
771 4453 949 4510 sexto
1003 4449 1309 4510 Calendas
1365 4449 1755 4510 Nouembres
1818 4449 2190 4527 scripseras;
2252 4469 2517 4526 prorsus,
2573 4449 2664 4509 mi

262 4546 535 4622 Andr-ea,
587 4551 659 4608 vt
705 4547 1073 4608 breuissime
1119 4549 1385 4626 laudem,
1433 4553 1496 4610 te
1546 4548 1781 4626 dignas,
1830 4548 1949 4609 hoc
1997 4552 2095 4610 est
2143 4548 2319 4608 iuxta
2372 4548 2664 4609 candidas

502 4693 597 4741 244
613 4694 664 4742 Α.
691 4707 765 4743 10.
799 4696 1066 4745 seruando
1088 4700 1204 4748 MS:
1242 4699 1510 4747 Yseruato.
1713 4711 1792 4744 21.
1828 4697 1928 4744 etsi
1952 4698 2150 4755 scripsi:
2184 4698 2298 4744 esto
2320 4698 2422 4745 MS.

1372 4799 1418 4839 x
1447 4780 1491 4839 k
1520 4797 1560 4840 2
