3355 5380
676 362 788 417 184
1377 356 1755 418 LETTERS
1812 355 1920 416 OF
1975 352 2375 415 ERASMUS
2888 347 3072 433 [¹497
3115 399 3130 408 .

673 515 835 590 Quid
885 515 1088 575 multa
1102 518 1135 575 ⁶?
1203 515 1423 577 Victus
1475 513 1719 574 inuidia
1764 511 1985 589 abrupi
2035 531 2154 583 me,
2204 513 2268 570 et
2314 510 2612 572 omnibus
2660 510 2894 570 relictis
2950 510 3073 569 huc

560 638 649 674 ιοο
671 612 976 687 aduolaui,
1010 631 1091 672 ne
1120 611 1360 673 diutius
1384 631 1587 672 essem
1620 630 1659 671 a
1697 614 1908 671 vestro
1934 609 2348 670 contubernio
2376 609 2635 669 alienus.
2723 608 2906 669 Nunc
2932 612 3079 668 tuae

671 710 992 771 facilitatis
1030 709 1151 771 erit
1191 710 1585 788 transfugam
1622 709 1689 770 in
1728 712 1938 770 vestra
1969 711 2171 768 castra
2208 707 2492 785 recipere,
2531 707 2792 784 posthac
2832 711 3076 767 certum

674 808 945 869 militem
973 809 1301 869 futurum.'

754 907 921 967 Tum
962 925 1075 983 ego
1116 906 1317 967 nimio
1359 906 1623 967 miratus
1663 926 1848 982 opere
1887 908 1900 935 ⁴
1923 905 2047 965 Per
2082 904 2286 965 Deum
2316 903 2784 977 immortalem,’
2813 904 3072 981 inquam

678 1002 863 1080 ‘quid
905 1023 1121 1064 narras
1142 1006 1175 1065 ¹?
1275 1004 1460 1066 Itane
1507 1004 1749 1065 inuidia
1788 1007 1899 1064 tua
1941 1005 2005 1063 te
2050 1003 2234 1063 nobis
2279 1002 2573 1077 restituit,
2620 1003 2752 1063 imo
2796 1005 2860 1063 te
2910 1002 3081 1063 tibi?

555 1125 644 1174 105
674 1102 729 1164 Ο
781 1101 1054 1161 faustam
1110 1103 1480 1180 felicemque
1532 1101 1882 1163 inuidiam!
1989 1099 2231 1161 Verum
2286 1101 2342 1161 si
2397 1120 2565 1161 nunc
2621 1106 2686 1163 te
2738 1119 2929 1178 quam
2985 1101 3080 1161 sis

671 1199 1030 1260 fortunatus
1059 1201 1327 1275 doceam,
1367 1201 1551 1262 credo
1584 1200 1827 1277 tibiipsi
1864 1199 2130 1278 incipies
2167 1198 2494 1261 inuidere)
2577 1199 2704 1262 Hic
2733 1202 2824 1275 tu,
2866 1201 2880 1230 ‘
2903 1199 3073 1274 Quin

672 1300 744 1357 tu
770 1297 966 1374 igitur
1000 1298 1262 1359 festinas
1297 1299 1466 1360 istud
1496 1317 1807 1375 exponere
1823 1300 1856 1359 Ῥ
1954 1296 2118 1373 Quid
2148 1296 2468 1358 obtinuisti
2484 1300 2517 1358 ’ἓ
2541 1298 2557 1323 ’
2638 1301 2732 1359 At
2763 1317 2878 1376 ego
2912 1299 2927 1330 ‘
2948 1298 3074 1357 Vix

673 1396 974 1473 tandem‚'
1002 1397 1262 1474 inquam
1298 1400 1313 1429 ‘
1331 1418 1368 1458 o
1397 1398 1490 1457 mi
1532 1396 1923 1470 Christiane;
1971 1415 2152 1455 curae
2185 1394 2355 1456 leues
2388 1395 2752 1472 loquuntur,
2785 1396 3076 1474 ingentes

674 1496 948 1573 stupent.
1040 1495 1349 1573 Quicquid
1396 1500 1492 1556 est
1534 1495 1605 1555 in
1645 1494 1815 1555 coelo
1855 1494 2171 1572 syderum,
2203 1494 2499 1571 quicquid
2546 1494 2823 1567 deorum,
2864 1495 3080 1555 omnia

557 1620 576 1654 1
590 1619 648 1654 10
677 1612 791 1666 me,
843 1596 1027 1653 tuum
1078 1592 1447 1669 Henricum,
1500 1594 1774 1672 benigno
1822 1591 2004 1652 vultu
2047 1592 2404 1669 respiciunt.
2496 1593 2763 1654 Prorsus
2816 1593 3079 1654 deorum

674 1691 873 1751 vitam
901 1692 1111 1769 adepti
1142 1713 1380 1767 sumus,
1414 1693 1471 1753 si
1505 1692 1692 1753 modo
1722 1691 1884 1751 bono
1914 1691 2032 1750 hoc
2065 1693 2361 1767 perpetuo
2402 1690 2586 1752 liceat
2622 1691 2794 1752 frui.’
2874 1691 2979 1752 Ibi
3006 1695 3079 1753 tu

675 1788 879 1866 magis
904 1809 1201 1850 accensus
1225 1791 1519 1851 audiendi
1555 1789 1908 1868 cupiditate,
1946 1791 1961 1819 ‘
1977 1788 2287 1861 Gratulor,
2322 1788 2414 1849 ita
2449 1809 2553 1849 me
2580 1788 2797 1849 Musae
2834 1793 3072 1864 ament,

674 1888 882 1949 frater.
987 1887 1243 1962 Verum,
1293 1892 1366 1951 vt
1412 1909 1555 1949 vere
1598 1886 1719 1949 tibi
1762 1886 1997 1964 possim
2040 1886 2355 1964 gratulari,
2402 1906 2631 1965 quaeso
2678 1908 2814 1948 rem
2862 1889 3084 1965 paucis

675 1986 1002 2062 expedias.'
1082 1988 1298 2063 Atque
1337 2005 1452 2066 ego
1495 1986 1857 2047 ‘Summum
1878 1987 1893 2011 ’
1933 1986 2191 2062 inquam
2239 1988 2253 2014 ⁴
2273 1984 2532 2060 bonum,
2570 1986 2630 2047 si
2671 1986 2837 2064 quod
2879 1990 2976 2049 est
3011 1986 3080 2046 in

557 2106 646 2153 115
676 2083 790 2143 hac
809 2083 943 2144 vita
969 2103 1294 2145 summum
1321 2084 1576 2159 bonum,
1609 2103 1908 2162 superum
1937 2083 2199 2143 numine
2227 2083 2392 2144 mihi
2417 2085 2760 2163 contingit3
2804 2086 2971 2163 quod
2998 2106 3079 2147 ne

676 2183 889 2258 optare
922 2181 1174 2258 quidem
1215 2202 1495 2259 vnquam
1536 2201 1680 2242 sum
1721 2200 1929 2242 ausus.
2019 2180 2161 2241 Iam
2205 2181 2472 2257 diuinae,
2501 2182 2742 2260 opinor,
2771 2182 2925 2260 quid
2966 2202 3079 2262 ego

675 2279 797 2339 sim
838 2285 1227 2358 assequutus.
1316 2280 1479 2356 Quid
1523 2280 1697 2341 enim
1740 2279 1843 2339 vel
1886 2280 2088 2358 magis
2127 2300 2206 2340 ex
2247 2284 2396 2341 voto
2439 2280 2543 2341 vel
2591 2301 2668 2342 ex
2709 2301 2829 2343 vsu
2872 2281 3079 2360 potuit

672 2376 994 2455 obtingere
1048 2399 1236 2457 quam
1303 2384 1659 2458 praeceptor
1714 2381 1852 2439 tum
1908 2378 2189 2439 eruditus
2253 2382 2391 2440 tum
2459 2381 2699 2442 amicus
2714 2382 2748 2441 ⁴?
2856 2379 3078 2441 Habeo

673 2477 960 2537 omnium
988 2479 1129 2537 tum
1155 2478 1656 2540 eruditissimum
1695 2481 1836 2538 tum
1865 2476 2324 2538 amicissimum
2352 2502 2366 2551 ;
2408 2478 2761 2554 Erasmum,
2795 2478 3073 2555 inquam,

555 2599 573 2633 ι
588 2597 649 2633 20
676 2572 861 2635 illum
910 2575 1019 2636 diu
1061 2578 1289 2637 misere
1329 2579 1641 2654 petitum:
1691 2575 1915 2637 deinde
1957 2575 2154 2636 habeo
2185 2576 2593 2654 possideoque
2636 2577 2823 2647 solus,
2875 2576 3081 2652 potior

674 2673 942 2751 proprio,
993 2674 1166 2736 fruor
1211 2675 1477 2752 assidue,
1527 2678 1699 2738 totus
1743 2677 1875 2736 toto
1923 2676 2140 2735 noctes
2187 2674 2461 2753 diesque.
2567 2674 2732 2750 Quid
2780 2673 3026 2752 quaeris
3046 2674 3082 2736 ἱ)

677 2772 1051 2834 Heliconem
1095 2774 1305 2853 ipsum
1351 2775 1520 2836 intra
1564 2773 1835 2835 cubiculi
1878 2773 2005 2833 mei
2053 2774 2319 2850 parietes
2365 2778 2565 2835 teneo.
2654 2774 2818 2849 Quid
2863 2776 2957 2834 est
3006 2773 3075 2833 in

614 2931 617 2932 γ
676 2871 1000 2933 Musarum
1035 2873 1221 2934 choro
1254 2874 1488 2948 viuere,
1517 2873 1573 2933 si
1614 2873 1732 2933 hoc
1774 2891 1903 2932 non
1940 2875 2086 2932 est?
2127 2872 2358 2932 Omnia
2388 2872 2555 2950 apud
2593 2890 2713 2932 nos
2745 2874 2888 2932 tum
2919 2871 3079 2933 seria

676 2973 816 3031 tum
845 2971 1101 3044 ludicra,
1136 2972 1269 3033 ocia
1305 2972 1560 3050 negocia
1595 2971 1798 3033 literis
1836 2971 2230 3031 condiuntur.
2316 2969 2495 3031 Inter
2530 2970 2967 3049 prandendum
2996 2971 3074 3031 de

556 3088 647 3137 125
676 3068 875 3130 literis
929 3069 1216 3148 garritur,
1275 3090 1499 3131 coenae
1554 3068 1849 3130 literariis
1902 3068 2326 3129 condimentis
2379 3069 2585 3130 lautae
2642 3070 2808 3130 sunt.
2897 3068 3080 3130 Inter

676 3166 1205 3228 deambulandum
1245 3168 1319 3228 de
1354 3167 1557 3229 literis
1588 3186 1919 3245 nugamur,
1951 3186 2031 3227 ne
2066 3165 2329 3227 leuiores
2362 3166 2617 3245 quidem
2659 3166 2838 3228 lusus
2876 3168 3078 3228 nostri

675 3284 713 3325 a
773 3265 977 3325 literis
1022 3269 1173 3326 sunt
1227 3265 1462 3340 alieni3
1521 3266 1598 3327 de
1649 3264 1854 3326 literis
1905 3264 2378 3326 confabulantes
2424 3284 2686 3326 somnus
2740 3263 3080 3342 opprimit;

673 3362 1125 3424 dormientium
1160 3364 1411 3425 literata
1442 3366 1594 3424 sunt
1624 3363 1885 3436 somnia,
1915 3363 2258 3439 experrecti
2288 3383 2326 3424 a
2361 3363 2562 3424 literis
2593 3364 2762 3425 diem
2800 3364 3086 3440 auspica-

674 3480 838 3521 mur.
923 3460 1163 3523 Ludere
1218 3461 1379 3521 mihi
1427 3462 1658 3536 videor,
1713 3480 1839 3522 non
1893 3460 2157 3535 studere,
2208 3464 2271 3521 et
2325 3463 2539 3522 tamen
2598 3481 2765 3523 nunc
2821 3462 3080 3524 demum

558 3578 650 3626 130
673 3559 922 3621 studere
955 3579 1058 3620 me
1085 3561 1306 3621 sentio.

748 3658 1018 3718 ‘Verum
1037 3678 1119 3719 ne
1144 3658 1554 3720 solitudinem
1576 3661 1858 3719 nostram
1878 3659 2259 3732 contemnas,
2285 3657 2476 3719 multi
2498 3657 2726 3719 cotidie
2750 3657 3079 3718 nobiscum

675 3756 1034 3834 pransitant
1087 3776 1159 3817 ac
1213 3757 1546 3830 comitant,
1607 3775 1968 3834 quanquam
2036 3755 2159 3833 ipsi
2220 3756 2377 3817 satis
2443 3756 2636 3817 multi
2690 3774 2914 3817 sumus
2968 3756 3082 3833 qui

676 3855 1038 3916 Gratiarum
1093 3875 1429 3916 numerum
1485 3856 2056 3932 repraesentemus;
2123 3874 2347 3914 verum
2418 3854 2508 3914 ita
2566 3853 2729 3915 *libet
2799 3853 3083 3931 quotidie

675 3953 967 4014 adhibere
1011 3955 1397 4032 compotores
1445 3954 1667 4015 varioS.
1756 3953 1940 4029 Quos,
1988 3951 2235 4029 inquies
2251 3954 2283 4014 ⁶?
2368 3953 2462 4013 Ne
2505 3956 2576 4012 tu
2621 3951 2777 4013 istos
2825 3952 3076 4030 cogites,

559 4064 649 4114 135
676 4051 787 4127 qui
814 4051 1034 4112 calices
1060 4052 1339 4113 exiccant
1365 4075 1379 4125 ;
1420 4055 1663 4112 veteres
1700 4049 1845 4110 illos
1874 4049 2113 4111 amicos
2152 4054 2404 4111 nostros
2443 4049 2612 4111 nosti
2648 4048 3082 4110 commodissi-

677 4169 831 4224 mos,
857 4150 966 4227 qui
992 4154 1319 4227 sumptum
1349 4169 1474 4211 non
1503 4149 1811 4223 adferunt,
1839 4147 2227 4226 voluptatem
2249 4148 2584 4209 adducunt.
2680 4148 2773 4209 De
2800 4147 3084 4226 probatis

677 4249 1001 4311 autoribus
1041 4249 1276 4327 loquor.
1364 4249 1742 4312 Conuiuium
1779 4246 2017 4321 inituri,
2055 4266 2260 4325 quem,
2293 4246 2640 4324 inquimus,
2673 4246 3080 4324 potissimum

676 4348 754 4410 ad
797 4348 1161 4410 conuiuium
1203 4348 1566 4410 vocabimus
1581 4350 1614 4409 ‘3
1697 4346 1860 4423 Quid
1900 4345 1955 4406 si
1995 4346 2367 4407 adhibeatur
2409 4345 2764 4407 Macrobius
2782 4347 2816 4406 ⁴?
2883 4345 3083 4406 Adhi-

677 4447 936 4520 beatur;
981 4446 1089 4506 sed
1127 4445 1385 4507 bellaria
1425 4465 1556 4518 sua,
1589 4464 1716 4505 non
1753 4443 2072 4505 somnium
2114 4443 2373 4504 adferat.
2459 4446 2594 4505 Aut
2621 4446 2786 4504 certe
2827 4444 3085 4503 vocetur

749 4608 858 4643 110.
898 4604 987 4641 me
1009 4608 1097 4641 om.
1122 4595 1177 4640 F.
1330 4606 1439 4653 1¹5·
1476 4594 1549 4640 17⁸:
1585 4605 1788 4639 numen
1810 4592 1871 4638 Ε.
2005 4590 2234 4653 contigit
2258 4593 2320 4640 Η.
2469 4591 2579 4653 138.
2614 4590 2924 4639 vocabimus
2947 4588 3084 4638 EN¹=

680 4659 1055 4708 inuocabimus
1074 4656 1144 4708 ΙΨ
1164 4656 1196 4712 ⁸.
1378 4672 1487 4722 139·
1527 4661 1603 4706 F:
1636 4669 1890 4705 somnum
1914 4659 1970 4706 Ε.
