3355 5380
689 394 805 450 302
1375 389 1750 451 LETTERS
1807 389 1914 450 or
1969 386 2369 450 naAqus
2890 384 3080 469 [1500

680 546 993 620 amittant,
1015 545 1079 605 id
1100 545 1325 607 accidit
1351 546 1514 608 mihi
1539 546 1609 606 in
1637 546 2032 607 acerbissima
2054 544 2256 607 animi
2280 544 2582 618 molestia,
2603 548 2678 605 vt
2702 563 2853 604 cum
2880 562 3084 604 essem

597 673 656 725 15
683 643 1141 714 afflictissimus.
1163 644 1466 705 miserum
1494 648 1709 706 tamen
1736 665 1873 706 esse
1899 664 2003 705 me
2020 664 2150 705 non
2171 643 2587 705 meminerim.
2650 642 2735 703 Et
2753 642 3084 704 credebam

682 743 845 821 apud
873 743 1138 804 Battum
1165 743 1427 804 Erasmo
1455 743 1668 803 omnia
1693 741 1955 821 impune
1979 742 2183 804 licere.
2263 742 2428 802 Nam
2453 742 2662 802 amaui
2688 744 2752 801 te
2777 741 3089 801 hactenus

683 844 935 903 tantum
957 843 1092 919 (eur
1115 842 1292 902 enim
1310 862 1438 902 non
1457 842 1656 903 fatear
1669 843 1742 918 P),
1766 863 1894 903 non
1921 841 2127 917 timui,
2153 861 2266 902 nec
2292 841 2544 918 ignoras
2566 840 3087 901 ardentisdmum

684 959 962 1001 amorem
990 959 1135 1000 cum
1163 943 1335 1000 metu
1371 960 1502 1000 non
1529 940 1870 1001 cohaerere.
1951 940 2192 1000 Verum
2223 940 2437 1000 euexit
2470 959 2575 999 me
2610 937 2798 1015 paulo
2837 937 3090 1015 longius

684 1058 861 1099 amor
914 1057 1058 1098 vere
1119 1057 1351 1114 caecus,
1412 1043 1477 1100 et
1537 1042 1859 1117 peccatum
1917 1038 2097 1099 video
2123 1062 2139 1113 ;
2209 1058 2413 1115 neque
2468 1056 2730 1115 poenam
2792 1037 3091 1113 deprecor

598 1166 661 1201 20
685 1140 972 1212 atrocem,
1005 1136 1133 1197 nisi
1156 1137 1388 1197 vitium
1423 1141 1693 1198 mutare.
1778 1138 2049 1198 Posthac
2086 1137 2177 1197 ita
2207 1138 2473 1197 Battum
2509 1155 2725 1196 meum
2762 1135 2991 1196 amabo
3017 1138 3090 1193 vt

687 1236 976 1310 amicum,
1029 1239 1102 1296 vt
1148 1236 1307 1296 bene
1353 1238 1667 1310 meritum,
1722 1239 1792 1297 vt
1839 1236 2174 1297 eruditum.
2280 1235 2383 1295 Ita
2428 1234 2756 1295 reuerebor
2800 1236 2878 1293 vt
2925 1253 3095 1310 prae-

688 1337 1019 1410 ceptorem,
1050 1336 1124 1393 vt
1148 1354 1362 1411 regem
1391 1353 1622 1407 meum,
1654 1334 1756 1394 eui
1783 1334 1852 1393 in
1878 1353 2074 1394 manu
2100 1333 2186 1394 sit
2213 1353 2317 1394 me
2343 1333 2445 1392 vel
2472 1333 2725 1410 perdere
2752 1332 2856 1393 vel
2886 1331 3088 1392 beare.

688 1430 810 1493 Vel
850 1432 1140 1508 fustigari
1179 1452 1310 1492 non
1353 1451 1581 1506 recuso,
1626 1430 1683 1492 si
1723 1432 1980 1510 posthac
2021 1432 2286 1492 verbum
2325 1431 2532 1492 vllum
2573 1431 2732 1491 meis
2774 1431 2846 1490 in
2889 1430 3096 1490 literis

691 1529 1186 1607 deprehenderis,
1225 1550 1355 1589 non
1397 1528 1598 1591 dicam
1639 1550 1865 1607 procax
1904 1534 2016 1591 aut
2056 1529 2466 1604 licentiosum,
2503 1529 2611 1589 sed
2654 1528 2920 1589 omnino
2960 1547 3096 1588 non

602 1652 662 1702 ²5
689 1628 1008 1702 blandum,
1055 1648 1184 1688 non
1225 1627 1506 1705 supplex,
1546 1647 1677 1689 non
1721 1630 1887 1706 quod
1927 1648 2185 1689 seruum
2226 1648 2354 1688 non
2397 1628 2705 1701 dedeceat,
2753 1628 2866 1706 qui
2907 1627 3099 1687 modo

690 1747 936 1788 crucem
965 1729 1221 1786 metuat.
1309 1726 1474 1801 Quin
1513 1727 1768 1805 insuper
1803 1727 2002 1787 habeo
2038 1727 2319 1803 gratiam,
2350 1727 2440 1786 mi
2473 1729 2753 1804 patrone,
2784 1725 2951 1804 quod
2987 1744 3100 1785 me

693 1825 852 1886 mihi
877 1827 946 1884 in
974 1825 1345 1885 memoriam
1374 1825 1683 1903 redegeris
1709 1826 2119 1905 fortunaeque
2146 1825 2563 1886 admonueris

771 1923 955 1984 Nunc
981 1923 1057 1983 ad
1091 1922 1619 1983 humanissimam
1656 1928 1835 1984 tuam
1872 1925 2205 2001 epistolam
2244 1923 2460 1984 ordine
2495 1922 2904 2000 respondebo,
2936 1940 3099 1998 quae

689 2026 753 2083 te
779 2042 887 2082 oro
913 2025 983 2082 vt
1011 2021 1289 2098 placidus
1325 2022 1763 2100 propiciusque
1789 2022 2004 2083 audire
2031 2043 2112 2082 ne
2148 2023 2440 2101 graueris.
2528 2022 2821 2082 Primum
2849 2039 3097 2079 morem

603 2141 666 2189 30
690 2119 878 2180 illum
906 2140 1120 2181 meum
1149 2140 1395 2180 morose
1424 2120 1739 2181 scribendi
1765 2140 2022 2198 prorsus
2050 2121 2357 2182 abiiciam.
2446 2121 2530 2181 Et
2560 2120 2618 2181 si
2648 2138 2872 2197 parum
2910 2121 3103 2195 putas

690 2218 1071 2296 poenituisse
1113 2218 1355 2293 erroris,
1406 2216 1658 2279 nullum
1704 2238 1817 2297 ego
1860 2218 2242 2297 supplicium
2288 2219 2595 2297 deprecor,
2642 2219 2832 2277 modo
2876 2236 2979 2277 me
3031 2217 3102 2275 in

692 2316 957 2394 gratiam
984 2316 1245 2393 recipias
1268 2337 1282 2389 3
1323 2336 1453 2376 non
1482 2335 1618 2377 eam
1646 2337 1772 2394 qua
1797 2316 2038 2376 fuimus
2070 2315 2242 2392 olim,
2275 2336 2402 2377 non
2432 2336 2574 2377 sum
2603 2319 2735 2378 tam
2758 2316 3107 2393 impudens

692 2418 763 2475 vt
790 2414 853 2474 id
886 2434 1098 2491 rogare
1125 2414 1426 2490 audeam;
1467 2416 1821 2475 maximum
1849 2415 2055 2488 fuerit,
2091 2415 2148 2475 si
2173 2414 2276 2473 vel
2304 2417 2584 2474 extrema
2615 2417 2792 2492 parte
2820 2412 3105 2473 haerebi-

692 2532 853 2574 mus.
942 2512 1121 2588 Quod
1149 2512 1552 2590 Praepositae
1577 2533 1655 2574 ex
1683 2513 1896 2574 animo
1923 2513 2083 2573 mihi
2109 2512 2270 2573 bene
2298 2514 2487 2590 cupit,
2515 2513 2813 2573 meritum
2840 2511 3110 2589 quidem

605 2629 667 2680 35
695 2631 908 2672 meum
935 2610 1189 2671 nullum
1217 2630 1499 2688 agnosco.
1586 2612 1794 2672 Tuum
1822 2631 1966 2689 erga
1997 2631 2100 2671 me
2133 2610 2421 2672 studium
2453 2631 2578 2688 quo
2613 2612 2790 2671 tanto
2826 2629 2933 2669 me
2957 2610 3115 2669 viro

695 2710 1164 2786 commendasti,
1224 2710 1411 2770 adoro
1467 2710 1923 2789 exosculorque.
2033 2709 2211 2786 Quod
2265 2709 2434 2787 apud
2491 2710 2828 2770 Dominam
2883 2712 3119 2768 nostro

699 2810 954 2870 nomine
980 2828 1259 2886 gnauum
1287 2809 1607 2886 fidumque
1640 2812 1977 2886 patronum
2006 2811 2072 2868 te
2108 2809 2240 2868 fore
2276 2808 2606 2884 polliceris,
2642 2807 2790 2885 quid
2826 2826 2943 2883 ego
2984 2807 3121 2865 tibi

696 2907 995 2982 vicissim,
1047 2907 1442 2967 ornatissime
1487 2906 1690 2980 Batte,
1740 2927 1851 2983 pro
1897 2907 2017 2967 ista
2058 2909 2169 2966 tua
2216 2906 2284 2965 in
2334 2925 2437 2965 me
2484 2907 2712 2983 pietate
2753 2904 3121 2981 pollicear?

700 3005 861 3081 Quid
901 3003 1072 3065 aliud
1116 3024 1305 3081 quam
1346 3004 1657 3082 meipsum
1673 3006 1710 3065 ⁸?
1789 3007 1879 3065 At
1920 3005 2046 3065 iam
2087 3005 2243 3064 olim
2284 3023 2427 3065 sum
2468 3005 2536 3064 in
2576 3005 2705 3063 tuis
2746 3003 3113 3080 mancipiis,

610 3124 676 3172 4ο
702 3103 879 3179 Quod
935 3106 1148 3164 autem
1205 3102 1550 3163 Guilhelmi
1607 3103 1936 3179 epistolam
1991 3103 2068 3163 ad
2125 3122 2226 3163 me
2280 3101 2530 3176 misisti,
2589 3102 2765 3163 visus
2815 3121 2886 3161 es
2940 3103 3117 3162 milu·

701 3201 1002 3263 mandare
1043 3205 1116 3262 vt
1171 3221 1360 3279 quam
1415 3202 1696 3279 primum
1742 3201 2030 3262 arborem
2077 3200 2418 3278 suspendio
2474 3200 2762 3279 deligam.
2864 3201 3126 3261 Actum

702 3300 778 3361 de
820 3319 922 3360 me
964 3300 1334 3360 iamdudum
1382 3300 1684 3377 intelligo,
1729 3300 2037 3379 siquidem
2080 3299 2190 3359 ille
2229 3299 2542 3360 successit.
2632 3297 2753 3360 Sed
2796 3298 2946 3376 quid
2995 3319 3126 3377 ego

704 3397 942 3459 malum
985 3417 1199 3457 meum
1241 3400 1374 3458 tam
1415 3397 1797 3475 impotenter
1833 3398 1982 3473 fero,
2022 3399 2185 3475 quod
2223 3417 2363 3459 mea
2397 3397 2560 3458 mihi
2596 3397 2875 3459 stulticia
2908 3416 3130 3458 accer—

704 3482 964 3557 siuerim
985 3496 1114 3572 ipse
1132 3498 1165 3556 Ῥ
1233 3494 1375 3556 Iam
1396 3516 1497 3556 me
1519 3497 1713 3557 etiam
1733 3498 1788 3557 si
1802 3498 1871 3556 in
1890 3516 2137 3558 crucem
2156 3495 2487 3558 sustuleris
2507 3495 2720 3568 feram,
2742 3515 3133 3575 quanquam

615 3608 677 3657 45
705 3591 771 3652 id
800 3612 1048 3671 quoque
1074 3593 1279 3654 leuius
1304 3594 1462 3655 duco
1491 3614 1681 3672 quam
1708 3594 2149 3656 Guilhelmum
2181 3594 2342 3654 mihi
2378 3593 2691 3672 prelatum
2727 3593 3131 3672 conspicere.

707 3689 849 3751 Hoc
875 3710 1073 3751 vnum
1102 3694 1165 3751 te
1190 3693 1456 3768 supplex
1481 3696 1544 3753 et
1570 3713 1682 3770 per
1708 3694 1886 3754 tuam
1913 3691 2274 3754 felicitatem
2301 3696 2367 3752 et
2393 3712 2507 3770 per
2538 3692 2688 3753 deos
2719 3693 2879 3755 mihi
2914 3692 3139 3755 iratos

707 3807 831 3861 oro,
864 3787 922 3848 si
946 3788 1065 3848 tibi
1095 3788 1408 3850 decretum
1436 3794 1532 3850 est
1559 3810 1663 3851 me
1692 3791 1960 3867 perdere,
1992 3811 2072 3851 ne
2100 3791 2288 3868 longo
2316 3790 2565 3852 differas
2594 3791 2888 3852 cruciatu.

789 3886 968 3961 Quod
1011 3886 1249 3948 Abbati
1305 3908 1434 3948 non
1489 3890 1728 3967 scripsi,
1780 3908 2006 3967 quaeso
2049 3909 2131 3949 ne
2178 3889 2496 3967 ignauiam
2549 3909 2763 3950 meam
2810 3889 2878 3951 in
2924 3910 3148 3955 eausa

709 3984 900 4045 fuisse
937 3986 1139 4061 putes.
1225 3984 1438 4063 Neque
1477 3988 1651 4047 enim
1693 3991 2139 4067 argumentum
2172 3987 2378 4048 vllum
2418 3988 2769 4065 excogitare
2810 3987 3022 4066 quini,
3071 4001 3149 4053 et

620 4097 684 4148 50
708 4082 1070 4145 tarditatem
1105 4101 1312 4143 meam
1349 4103 1478 4143 non
1514 4085 1783 4162 ignoraS,
1821 4084 2247 4146 damnandam
2283 4085 2555 4163 quidem,
2585 4087 2694 4146 sed
2734 4086 2886 4164 quid
2917 4087 3152 4153 facias

708 4180 936 4242 asino?
1015 4180 1180 4241 'rum
1221 4179 1310 4241 ita
1351 4182 1713 4259 cogitabam,
1744 4182 1931 4243 illum
1968 4184 2038 4243 in
2075 4184 2418 4244 Brabantia
2449 4184 2693 4244 diutius
2724 4186 3148 4252 abfuturum.

1152 4348 1234 4396 25.
1270 4335 1725 4396 modoroorffq.:
1758 4341 1951 4388 nonE.
2150 4354 2229 4401 29.
2266 4343 2436 4388 nel*-
2468 4342 2661 4389 nonE.

775 4500 858 4549 51.
896 4485 1216 4549 Brabantia]
1251 4485 1363 4534 The
1384 4486 1861 4552 Abbot'sjourney
1960 4489 2030 4537 In
2068 4490 2376 4552 answering
2415 4489 2648 4552 Ep.129
2684 4491 2821 4539 Batt
2850 4506 3059 4545 seems
3094 4500 3165 4546 to

712 4556 770 4601 to
811 4552 1055 4602 Brabant
1097 4565 1210 4599 was
1259 4551 1519 4614 probably
1562 4554 1860 4604 connected
1961 4554 2100 4603 have
2113 4554 2435 4605 announeed
2449 4555 3169 4614 thathisnturnwuex

713 4616 851 4666 with
879 4616 970 4665 his
998 4620 1183 4666 recent
1204 4617 1582 4680 appointment
1603 4631 1664 4666 as
1684 4618 1860 4668 Goun-
1960 4620 2148 4683 pected
2165 4623 2223 4670 at
2244 4635 2396 4669 enee.
2462 4621 2574 4671 But
2597 4623 2643 4669 it
2662 4636 2776 4671 was
2795 4630 3168 4692 appar-nux·

710 4683 868 4733 cillor
888 4684 945 4732 to
967 4682 1151 4744 Philip
1183 4682 1242 4731 of
1260 4682 1511 4745 Austria;
1548 4698 1634 4732 see
1663 4698 1715 4746 p.
1740 4698 1856 4746 334.
1960 4685 2188 4747 delayed
2239 4686 2331 4735 till
2382 4686 2692 4746 December,
2746 4687 2898 4738 since
2962 4681 3169 4746 who}
