3355 5380
227 407 395 494 1536]
478 411 832 475 BEATUS
870 412 1346 477 RHENANUS
1385 413 1493 477 ΤΟ
1537 412 1968 477 ΗΕΒΜΑΝΝ
2010 416 2116 477 OF
2158 417 2398 480 WIED
2524 423 2600 480 53

217 569 354 618 here.
425 567 483 618 It
504 581 735 631 appears
755 569 898 618 from
922 568 1079 618 RBE.
1105 583 1210 629 300
1228 569 1338 619 and
1360 572 1460 632 338
1480 571 1603 621 that
1628 572 1757 623 both
1780 573 2017 636 prefaces
2037 588 2179 624 were
2200 575 2499 626 submitted
2520 580 2596 639 to,

212 634 318 684 and
339 633 569 697 perhaps
590 634 804 684 revised
829 636 918 697 by,
941 634 1195 684 Boniface
1216 636 1566 702 Amorbacla]

168 790 826 840 ‘RBVEBENDISSIMO
888 791 970 839 IN
1026 790 1323 841 CHRISTO
1382 792 1594 840 PATRI
1655 793 2016 848 EIDEMQVE
2069 793 2598 848 ILLVSTRISSIMO

373 893 1005 956 PRINCIP1,DomN0
1021 895 1429 959 HERMANNO,
1440 896 1749 945 SANGTAE
1766 896 2106 946 COLONIEN
2108 898 2209 946 818
2225 899 2597 949 ECCLESIAE

374 997 949 1058 ARcmm‘IscoPO,
1030 998 1232 1047 SACRI
1325 1000 1599 1048 ROMANI
1698 1001 1983 1049 IMPERII
2073 1001 2206 1050 PER
2293 1002 2595 1054 ITALIAM

372 1101 1118 1165 ARCHICANCELLARIO,
1160 1100 1477 1150 PRINCIPI
1531 1102 1890 1163 ELECTORI,
1935 1104 2462 1153 VVESTPHALIAE
2510 1108 2597 1155 ΕΤ

371 1204 743 1253 ΔΝΌΑΒῙΑΕ
823 1205 986 1254 DVCI
1068 1205 1470 1260 LEGATOQVE
1552 1206 1733 1254 NA'ro
1816 1207 1902 1255 Ac
1991 1207 2597 1257 PADELBORNENSIS

372 1307 753 1357 EchESIAE
789 1308 1422 1372 ADMINISTBATOBI,
1453 1308 1714 1358 BEATVS
1755 1309 2126 1359 BHENANVS
2165 1311 2486 1361 SALVTEM
2527 1312 2594 1361 D.

238 1498 256 1515 .
291 1498 309 1512 .
340 1500 358 1516 .
390 1497 406 1513 .
438 1452 632 1514 HAmc
678 1455 745 1514 et
796 1452 919 1515 alia
971 1473 1128 1533 quae
1183 1458 1294 1515 tua
1340 1453 1688 1532 amplitudo
1743 1453 2112 1517 dexterrime
2165 1458 2371 1535 gessit,
2424 1458 2592 1520 haud

190 1551 533 1631 ignorabat
572 1551 1011 1628 sagacissimus
1048 1551 1153 1614 vir
1196 1552 1496 1612 Erasmus
1534 1552 1998 1629 Roterodamus,
2037 1552 2167 1614 imo
2207 1553 2594 1616 celebrandis

188 1650 548 1713 virtutibus
573 1649 703 1710 tuis
728 1668 1020 1728 campum
1048 1649 1470 1711 destinauerat
1494 1650 1943 1727 praefationem
1969 1649 2040 1711 in
2069 1651 2357 1730 origenis
2382 1672 2585 1731 opera,

188 1770 311 1829 qua
350 1748 480 1811 tibi
521 1748 769 1810 labores
803 1767 952 1810 suos
989 1751 1305 1810 extremos
1343 1767 1725 1826 nuncupare,
1758 1768 1869 1809 ceu
1910 1749 2113 1810 dicere
2151 1770 2488 1829 coeperam,
2521 1753 2592 1813 in

187 1847 410 1908 animo
435 1844 732 1907 habebat.
820 1845 941 1908 Sed
977 1847 1346 1926 priusquam
1372 1846 1492 1907 hoc
1516 1846 1762 1922 faceret,
1797 1846 2054 1909 morbus
2084 1848 2504 1910 validissimus
2531 1849 2589 1911 ei
2618 1875 2645 1925 5

186 1948 469 2006 mortem
534 1941 923 2005 accelerauit.
1030 1945 1324 2006 Redierat
1385 1943 1690 2022 Friburgo
1746 1944 2218 2023 Brisigauorum
2272 1946 2589 2009 Basileam

183 2063 361 2106 anno
399 2041 730 2121 superiori,
764 2062 956 2121 quum
987 2046 1059 2104 vt
1088 2042 1492 2104 Ecclesiastae
1525 2043 1659 2103 siue
1696 2041 1868 2120 operi
1901 2042 1995 2102 De
2034 2045 2273 2106 ratione
2312 2045 2590 2106 concion·

182 2142 343 2204 andi
360 2142 537 2220 typis
557 2140 970 2202 Frobenianis
996 2141 1281 2203 aedundo
1299 2159 1592 2219 praesens
1610 2141 1869 2216 adesset,
1896 2160 1967 2202 ac
1986 2144 2231 2220 partem
2251 2147 2588 2205 restantem

182 2239 326 2301 illic
354 2239 711 2301 absolueret
741 2239 915 2317 (nam
957 2242 1167 2302 deerat
1208 2239 1288 2301 ad
1328 2240 1522 2301 finem
1561 2239 1838 2317 aliquid),
1873 2242 2012 2300 tum
2051 2244 2123 2301 vt
2160 2242 2586 2303 valetudinem

181 2339 525 2400 aduersam
554 2358 681 2417 qua
709 2337 1000 2417 Friburgi
1033 2338 1312 2400 laborare
1348 2340 1643 2417 coeperat,
1680 2337 1830 2399 caeli
1856 2338 2204 2400 mutatione
2234 2340 2580 2402 discuteret.
2618 2364 2677 2400 10

184 2437 407 2517 Neque
428 2435 607 2497 enim
645 2435 931 2497 discessit
968 2436 1145 2515 quasi
1185 2456 1313 2498 non
1351 2436 1684 2511 rediturus,
1723 2455 1919 2549 quum
1959 2435 2086 2496 illic
2126 2440 2200 2498 vt
2239 2436 2310 2550 in
2350 2438 2586 2500 ditione

180 2633 403 2710 nandi,
454 2632 566 2711 qui
611 2631 827 2693 virum
879 2632 1015 2693 eius
1057 2631 1434 2711 reipublicae
1477 2630 1859 2710 primoribus
1906 2651 2014 2710 per
2058 2631 2268 2694 literas
2307 2638 2587 2697 accurate

179 2732 757 2806 commendauerat,
784 2750 978 2810 quum
997 2731 1276 2809 primum
1295 2731 1445 2792 illuc
1465 2750 1530 2792 se
1558 2731 1881 2806 conferret,
1905 2730 2338 2792 lubentissime
2356 2733 2584 2794 vixerit

178 2834 318 2892 toto
359 2828 716 2907 septennio,
769 2848 900 2889 non
953 2828 1159 2890 solum
1213 2829 1450 2907 optimo
1495 2829 1717 2907 cuique
1762 2830 1895 2889 eius
1943 2829 2292 2890 academiae
2336 2830 2584 2902 charus,
2612 2855 2670 2906 15

180 2927 611 2990 verumetiam
646 2926 1123 3004 magistratibus
1155 2927 1517 3006 ciuibusque
1552 2926 1719 2988 haud
1755 2925 2097 3005 vulgariter
2128 2930 2375 2989 amatus
2400 2930 2585 3007 atque

181 3025 699 3089 reuerentissime
724 3025 946 3086 cultus.
1028 3026 1150 3088 Sed
1178 3046 1372 3106 quum
1398 3025 1479 3087 ab
1504 3025 1932 3086 illustrissima
1953 3025 2317 3105 Hungariae
2344 3027 2585 3107 Regina

181 3124 388 3187 Maria
413 3145 488 3186 ac
514 3124 665 3185 aula
698 3123 1075 3186 Brabantica
1106 3125 1339 3185 iterum
1375 3144 1446 3185 ac
1479 3124 1706 3185 iterum
1740 3127 2082 3199 vocaretur,
2115 3124 2308 3186 misso
2339 3126 2584 3203 pridem

179 3223 436 3300 viatico,
473 3222 763 3301 cogitans
789 3221 900 3282 ille
925 3222 1004 3283 de
1028 3222 1154 3284 fide
1180 3242 1295 3284 sua
1321 3223 1659 3298 liberanda,
1682 3242 1803 3300 qua
1830 3221 2100 3283 reditum
2126 3222 2197 3282 in
2222 3222 2581 3287 inferiorem

179 3321 598 3384 Germaniam
648 3322 815 3381 certo
871 3319 1031 3383 foret
1100 3341 1229 3383 non
1276 3322 1467 3382 semel
1520 3320 1853 3399 pollicitus,
1905 3320 2354 3399 supellectilem
2402 3341 2580 3385 suam
2608 3347 2668 3382 20

179 3439 439 3482 omnem
485 3418 797 3496 Priburgo
832 3420 1148 3481 Basileam
1185 3420 1429 3480 curauit
1455 3420 1865 3494 auehendam,
1893 3423 1965 3480 vt
1998 3419 2172 3480 illinc
2209 3420 2276 3482 in
2311 3421 2582 3484 Braban-

181 3521 339 3581 tiam
366 3537 572 3597 quum
600 3516 809 3579 visum
846 3522 1012 3579 esset
1053 3518 1326 3580 secundo
1353 3518 1576 3581 Rheno
1608 3517 1952 3595 nauigaret.
2035 3518 2173 3580 Hoc
2214 3522 2581 3584 molientem

180 3620 245 3676 et
266 3616 537 3680 aestatis
560 3620 844 3694 tempore
869 3617 1026 3678 satis
1061 3618 1383 3678 commode
1414 3616 1750 3677 habentem
1778 3614 2128 3678 articularis
2155 3619 2425 3694 morbus,
2458 3642 2579 3699 quo

180 3714 482 3795 Friburgi
509 3714 904 3777 conflictatus
939 3718 1087 3777 ante
1124 3715 1345 3791 fuerat,
1378 3715 1467 3777 sic
1503 3714 1825 3775 hominem
1861 3711 2020 3775 lecto
2052 3715 2168 3776 sub
2201 3720 2579 3796 autumnum

185 3827 408 3872 rursus
446 3808 667 3884 affixit,
707 3813 779 3870 vt
818 3809 989 3870 hunc
1031 3829 1173 3870 raro
1212 3809 1298 3869 sit
1337 3828 1638 3887 egressus,
1676 3807 2032 3869 cubiculum
2073 3811 2265 3872 semel
2305 3815 2572 3874 tantum.
2605 3837 2663 3888 ²5

185 3906 267 3968 Bt
291 3911 513 3969 tamen
544 3907 617 3967 in
642 3908 840 3969 tantis
879 3908 1304 3970 membrorum
1332 3905 1721 3982 cruciatibus,
1754 3905 1812 3967 si
1837 3908 2084 3985 quando
2110 3908 2212 3970 vel
2238 3911 2577 3972 minimum

185 4006 708 4086 conquieuissent,
781 4026 1105 4087 nunquam
1173 4005 1439 4068 scribere
1506 4004 1763 4066 destitit.
1869 4003 2071 4066 Testis
2122 4008 2220 4067 est
2271 4027 2579 4070 commen·

182 4105 449 4168 tariolus
475 4106 573 4168 De
601 4105 875 4184 puritate
901 4105 1204 4179 ecclesiae,
1238 4109 1301 4166 et
1328 4105 1481 4165 haec
1508 4103 1796 4182 Origenis
1821 4104 2181 4182 recognitio.

260 4204 547 4267 deem
601 4204 844 4265 viribus
904 4205 1211 4283 paulatim
1265 4202 1717 4277 deficientibus,
1791 4221 2072 4263 mensem
2139 4203 2312 4264 enim
2380 4204 2578 4267 ferme

186 4302 498 4382 integrum
528 4303 885 4381 dysenteria
903 4302 1229 4377 laborauit,
1255 4321 1449 4380 quum
1469 4301 1774 4363 sentiret
1754 4320 1884 4362 iam
1908 4300 2146 4362 instare
2171 4300 2335 4362 vitae
2361 4302 2570 4378 finem,
2602 4328 2667 4377 30

186 4401 542 4463 extantibus
569 4405 642 4462 vt
673 4420 919 4479 semper
959 4400 1142 4461 claris
1170 4398 1561 4461 Christianae
1596 4399 1935 4477 patientiae
1965 4402 2030 4460 et
2064 4399 2262 4460 animi
2302 4401 2576 4479 religiosi

185 4498 588 4576 documentis,
630 4500 859 4579 quibus
896 4499 966 4559 in
1009 4499 1330 4561 Christum
1360 4519 1426 4559 se
1467 4517 1643 4575 spem
1688 4517 1941 4559 omnem
1981 4498 2168 4575 figere
2208 4498 2567 4572 testabatur,

188 4599 426 4660 assidue
453 4601 756 4673 clamans,
795 4600 810 4629 ‘
833 4597 886 4658 O
914 4598 1078 4672 Iesu,
1109 4597 1564 4671 misericordia;
1606 4596 1877 4658 Domine
1902 4596 2096 4657 libera
2123 4616 2264 4671 me;
2306 4596 2575 4657 Domine

190 4696 285 4757 fac
337 4697 562 4774 finem;
620 4696 900 4759 Domine
954 4697 1246 4758 miserere
1298 4696 1465 4772 mei,’
1510 4700 1575 4757 et
1623 4694 1992 4758 Germanica
2045 4695 2263 4772 lingua
2318 4695 2333 4724 ‘
2349 4695 2575 4756 Lieuer
