<?xml version="1.0" encoding="UTF-8"?>
<!DOCTYPE html PUBLIC "-//W3C//DTD XHTML 1.0 Transitional//EN"
    "http://www.w3.org/TR/xhtml1/DTD/xhtml1-transitional.dtd">
<html xmlns="http://www.w3.org/1999/xhtml" xml:lang="en" lang="en">
 <head>
  <title>
</title>
<meta http-equiv="Content-Type" content="text/html;charset=utf-8" />
  <meta name='ocr-system' content='tesseract 3.04.00' />
  <meta name='ocr-capabilities' content='ocr_page ocr_carea ocr_par ocr_line ocrx_word'/>
</head>
<body>
  <div class='ocr_page' id='page_1' title='image "./opusepistolarum00flowgoog_0072.png"; bbox 0 0 3355 5380; ppageno 0'>
   <div class='ocr_carea' id='block_1_1' title="bbox 654 392 3062 476">
    <p class='ocr_par' dir='ltr' id='par_1_1' title="bbox 654 392 3062 476">
     <span class='ocr_line' id='line_1_1' title="bbox 654 392 3062 476; baseline -0.002 -17"><span class='ocrx_word' id='word_1_1' title='bbox 654 406 729 459; x_wconf 80' lang='lat'>44</span> <span class='ocrx_word' id='word_1_2' title='bbox 1351 396 1733 459; x_wconf 84' lang='lat' dir='ltr'><strong>LETTERS</strong></span> <span class='ocrx_word' id='word_1_3' title='bbox 1789 398 1895 457; x_wconf 78' lang='lat' dir='ltr'>OF</span> <span class='ocrx_word' id='word_1_4' title='bbox 1953 397 2353 457; x_wconf 79' lang='lat' dir='ltr'>ERASMUS</span> <span class='ocrx_word' id='word_1_5' title='bbox 2858 392 3062 476; x_wconf 73' lang='lat'>[¹524</span> 
     </span>
    </p>
   </div>
   <div class='ocr_carea' id='block_1_2' title="bbox 558 553 3064 4775">
    <p class='ocr_par' dir='ltr' id='par_1_2' title="bbox 650 553 3064 927">
     <span class='ocr_line' id='line_1_2' title="bbox 650 553 3064 633; baseline -0.001 -18"><span class='ocrx_word' id='word_1_6' title='bbox 650 575 924 633; x_wconf 78' lang='lat' dir='ltr'><strong>agamus,</strong></span> <span class='ocrx_word' id='word_1_7' title='bbox 1012 556 1287 615; x_wconf 88' lang='lat' dir='ltr'>Tantum</span> <span class='ocrx_word' id='word_1_8' title='bbox 1331 555 1589 615; x_wconf 87' lang='lat' dir='ltr'>donauit</span> <span class='ocrx_word' id='word_1_9' title='bbox 1631 556 1956 632; x_wconf 89' lang='lat' dir='ltr'>quantum,</span> <span class='ocrx_word' id='word_1_10' title='bbox 1990 555 2045 613; x_wconf 90' lang='lat' dir='ltr'>si</span> <span class='ocrx_word' id='word_1_11' title='bbox 2086 553 2320 614; x_wconf 88' lang='lat' dir='ltr'>incidat</span> <span class='ocrx_word' id='word_1_12' title='bbox 2363 553 2431 614; x_wconf 92' lang='lat' dir='ltr'>in</span> <span class='ocrx_word' id='word_1_13' title='bbox 2473 553 2719 613; x_wconf 89' lang='lat' dir='ltr'>oculum</span> <span class='ocrx_word' id='word_1_14' title='bbox 2763 554 3064 630; x_wconf 86' lang='lat' dir='ltr'>quamuis</span> 
     </span>
     <span class='ocr_line' id='line_1_3' title="bbox 650 651 3050 729; baseline -0.001 -15"><span class='ocrx_word' id='word_1_15' title='bbox 650 658 957 727; x_wconf 90' lang='lat' dir='ltr'>tenerum,</span> <span class='ocrx_word' id='word_1_16' title='bbox 1021 653 1181 713; x_wconf 87' lang='lat' dir='ltr'>nihil</span> <span class='ocrx_word' id='word_1_17' title='bbox 1237 653 1535 714; x_wconf 87' lang='lat' dir='ltr'>tormenti</span> <span class='ocrx_word' id='word_1_18' title='bbox 1590 654 1674 714; x_wconf 89' lang='lat' dir='ltr'>sit</span> <span class='ocrx_word' id='word_1_19' title='bbox 1727 651 2107 727; x_wconf 81' lang='lat' dir='ltr'>allaturum3</span> <span class='ocrx_word' id='word_1_20' title='bbox 2162 652 2228 712; x_wconf 91' lang='lat' dir='ltr'>id</span> <span class='ocrx_word' id='word_1_21' title='bbox 2285 652 2418 729; x_wconf 87' lang='lat' dir='ltr'>ipse</span> <span class='ocrx_word' id='word_1_22' title='bbox 2471 672 2596 712; x_wconf 90' lang='lat' dir='ltr'>non</span> <span class='ocrx_word' id='word_1_23' title='bbox 2645 651 3050 713; x_wconf 85' lang='lat' dir='ltr'>inficiabitur.</span> 
     </span>
     <span class='ocr_line' id='line_1_4' title="bbox 651 748 3056 828; baseline -0.002 -15"><span class='ocrx_word' id='word_1_24' title='bbox 651 751 910 813; x_wconf 78' lang='lat' dir='ltr'><strong>Carolus</strong></span> <span class='ocrx_word' id='word_1_25' title='bbox 944 751 1227 828; x_wconf 83' lang='lat' dir='ltr'>princeps</span> <span class='ocrx_word' id='word_1_26' title='bbox 1263 771 1441 811; x_wconf 89' lang='lat' dir='ltr'>meus</span> <span class='ocrx_word' id='word_1_27' title='bbox 1478 770 1579 810; x_wconf 90' lang='lat' dir='ltr'>me</span> <span class='ocrx_word' id='word_1_28' title='bbox 1616 751 1742 810; x_wconf 91' lang='lat' dir='ltr'>iam</span> <span class='ocrx_word' id='word_1_29' title='bbox 1781 749 2086 809; x_wconf 87' lang='lat' dir='ltr'>asciuerat</span> <span class='ocrx_word' id='word_1_30' title='bbox 2121 749 2189 809; x_wconf 90' lang='lat' dir='ltr'>in</span> <span class='ocrx_word' id='word_1_31' title='bbox 2226 750 2510 809; x_wconf 81' lang='lat' dir='ltr'>ordinem</span> <span class='ocrx_word' id='word_1_32' title='bbox 2537 748 3056 819; x_wconf 74' lang='lat' dir='ltr'>consiliariorum,</span> 
     </span>
     <span class='ocr_line' id='line_1_5' title="bbox 651 848 3054 927; baseline -0.001 -18"><span class='ocrx_word' id='word_1_33' title='bbox 651 850 780 910; x_wconf 88' lang='lat' dir='ltr'>iam</span> <span class='ocrx_word' id='word_1_34' title='bbox 834 850 1173 911; x_wconf 87' lang='lat' dir='ltr'>sacerdotio</span> <span class='ocrx_word' id='word_1_35' title='bbox 1226 849 1487 911; x_wconf 88' lang='lat' dir='ltr'>donarat</span> <span class='ocrx_word' id='word_1_36' title='bbox 1541 852 1687 909; x_wconf 86' lang='lat' dir='ltr'>ante</span> <span class='ocrx_word' id='word_1_37' title='bbox 1734 868 1925 926; x_wconf 90' lang='lat' dir='ltr'>quam</span> <span class='ocrx_word' id='word_1_38' title='bbox 1981 848 2078 909; x_wconf 93' lang='lat' dir='ltr'>illi</span> <span class='ocrx_word' id='word_1_39' title='bbox 2133 848 2420 909; x_wconf 92' lang='lat' dir='ltr'>libellum</span> <span class='ocrx_word' id='word_1_40' title='bbox 2477 849 2572 908; x_wconf 91' lang='lat' dir='ltr'>De</span> <span class='ocrx_word' id='word_1_41' title='bbox 2623 848 2901 927; x_wconf 74' lang='lat' dir='ltr'>principe</span> <span class='ocrx_word' id='word_1_42' title='bbox 2947 849 3054 909; x_wconf 76' lang='lat' dir='ltr'>vel</span> 
     </span>
    </p>

    <p class='ocr_par' dir='ltr' id='par_1_3' title="bbox 596 945 3062 1419">
     <span class='ocr_line' id='line_1_6' title="bbox 596 945 3055 1024; baseline 0 -17"><span class='ocrx_word' id='word_1_43' title='bbox 596 974 624 1023; x_wconf 76' lang='lat'>5</span> <span class='ocrx_word' id='word_1_44' title='bbox 650 948 1057 1008; x_wconf 76' lang='lat' dir='ltr'>inscriberem</span> <span class='ocrx_word' id='word_1_45' title='bbox 1112 949 1213 1009; x_wconf 82' lang='lat' dir='ltr'>vel</span> <span class='ocrx_word' id='word_1_46' title='bbox 1268 948 1665 1019; x_wconf 84' lang='lat' dir='ltr'>exhiberem;</span> <span class='ocrx_word' id='word_1_47' title='bbox 1721 949 1793 1007; x_wconf 83' lang='lat' dir='ltr'>vt</span> <span class='ocrx_word' id='word_1_48' title='bbox 1846 945 1950 1007; x_wconf 89' lang='lat' dir='ltr'>hic</span> <span class='ocrx_word' id='word_1_49' title='bbox 2005 965 2132 1006; x_wconf 89' lang='lat' dir='ltr'>non</span> <span class='ocrx_word' id='word_1_50' title='bbox 2199 949 2509 1024; x_wconf 84' lang='lat' dir='ltr'>captatam</span> <span class='ocrx_word' id='word_1_51' title='bbox 2571 948 2881 1024; x_wconf 87' lang='lat' dir='ltr'>praedam,</span> <span class='ocrx_word' id='word_1_52' title='bbox 2939 946 3055 1007; x_wconf 89' lang='lat' dir='ltr'>sed</span> 
     </span>
     <span class='ocr_line' id='line_1_7' title="bbox 651 1043 3055 1124; baseline 0 -19"><span class='ocrx_word' id='word_1_53' title='bbox 651 1045 911 1105; x_wconf 85' lang='lat' dir='ltr'>relatam</span> <span class='ocrx_word' id='word_1_54' title='bbox 938 1045 1204 1124; x_wconf 77' lang='lat' dir='ltr'>gratiam</span> <span class='ocrx_word' id='word_1_55' title='bbox 1232 1045 1562 1123; x_wconf 80' lang='lat' dir='ltr'>intelligas.</span> <span class='ocrx_word' id='word_1_56' title='bbox 1631 1044 1854 1104; x_wconf 87' lang='lat' dir='ltr'>Eidem</span> <span class='ocrx_word' id='word_1_57' title='bbox 1885 1043 2322 1121; x_wconf 86' lang='lat' dir='ltr'>Paraphrasim</span> <span class='ocrx_word' id='word_1_58' title='bbox 2352 1064 2387 1103; x_wconf 91' lang='lat' dir='ltr'>e</span> <span class='ocrx_word' id='word_1_59' title='bbox 2415 1044 2663 1104; x_wconf 89' lang='lat' dir='ltr'>Basilea</span> <span class='ocrx_word' id='word_1_60' title='bbox 2690 1044 3055 1105; x_wconf 85' lang='lat' dir='ltr'>Bruxellam</span> 
     </span>
     <span class='ocr_line' id='line_1_8' title="bbox 650 1142 3062 1223; baseline -0.001 -18"><span class='ocrx_word' id='word_1_61' title='bbox 650 1164 760 1221; x_wconf 89' lang='lat' dir='ltr'>per</span> <span class='ocrx_word' id='word_1_62' title='bbox 799 1146 1120 1223; x_wconf 89' lang='lat' dir='ltr'>proprium</span> <span class='ocrx_word' id='word_1_63' title='bbox 1162 1145 1474 1205; x_wconf 88' lang='lat' dir='ltr'>famulum</span> <span class='ocrx_word' id='word_1_64' title='bbox 1516 1163 1657 1203; x_wconf 90' lang='lat' dir='ltr'>meo</span> <span class='ocrx_word' id='word_1_65' title='bbox 1699 1145 1955 1220; x_wconf 89' lang='lat' dir='ltr'>sumptu</span> <span class='ocrx_word' id='word_1_66' title='bbox 1996 1142 2161 1202; x_wconf 90' lang='lat' dir='ltr'>misi.</span> <span class='ocrx_word' id='word_1_67' title='bbox 2246 1142 2392 1203; x_wconf 87' lang='lat' dir='ltr'>Dati</span> <span class='ocrx_word' id='word_1_68' title='bbox 2421 1145 2574 1202; x_wconf 91' lang='lat' dir='ltr'>sunt</span> <span class='ocrx_word' id='word_1_69' title='bbox 2613 1142 2890 1204; x_wconf 90' lang='lat' dir='ltr'>redituro</span> <span class='ocrx_word' id='word_1_70' title='bbox 2927 1142 3062 1204; x_wconf 89' lang='lat' dir='ltr'>duo</span> 
     </span>
     <span class='ocr_line' id='line_1_9' title="bbox 651 1241 3055 1319; baseline 0 -17"><span class='ocrx_word' id='word_1_71' title='bbox 651 1244 871 1304; x_wconf 89' lang='lat' dir='ltr'>floreni</span> <span class='ocrx_word' id='word_1_72' title='bbox 898 1266 913 1318; x_wconf 87' lang='lat'>;</span> <span class='ocrx_word' id='word_1_73' title='bbox 953 1247 1016 1304; x_wconf 88' lang='lat' dir='ltr'>et</span> <span class='ocrx_word' id='word_1_74' title='bbox 1044 1247 1257 1303; x_wconf 85' lang='lat' dir='ltr'>tamen</span> <span class='ocrx_word' id='word_1_75' title='bbox 1284 1243 1535 1302; x_wconf 86' lang='lat' dir='ltr'>animus</span> <span class='ocrx_word' id='word_1_76' title='bbox 1559 1241 1864 1319; x_wconf 89' lang='lat' dir='ltr'>principis</span> <span class='ocrx_word' id='word_1_77' title='bbox 1887 1241 2171 1301; x_wconf 79' lang='lat' dir='ltr'>alacriter</span> <span class='ocrx_word' id='word_1_78' title='bbox 2188 1241 2553 1318; x_wconf 89' lang='lat' dir='ltr'>accipientis</span> <span class='ocrx_word' id='word_1_79' title='bbox 2579 1261 2812 1302; x_wconf 89' lang='lat' dir='ltr'>munus</span> <span class='ocrx_word' id='word_1_80' title='bbox 2839 1262 3055 1302; x_wconf 88' lang='lat' dir='ltr'>meum</span> 
     </span>
     <span class='ocr_line' id='line_1_10' title="bbox 654 1340 3061 1419; baseline 0 -19"><span class='ocrx_word' id='word_1_81' title='bbox 654 1361 782 1402; x_wconf 91' lang='lat' dir='ltr'>non</span> <span class='ocrx_word' id='word_1_82' title='bbox 837 1343 1051 1402; x_wconf 90' lang='lat' dir='ltr'>minus</span> <span class='ocrx_word' id='word_1_83' title='bbox 1103 1345 1319 1419; x_wconf 89' lang='lat' dir='ltr'>gratus</span> <span class='ocrx_word' id='word_1_84' title='bbox 1373 1340 1494 1400; x_wconf 84' lang='lat' dir='ltr'>fuit</span> <span class='ocrx_word' id='word_1_85' title='bbox 1537 1359 1726 1417; x_wconf 91' lang='lat' dir='ltr'>quam</span> <span class='ocrx_word' id='word_1_86' title='bbox 1783 1341 1838 1400; x_wconf 91' lang='lat' dir='ltr'>si</span> <span class='ocrx_word' id='word_1_87' title='bbox 1887 1343 2275 1400; x_wconf 74' lang='lat' dir='ltr'>numerasset</span> <span class='ocrx_word' id='word_1_88' title='bbox 2328 1359 2547 1400; x_wconf 88' lang='lat' dir='ltr'>aureos</span> <span class='ocrx_word' id='word_1_89' title='bbox 2599 1340 2793 1401; x_wconf 90' lang='lat' dir='ltr'>mille.</span> <span class='ocrx_word' id='word_1_90' title='bbox 2879 1342 3061 1400; x_wconf 84' lang='lat' dir='ltr'>Ante</span> 
     </span>
    </p>

    <p class='ocr_par' dir='ltr' id='par_1_4' title="bbox 567 1438 3059 1910">
     <span class='ocr_line' id='line_1_11' title="bbox 567 1438 3058 1519; baseline -0.001 -18"><span class='ocrx_word' id='word_1_91' title='bbox 567 1465 629 1503; x_wconf 74' lang='grc' dir='ltr'>ιο</span> <span class='ocrx_word' id='word_1_92' title='bbox 654 1441 1003 1519; x_wconf 79' lang='lat' dir='ltr'>complures</span> <span class='ocrx_word' id='word_1_93' title='bbox 1029 1460 1226 1500; x_wconf 88' lang='lat' dir='ltr'>annos</span> <span class='ocrx_word' id='word_1_94' title='bbox 1266 1439 1586 1499; x_wconf 78' lang='lat' dir='ltr'>Plutarchi</span> <span class='ocrx_word' id='word_1_95' title='bbox 1628 1439 1862 1498; x_wconf 91' lang='lat' dir='ltr'>librum</span> <span class='ocrx_word' id='word_1_96' title='bbox 1900 1440 1995 1499; x_wconf 92' lang='lat' dir='ltr'>De</span> <span class='ocrx_word' id='word_1_97' title='bbox 2021 1438 2381 1498; x_wconf 84' lang='lat' dir='ltr'>discrimine</span> <span class='ocrx_word' id='word_1_98' title='bbox 2408 1438 2749 1499; x_wconf 87' lang='lat' dir='ltr'>adulatoris</span> <span class='ocrx_word' id='word_1_99' title='bbox 2775 1442 2838 1500; x_wconf 88' lang='lat' dir='ltr'>et</span> <span class='ocrx_word' id='word_1_100' title='bbox 2863 1438 3058 1499; x_wconf 88' lang='lat' dir='ltr'>amici</span> 
     </span>
     <span class='ocr_line' id='line_1_12' title="bbox 653 1536 3058 1615; baseline -0.002 -15"><span class='ocrx_word' id='word_1_101' title='bbox 653 1559 1076 1600; x_wconf 87' lang='lat' dir='ltr'>consecraram</span> <span class='ocrx_word' id='word_1_102' title='bbox 1113 1539 1247 1615; x_wconf 88' lang='lat' dir='ltr'>regi</span> <span class='ocrx_word' id='word_1_103' title='bbox 1275 1538 1641 1598; x_wconf 83' lang='lat' dir='ltr'>Britanniae</span> <span class='ocrx_word' id='word_1_104' title='bbox 1668 1538 1945 1597; x_wconf 88' lang='lat' dir='ltr'>Henrico</span> <span class='ocrx_word' id='word_1_105' title='bbox 1974 1540 2207 1597; x_wconf 89' lang='lat' dir='ltr'>octauo.</span> <span class='ocrx_word' id='word_1_106' title='bbox 2294 1536 2463 1597; x_wconf 88' lang='lat' dir='ltr'>Huic</span> <span class='ocrx_word' id='word_1_107' title='bbox 2489 1557 2593 1596; x_wconf 87' lang='lat' dir='ltr'>me</span> <span class='ocrx_word' id='word_1_108' title='bbox 2618 1541 2775 1613; x_wconf 91' lang='lat' dir='ltr'>puto</span> <span class='ocrx_word' id='word_1_109' title='bbox 2800 1540 3058 1598; x_wconf 85' lang='lat' dir='ltr'>tantum</span> 
     </span>
     <span class='ocr_line' id='line_1_13' title="bbox 652 1635 3056 1715; baseline -0.001 -18"><span class='ocrx_word' id='word_1_110' title='bbox 652 1638 876 1698; x_wconf 73' lang='lat' dir='ltr'>debere</span> <span class='ocrx_word' id='word_1_111' title='bbox 944 1640 1250 1715; x_wconf 88' lang='lat' dir='ltr'>quantum</span> <span class='ocrx_word' id='word_1_112' title='bbox 1315 1637 1562 1710; x_wconf 88' lang='lat' dir='ltr'>obtulit,</span> <span class='ocrx_word' id='word_1_113' title='bbox 1629 1636 1687 1695; x_wconf 92' lang='lat' dir='ltr'>si</span> <span class='ocrx_word' id='word_1_114' title='bbox 1755 1635 2090 1696; x_wconf 86' lang='lat' dir='ltr'>voluissem</span> <span class='ocrx_word' id='word_1_115' title='bbox 2159 1636 2470 1712; x_wconf 82' lang='lat' dir='ltr'>accipere3</span> <span class='ocrx_word' id='word_1_116' title='bbox 2542 1635 2772 1695; x_wconf 89' lang='lat' dir='ltr'>obtulit</span> <span class='ocrx_word' id='word_1_117' title='bbox 2838 1638 3056 1695; x_wconf 85' lang='lat' dir='ltr'>autem</span> 
     </span>
     <span class='ocr_line' id='line_1_14' title="bbox 651 1733 3057 1812; baseline -0.001 -16"><span class='ocrx_word' id='word_1_118' title='bbox 651 1737 971 1797; x_wconf 88' lang='lat' dir='ltr'>fortunam</span> <span class='ocrx_word' id='word_1_119' title='bbox 1012 1735 1171 1796; x_wconf 89' lang='lat' dir='ltr'>meis</span> <span class='ocrx_word' id='word_1_120' title='bbox 1211 1734 1456 1795; x_wconf 89' lang='lat' dir='ltr'>meritis</span> <span class='ocrx_word' id='word_1_121' title='bbox 1496 1735 1682 1812; x_wconf 84' lang='lat' dir='ltr'>longe</span> <span class='ocrx_word' id='word_1_122' title='bbox 1724 1734 2037 1795; x_wconf 87' lang='lat' dir='ltr'>maiorem.</span> <span class='ocrx_word' id='word_1_123' title='bbox 2122 1734 2450 1795; x_wconf 77' lang='lat' dir='ltr'>Caeterum</span> <span class='ocrx_word' id='word_1_124' title='bbox 2494 1733 2696 1794; x_wconf 84' lang='lat' dir='ltr'>multo</span> <span class='ocrx_word' id='word_1_125' title='bbox 2739 1737 2881 1811; x_wconf 86' lang='lat' dir='ltr'>post</span> <span class='ocrx_word' id='word_1_126' title='bbox 2923 1733 3057 1793; x_wconf 89' lang='lat' dir='ltr'>iam</span> 
     </span>
     <span class='ocr_line' id='line_1_15' title="bbox 654 1832 3059 1910; baseline -0.001 -17"><span class='ocrx_word' id='word_1_127' title='bbox 654 1834 852 1894; x_wconf 84' lang='lat' dir='ltr'>oblito</span> <span class='ocrx_word' id='word_1_128' title='bbox 905 1833 1312 1894; x_wconf 78' lang='lat' dir='ltr'>dedicationis</span> <span class='ocrx_word' id='word_1_129' title='bbox 1364 1833 1537 1893; x_wconf 89' lang='lat' dir='ltr'>illius</span> <span class='ocrx_word' id='word_1_130' title='bbox 1603 1832 1785 1893; x_wconf 81' lang='lat' dir='ltr'>misit</span> <span class='ocrx_word' id='word_1_131' title='bbox 1842 1833 2162 1910; x_wconf 87' lang='lat' dir='ltr'>angelatos</span> <span class='ocrx_word' id='word_1_132' title='bbox 2217 1833 2553 1910; x_wconf 81' lang='lat' dir='ltr'>sexaginta,</span> <span class='ocrx_word' id='word_1_133' title='bbox 2612 1832 2891 1909; x_wconf 90' lang='lat' dir='ltr'>impulsu</span> <span class='ocrx_word' id='word_1_134' title='bbox 2948 1832 3059 1892; x_wconf 77' lang='lat' dir='ltr'>vel</span> 
     </span>
    </p>

    <p class='ocr_par' dir='ltr' id='par_1_5' title="bbox 570 1930 3060 2404">
     <span class='ocr_line' id='line_1_16' title="bbox 570 1930 3056 2011; baseline -0.002 -16"><span class='ocrx_word' id='word_1_135' title='bbox 570 1957 626 2007; x_wconf 84' lang='lat'>¹5</span> <span class='ocrx_word' id='word_1_136' title='bbox 652 1931 982 1994; x_wconf 88' lang='lat' dir='ltr'>admonitu</span> <span class='ocrx_word' id='word_1_137' title='bbox 1008 1932 1217 2011; x_wconf 89' lang='lat' dir='ltr'>potius</span> <span class='ocrx_word' id='word_1_138' title='bbox 1244 1931 1504 1993; x_wconf 87' lang='lat' dir='ltr'>Ioannis</span> <span class='ocrx_word' id='word_1_139' title='bbox 1542 1931 1763 1992; x_wconf 88' lang='lat' dir='ltr'>Coleti.</span> <span class='ocrx_word' id='word_1_140' title='bbox 1846 1931 2071 1992; x_wconf 86' lang='lat' dir='ltr'>Eidem</span> <span class='ocrx_word' id='word_1_141' title='bbox 2108 1935 2247 2008; x_wconf 87' lang='lat' dir='ltr'>post</span> <span class='ocrx_word' id='word_1_142' title='bbox 2282 1930 2567 1992; x_wconf 84' lang='lat' dir='ltr'>dedicaui</span> <span class='ocrx_word' id='word_1_143' title='bbox 2610 1930 3056 2008; x_wconf 87' lang='lat' dir='ltr'>Paraphrasim</span> 
     </span>
     <span class='ocr_line' id='line_1_17' title="bbox 652 2028 3060 2107; baseline -0.001 -16"><span class='ocrx_word' id='word_1_144' title='bbox 652 2032 721 2091; x_wconf 91' lang='lat' dir='ltr'>in</span> <span class='ocrx_word' id='word_1_145' title='bbox 770 2031 1023 2091; x_wconf 86' lang='lat' dir='ltr'>Lucam.</span> <span class='ocrx_word' id='word_1_146' title='bbox 1113 2031 1544 2091; x_wconf 82' lang='lat' dir='ltr'>Perdinandus</span> <span class='ocrx_word' id='word_1_147' title='bbox 1592 2030 1795 2091; x_wconf 90' lang='lat' dir='ltr'>Caroli</span> <span class='ocrx_word' id='word_1_148' title='bbox 1851 2030 2129 2091; x_wconf 85' lang='lat' dir='ltr'>Caesaris</span> <span class='ocrx_word' id='word_1_149' title='bbox 2181 2049 2531 2107; x_wconf 85' lang='lat' dir='ltr'>germanus,</span> <span class='ocrx_word' id='word_1_150' title='bbox 2592 2032 2661 2090; x_wconf 85' lang='lat' dir='ltr'>vt</span> <span class='ocrx_word' id='word_1_151' title='bbox 2708 2032 2805 2089; x_wconf 85' lang='lat' dir='ltr'>est</span> <span class='ocrx_word' id='word_1_152' title='bbox 2852 2028 3060 2089; x_wconf 89' lang='lat' dir='ltr'>animi</span> 
     </span>
     <span class='ocr_line' id='line_1_18' title="bbox 651 2127 3057 2207; baseline -0.001 -18"><span class='ocrx_word' id='word_1_153' title='bbox 651 2128 1133 2207; x_wconf 84' lang='lat' dir='ltr'>generosissimi,</span> <span class='ocrx_word' id='word_1_154' title='bbox 1170 2128 1611 2206; x_wconf 90' lang='lat' dir='ltr'>Paraphrasim</span> <span class='ocrx_word' id='word_1_155' title='bbox 1640 2128 1709 2189; x_wconf 92' lang='lat' dir='ltr'>in</span> <span class='ocrx_word' id='word_1_156' title='bbox 1738 2128 2043 2189; x_wconf 90' lang='lat' dir='ltr'>Ioannem</span> <span class='ocrx_word' id='word_1_157' title='bbox 2081 2148 2331 2189; x_wconf 89' lang='lat' dir='ltr'>summa</span> <span class='ocrx_word' id='word_1_158' title='bbox 2369 2148 2514 2188; x_wconf 85' lang='lat' dir='ltr'>cum</span> <span class='ocrx_word' id='word_1_159' title='bbox 2551 2127 2865 2189; x_wconf 82' lang='lat' dir='ltr'>alacritate</span> <span class='ocrx_word' id='word_1_160' title='bbox 2890 2147 3057 2187; x_wconf 87' lang='lat' dir='ltr'>acce·</span> 
     </span>
     <span class='ocr_line' id='line_1_19' title="bbox 652 2227 3052 2307; baseline -0.001 -19"><span class='ocrx_word' id='word_1_161' title='bbox 652 2230 765 2307; x_wconf 92' lang='lat' dir='ltr'>pit,</span> <span class='ocrx_word' id='word_1_162' title='bbox 807 2228 1106 2306; x_wconf 86' lang='lat' dir='ltr'>misitque</span> <span class='ocrx_word' id='word_1_163' title='bbox 1145 2247 1289 2288; x_wconf 90' lang='lat' dir='ltr'>cum</span> <span class='ocrx_word' id='word_1_164' title='bbox 1333 2227 1533 2287; x_wconf 88' lang='lat' dir='ltr'>literis</span> <span class='ocrx_word' id='word_1_165' title='bbox 1573 2228 1703 2288; x_wconf 88' lang='lat' dir='ltr'>suis</span> <span class='ocrx_word' id='word_1_166' title='bbox 1742 2227 2150 2288; x_wconf 89' lang='lat' dir='ltr'>honorarium</span> <span class='ocrx_word' id='word_1_167' title='bbox 2192 2247 2427 2287; x_wconf 90' lang='lat' dir='ltr'>munus</span> <span class='ocrx_word' id='word_1_168' title='bbox 2467 2228 2736 2288; x_wconf 89' lang='lat' dir='ltr'>florenos</span> <span class='ocrx_word' id='word_1_169' title='bbox 2775 2229 3052 2301; x_wconf 80' lang='lat' dir='ltr'>centum,</span> 
     </span>
     <span class='ocr_line' id='line_1_20' title="bbox 651 2325 3059 2404; baseline -0.001 -18"><span class='ocrx_word' id='word_1_170' title='bbox 651 2346 849 2403; x_wconf 91' lang='lat' dir='ltr'>quum</span> <span class='ocrx_word' id='word_1_171' title='bbox 905 2345 1019 2402; x_wconf 90' lang='lat' dir='ltr'>ego</span> <span class='ocrx_word' id='word_1_172' title='bbox 1073 2326 1237 2386; x_wconf 90' lang='lat' dir='ltr'>nihil</span> <span class='ocrx_word' id='word_1_173' title='bbox 1292 2325 1508 2386; x_wconf 91' lang='lat' dir='ltr'>minus</span> <span class='ocrx_word' id='word_1_174' title='bbox 1562 2327 1976 2403; x_wconf 85' lang='lat' dir='ltr'>expectarem.</span> <span class='ocrx_word' id='word_1_175' title='bbox 2076 2327 2144 2386; x_wconf 86' lang='lat' dir='ltr'>Si</span> <span class='ocrx_word' id='word_1_176' title='bbox 2209 2330 2483 2404; x_wconf 85' lang='lat' dir='ltr'>spectem</span> <span class='ocrx_word' id='word_1_177' title='bbox 2542 2326 2832 2387; x_wconf 89' lang='lat' dir='ltr'>animum</span> <span class='ocrx_word' id='word_1_178' title='bbox 2885 2325 3059 2403; x_wconf 87' lang='lat' dir='ltr'>regis</span> 
     </span>
    </p>

    <p class='ocr_par' dir='ltr' id='par_1_6' title="bbox 566 2423 3063 2897">
     <span class='ocr_line' id='line_1_21' title="bbox 566 2423 3060 2503; baseline -0.001 -18"><span class='ocrx_word' id='word_1_179' title='bbox 566 2451 627 2486; x_wconf 65' lang='grc' dir='ltr'>πο</span> <span class='ocrx_word' id='word_1_180' title='bbox 653 2423 1004 2484; x_wconf 85' lang='lat' dir='ltr'>Galliarum</span> <span class='ocrx_word' id='word_1_181' title='bbox 1045 2424 1112 2503; x_wconf 83' lang='lat' dir='ltr'>in</span> <span class='ocrx_word' id='word_1_182' title='bbox 1153 2445 1273 2499; x_wconf 90' lang='lat' dir='ltr'>me,</span> <span class='ocrx_word' id='word_1_183' title='bbox 1308 2425 1362 2484; x_wconf 90' lang='lat' dir='ltr'>si</span> <span class='ocrx_word' id='word_1_184' title='bbox 1404 2427 1686 2502; x_wconf 88' lang='lat' dir='ltr'>reputem</span> <span class='ocrx_word' id='word_1_185' title='bbox 1726 2424 1877 2500; x_wconf 88' lang='lat' dir='ltr'>quid</span> <span class='ocrx_word' id='word_1_186' title='bbox 1917 2424 1988 2483; x_wconf 93' lang='lat' dir='ltr'>in</span> <span class='ocrx_word' id='word_1_187' title='bbox 2030 2444 2131 2483; x_wconf 90' lang='lat' dir='ltr'>me</span> <span class='ocrx_word' id='word_1_188' title='bbox 2172 2426 2450 2485; x_wconf 75' lang='lat' dir='ltr'>conform</span> <span class='ocrx_word' id='word_1_189' title='bbox 2487 2425 2770 2497; x_wconf 82' lang='lat' dir='ltr'>voluerit,</span> <span class='ocrx_word' id='word_1_190' title='bbox 2801 2423 2910 2484; x_wconf 79' lang='lat' dir='ltr'>vix</span> <span class='ocrx_word' id='word_1_191' title='bbox 2934 2423 3060 2484; x_wconf 82' lang='lat' dir='ltr'>vlli</span> 
     </span>
     <span class='ocr_line' id='line_1_22' title="bbox 651 2522 3054 2602; baseline 0 -19"><span class='ocrx_word' id='word_1_192' title='bbox 651 2522 919 2602; x_wconf 86' lang='lat' dir='ltr'>principi</span> <span class='ocrx_word' id='word_1_193' title='bbox 970 2523 1116 2600; x_wconf 91' lang='lat' dir='ltr'>plus</span> <span class='ocrx_word' id='word_1_194' title='bbox 1170 2522 1406 2597; x_wconf 83' lang='lat' dir='ltr'>debeo;</span> <span class='ocrx_word' id='word_1_195' title='bbox 1472 2542 1693 2582; x_wconf 84' lang='lat' dir='ltr'>verum</span> <span class='ocrx_word' id='word_1_196' title='bbox 1749 2522 1994 2583; x_wconf 88' lang='lat' dir='ltr'>Hilario</span> <span class='ocrx_word' id='word_1_197' title='bbox 2047 2543 2204 2597; x_wconf 89' lang='lat' dir='ltr'>meo,</span> <span class='ocrx_word' id='word_1_198' title='bbox 2264 2524 2373 2600; x_wconf 92' lang='lat' dir='ltr'>qui</span> <span class='ocrx_word' id='word_1_199' title='bbox 2427 2523 2702 2584; x_wconf 85' lang='lat' dir='ltr'>codicem</span> <span class='ocrx_word' id='word_1_200' title='bbox 2756 2522 3054 2597; x_wconf 79' lang='lat' dir='ltr'>reddidit,</span> 
     </span>
     <span class='ocr_line' id='line_1_23' title="bbox 653 2620 3063 2701; baseline 0.001 -22"><span class='ocrx_word' id='word_1_201' title='bbox 653 2622 968 2682; x_wconf 89' lang='lat' dir='ltr'>numerati</span> <span class='ocrx_word' id='word_1_202' title='bbox 1036 2624 1188 2682; x_wconf 90' lang='lat' dir='ltr'>sunt</span> <span class='ocrx_word' id='word_1_203' title='bbox 1244 2621 1522 2682; x_wconf 88' lang='lat' dir='ltr'>coronati</span> <span class='ocrx_word' id='word_1_204' title='bbox 1588 2620 1850 2701; x_wconf 87' lang='lat' dir='ltr'>triginta</span> <span class='ocrx_word' id='word_1_205' title='bbox 1901 2620 2115 2682; x_wconf 80' lang='lat' dir='ltr'>viatici</span> <span class='ocrx_word' id='word_1_206' title='bbox 2184 2622 2454 2699; x_wconf 91' lang='lat' dir='ltr'>nomine,</span> <span class='ocrx_word' id='word_1_207' title='bbox 2514 2622 2593 2683; x_wconf 86' lang='lat' dir='ltr'>ad</span> <span class='ocrx_word' id='word_1_208' title='bbox 2650 2641 2753 2682; x_wconf 92' lang='lat' dir='ltr'>me</span> <span class='ocrx_word' id='word_1_209' title='bbox 2806 2625 3063 2700; x_wconf 86' lang='lat' dir='ltr'>praeter</span> 
     </span>
     <span class='ocr_line' id='line_1_24' title="bbox 653 2718 3062 2799; baseline 0.001 -19"><span class='ocrx_word' id='word_1_210' title='bbox 653 2718 1156 2782; x_wconf 88' lang='lat' dir='ltr'>beneuolentiam</span> <span class='ocrx_word' id='word_1_211' title='bbox 1195 2720 1359 2781; x_wconf 89' lang='lat' dir='ltr'>nihil</span> <span class='ocrx_word' id='word_1_212' title='bbox 1397 2720 1722 2799; x_wconf 79' lang='lat' dir='ltr'>peruenit3</span> <span class='ocrx_word' id='word_1_213' title='bbox 1765 2741 1880 2781; x_wconf 89' lang='lat' dir='ltr'>nec</span> <span class='ocrx_word' id='word_1_214' title='bbox 1917 2721 2089 2781; x_wconf 92' lang='lat' dir='ltr'>enim</span> <span class='ocrx_word' id='word_1_215' title='bbox 2116 2721 2285 2782; x_wconf 86' lang='lat' dir='ltr'>aliud</span> <span class='ocrx_word' id='word_1_216' title='bbox 2316 2721 2690 2782; x_wconf 86' lang='lat' dir='ltr'>ambiebam.</span> <span class='ocrx_word' id='word_1_217' title='bbox 2766 2722 3062 2782; x_wconf 88' lang='lat' dir='ltr'>Breuiter</span> 
     </span>
     <span class='ocr_line' id='line_1_25' title="bbox 652 2817 3056 2897; baseline 0.002 -21"><span class='ocrx_word' id='word_1_218' title='bbox 652 2837 729 2877; x_wconf 89' lang='lat' dir='ltr'>ex</span> <span class='ocrx_word' id='word_1_219' title='bbox 772 2819 1086 2881; x_wconf 82' lang='lat' dir='ltr'>vniuersis</span> <span class='ocrx_word' id='word_1_220' title='bbox 1135 2819 1627 2897; x_wconf 86' lang='lat' dir='ltr'>Paraphrasibus</span> <span class='ocrx_word' id='word_1_221' title='bbox 1668 2817 1889 2880; x_wconf 90' lang='lat' dir='ltr'>obolus</span> <span class='ocrx_word' id='word_1_222' title='bbox 1936 2819 2014 2879; x_wconf 91' lang='lat' dir='ltr'>ad</span> <span class='ocrx_word' id='word_1_223' title='bbox 2058 2839 2159 2880; x_wconf 90' lang='lat' dir='ltr'>me</span> <span class='ocrx_word' id='word_1_224' title='bbox 2208 2840 2334 2880; x_wconf 93' lang='lat' dir='ltr'>non</span> <span class='ocrx_word' id='word_1_225' title='bbox 2375 2820 2578 2896; x_wconf 87' lang='lat' dir='ltr'>rediit,</span> <span class='ocrx_word' id='word_1_226' title='bbox 2622 2823 3056 2897; x_wconf 87' lang='lat' dir='ltr'>praeterquam</span> 
     </span>
    </p>

    <p class='ocr_par' dir='ltr' id='par_1_7' title="bbox 568 2917 3059 3371">
     <span class='ocr_line' id='line_1_26' title="bbox 568 2917 3055 2997; baseline 0 -18"><span class='ocrx_word' id='word_1_227' title='bbox 568 2946 591 2979; x_wconf 66' lang='grc' dir='ltr'>α</span> <span class='ocrx_word' id='word_1_228' title='bbox 600 2945 627 2994; x_wconf 86' lang='lat'>5</span> <span class='ocrx_word' id='word_1_229' title='bbox 651 2936 689 2977; x_wconf 87' lang='lat' dir='ltr'>a</span> <span class='ocrx_word' id='word_1_230' title='bbox 717 2917 1111 2980; x_wconf 82' lang='lat' dir='ltr'>Ferdinando</span> <span class='ocrx_word' id='word_1_231' title='bbox 1140 2922 1204 2979; x_wconf 87' lang='lat' dir='ltr'>et</span> <span class='ocrx_word' id='word_1_232' title='bbox 1232 2919 1557 2981; x_wconf 86' lang='lat' dir='ltr'>Clemente</span> <span class='ocrx_word' id='word_1_233' title='bbox 1582 2919 1892 2997; x_wconf 88' lang='lat' dir='ltr'>pontifice.</span> <span class='ocrx_word' id='word_1_234' title='bbox 1983 2919 2102 2980; x_wconf 85' lang='lat' dir='ltr'>Sed</span> <span class='ocrx_word' id='word_1_235' title='bbox 2132 2939 2290 2996; x_wconf 89' lang='lat' dir='ltr'>pene</span> <span class='ocrx_word' id='word_1_236' title='bbox 2316 2918 2560 2995; x_wconf 81' lang='lat' dir='ltr'>fugerat</span> <span class='ocrx_word' id='word_1_237' title='bbox 2585 2938 2688 2979; x_wconf 87' lang='lat' dir='ltr'>me</span> <span class='ocrx_word' id='word_1_238' title='bbox 2714 2918 3055 2996; x_wconf 89' lang='lat' dir='ltr'>Philippus</span> 
     </span>
     <span class='ocr_line' id='line_1_27' title="bbox 652 3013 3059 3095; baseline 0.002 -20"><span class='ocrx_word' id='word_1_239' title='bbox 652 3013 1034 3077; x_wconf 77' lang='lat' dir='ltr'>Perdinandi</span> <span class='ocrx_word' id='word_1_240' title='bbox 1059 3020 1270 3094; x_wconf 86' lang='lat' dir='ltr'>pater;</span> <span class='ocrx_word' id='word_1_241' title='bbox 1312 3018 1368 3076; x_wconf 90' lang='lat' dir='ltr'>is</span> <span class='ocrx_word' id='word_1_242' title='bbox 1396 3017 1551 3077; x_wconf 92' lang='lat' dir='ltr'>olim</span> <span class='ocrx_word' id='word_1_243' title='bbox 1578 3036 1690 3093; x_wconf 90' lang='lat' dir='ltr'>pro</span> <span class='ocrx_word' id='word_1_244' title='bbox 1719 3017 2103 3095; x_wconf 83' lang='lat' dir='ltr'>Panegyrico</span> <span class='ocrx_word' id='word_1_245' title='bbox 2120 3017 2402 3078; x_wconf 82' lang='lat' dir='ltr'>exhibito</span> <span class='ocrx_word' id='word_1_246' title='bbox 2431 3018 2785 3079; x_wconf 87' lang='lat' dir='ltr'>numerauit</span> <span class='ocrx_word' id='word_1_247' title='bbox 2813 3018 3059 3095; x_wconf 89' lang='lat' dir='ltr'>Philip·</span> 
     </span>
     <span class='ocr_line' id='line_1_28' title="bbox 651 3113 3054 3193; baseline 0.002 -20"><span class='ocrx_word' id='word_1_248' title='bbox 651 3113 825 3191; x_wconf 89' lang='lat' dir='ltr'>picos</span> <span class='ocrx_word' id='word_1_249' title='bbox 851 3116 1324 3193; x_wconf 87' lang='lat' dir='ltr'>quinquaginta.</span> <span class='ocrx_word' id='word_1_250' title='bbox 1414 3117 1476 3176; x_wconf 93' lang='lat' dir='ltr'>A</span> <span class='ocrx_word' id='word_1_251' title='bbox 1505 3115 1763 3175; x_wconf 86' lang='lat' dir='ltr'>caeteris</span> <span class='ocrx_word' id='word_1_252' title='bbox 1800 3120 1907 3176; x_wconf 87' lang='lat' dir='ltr'>aut</span> <span class='ocrx_word' id='word_1_253' title='bbox 1946 3116 2112 3177; x_wconf 90' lang='lat' dir='ltr'>nihil</span> <span class='ocrx_word' id='word_1_254' title='bbox 2138 3119 2232 3176; x_wconf 88' lang='lat' dir='ltr'>est</span> <span class='ocrx_word' id='word_1_255' title='bbox 2262 3116 2498 3191; x_wconf 91' lang='lat' dir='ltr'>datum,</span> <span class='ocrx_word' id='word_1_256' title='bbox 2532 3118 2641 3177; x_wconf 87' lang='lat' dir='ltr'>aut</span> <span class='ocrx_word' id='word_1_257' title='bbox 2669 3117 2893 3177; x_wconf 88' lang='lat' dir='ltr'>exilius</span> <span class='ocrx_word' id='word_1_258' title='bbox 2916 3122 3054 3179; x_wconf 87' lang='lat' dir='ltr'>erat</span> 
     </span>
     <span class='ocr_line' id='line_1_29' title="bbox 652 3212 3056 3293; baseline 0.001 -22"><span class='ocrx_word' id='word_1_259' title='bbox 652 3231 842 3288; x_wconf 91' lang='lat' dir='ltr'>quam</span> <span class='ocrx_word' id='word_1_260' title='bbox 870 3215 941 3272; x_wconf 79' lang='lat' dir='ltr'>vt</span> <span class='ocrx_word' id='word_1_261' title='bbox 968 3214 1054 3272; x_wconf 90' lang='lat' dir='ltr'>sit</span> <span class='ocrx_word' id='word_1_262' title='bbox 1081 3212 1595 3273; x_wconf 81' lang='lat' dir='ltr'>memorandum:</span> <span class='ocrx_word' id='word_1_263' title='bbox 1639 3213 1858 3289; x_wconf 89' lang='lat' dir='ltr'>loquor</span> <span class='ocrx_word' id='word_1_264' title='bbox 1893 3214 1969 3273; x_wconf 91' lang='lat' dir='ltr'>de</span> <span class='ocrx_word' id='word_1_265' title='bbox 2010 3214 2114 3274; x_wconf 89' lang='lat' dir='ltr'>his</span> <span class='ocrx_word' id='word_1_266' title='bbox 2150 3216 2453 3275; x_wconf 83' lang='lat' dir='ltr'>duntaxat</span> <span class='ocrx_word' id='word_1_267' title='bbox 2496 3214 2723 3292; x_wconf 89' lang='lat' dir='ltr'>quibus</span> <span class='ocrx_word' id='word_1_268' title='bbox 2760 3215 3056 3293; x_wconf 87' lang='lat' dir='ltr'>inscripsi</span> 
     </span>
     <span class='ocr_line' id='line_1_30' title="bbox 650 3310 1331 3371; baseline 0.003 -2"><span class='ocrx_word' id='word_1_269' title='bbox 650 3310 1114 3371; x_wconf 88' lang='lat' dir='ltr'>lucubrationes</span> <span class='ocrx_word' id='word_1_270' title='bbox 1144 3330 1331 3371; x_wconf 86' lang='lat' dir='ltr'>meas.</span> 
     </span>
    </p>

    <p class='ocr_par' dir='ltr' id='par_1_8' title="bbox 565 3405 3054 3885">
     <span class='ocr_line' id='line_1_31' title="bbox 565 3405 3052 3490; baseline 0.002 -21"><span class='ocrx_word' id='word_1_271' title='bbox 565 3433 629 3483; x_wconf 76' lang='lat'>30</span> <span class='ocrx_word' id='word_1_272' title='bbox 733 3405 872 3466; x_wconf 89' lang='lat' dir='ltr'>Iam</span> <span class='ocrx_word' id='word_1_273' title='bbox 899 3408 955 3467; x_wconf 91' lang='lat' dir='ltr'>si</span> <span class='ocrx_word' id='word_1_274' title='bbox 993 3408 1134 3484; x_wconf 89' lang='lat' dir='ltr'>quis</span> <span class='ocrx_word' id='word_1_275' title='bbox 1171 3409 1500 3469; x_wconf 88' lang='lat' dir='ltr'>nominum</span> <span class='ocrx_word' id='word_1_276' title='bbox 1528 3429 1598 3469; x_wconf 88' lang='lat' dir='ltr'>ac</span> <span class='ocrx_word' id='word_1_277' title='bbox 1625 3408 1952 3470; x_wconf 87' lang='lat' dir='ltr'>titulorum</span> <span class='ocrx_word' id='word_1_278' title='bbox 1990 3431 2284 3490; x_wconf 88' lang='lat' dir='ltr'>pompam</span> <span class='ocrx_word' id='word_1_279' title='bbox 2312 3415 2560 3489; x_wconf 85' lang='lat' dir='ltr'>spectet,</span> <span class='ocrx_word' id='word_1_280' title='bbox 2596 3433 2818 3490; x_wconf 89' lang='lat' dir='ltr'>meque</span> <span class='ocrx_word' id='word_1_281' title='bbox 2857 3414 3052 3474; x_wconf 83' lang='lat' dir='ltr'>talem</span> 
     </span>
     <span class='ocr_line' id='line_1_32' title="bbox 650 3506 3054 3590; baseline 0.003 -25"><span class='ocrx_word' id='word_1_282' title='bbox 650 3524 783 3565; x_wconf 89' lang='lat' dir='ltr'>esse</span> <span class='ocrx_word' id='word_1_283' title='bbox 824 3507 1031 3566; x_wconf 88' lang='lat' dir='ltr'>credat</span> <span class='ocrx_word' id='word_1_284' title='bbox 1077 3506 1290 3584; x_wconf 89' lang='lat' dir='ltr'>quales</span> <span class='ocrx_word' id='word_1_285' title='bbox 1334 3510 1481 3567; x_wconf 88' lang='lat' dir='ltr'>sunt</span> <span class='ocrx_word' id='word_1_286' title='bbox 1522 3508 1803 3585; x_wconf 89' lang='lat' dir='ltr'>plerique</span> <span class='ocrx_word' id='word_1_287' title='bbox 1843 3509 2222 3587; x_wconf 89' lang='lat' dir='ltr'>mortalium,</span> <span class='ocrx_word' id='word_1_288' title='bbox 2271 3531 2481 3571; x_wconf 90' lang='lat' dir='ltr'>nonne</span> <span class='ocrx_word' id='word_1_289' title='bbox 2522 3511 2935 3590; x_wconf 87' lang='lat' dir='ltr'>suspicabitur</span> <span class='ocrx_word' id='word_1_290' title='bbox 2973 3532 3054 3573; x_wconf 78' lang='lat' dir='ltr'>ex</span> 
     </span>
     <span class='ocr_line' id='line_1_33' title="bbox 649 3603 3048 3686; baseline 0.004 -22"><span class='ocrx_word' id='word_1_291' title='bbox 649 3603 1141 3665; x_wconf 86' lang='lat' dir='ltr'>dedicationibus</span> <span class='ocrx_word' id='word_1_292' title='bbox 1181 3604 1339 3665; x_wconf 88' lang='lat' dir='ltr'>meis</span> <span class='ocrx_word' id='word_1_293' title='bbox 1380 3606 1585 3666; x_wconf 81' lang='lat' dir='ltr'>Midae</span> <span class='ocrx_word' id='word_1_294' title='bbox 1625 3626 1771 3683; x_wconf 85' lang='lat' dir='ltr'>opes</span> <span class='ocrx_word' id='word_1_295' title='bbox 1812 3606 2179 3686; x_wconf 77' lang='lat' dir='ltr'>collegisse?</span> <span class='ocrx_word' id='word_1_296' title='bbox 2241 3610 2383 3670; x_wconf 91' lang='lat' dir='ltr'>Non</span> <span class='ocrx_word' id='word_1_297' title='bbox 2423 3608 2573 3670; x_wconf 82' lang='lat' dir='ltr'>haec</span> <span class='ocrx_word' id='word_1_298' title='bbox 2610 3630 3048 3686; x_wconf 87' lang='lat' dir='ltr'>commemoro,</span> 
     </span>
     <span class='ocr_line' id='line_1_34' title="bbox 651 3702 3054 3783; baseline 0.003 -21"><span class='ocrx_word' id='word_1_299' title='bbox 651 3702 818 3780; x_wconf 91' lang='lat' dir='ltr'>quod</span> <span class='ocrx_word' id='word_1_300' title='bbox 855 3722 959 3763; x_wconf 93' lang='lat' dir='ltr'>me</span> <span class='ocrx_word' id='word_1_301' title='bbox 994 3704 1308 3781; x_wconf 86' lang='lat' dir='ltr'>poeniteat</span> <span class='ocrx_word' id='word_1_302' title='bbox 1346 3703 1752 3782; x_wconf 86' lang='lat' dir='ltr'>benignitatis</span> <span class='ocrx_word' id='word_1_303' title='bbox 1791 3706 2161 3783; x_wconf 89' lang='lat' dir='ltr'>principum.</span> <span class='ocrx_word' id='word_1_304' title='bbox 2252 3707 2410 3768; x_wconf 82' lang='lat' dir='ltr'>Meis</span> <span class='ocrx_word' id='word_1_305' title='bbox 2434 3708 2684 3770; x_wconf 84' lang='lat' dir='ltr'>scriniis</span> <span class='ocrx_word' id='word_1_306' title='bbox 2710 3710 3054 3770; x_wconf 88' lang='lat' dir='ltr'>accreuisse</span> 
     </span>
     <span class='ocr_line' id='line_1_35' title="bbox 651 3800 3052 3885; baseline 0.002 -24"><span class='ocrx_word' id='word_1_307' title='bbox 651 3800 832 3861; x_wconf 88' lang='lat' dir='ltr'>credo</span> <span class='ocrx_word' id='word_1_308' title='bbox 854 3801 1149 3879; x_wconf 89' lang='lat' dir='ltr'>quicquid</span> <span class='ocrx_word' id='word_1_309' title='bbox 1178 3803 1432 3864; x_wconf 86' lang='lat' dir='ltr'>accessit</span> <span class='ocrx_word' id='word_1_310' title='bbox 1457 3803 1742 3863; x_wconf 86' lang='lat' dir='ltr'>honestis</span> <span class='ocrx_word' id='word_1_311' title='bbox 1768 3805 2033 3881; x_wconf 89' lang='lat' dir='ltr'>studiis;</span> <span class='ocrx_word' id='word_1_312' title='bbox 2076 3806 2144 3866; x_wconf 90' lang='lat' dir='ltr'>in</span> <span class='ocrx_word' id='word_1_313' title='bbox 2174 3806 2399 3867; x_wconf 88' lang='lat' dir='ltr'>horum</span> <span class='ocrx_word' id='word_1_314' title='bbox 2428 3807 2776 3884; x_wconf 83' lang='lat' dir='ltr'>profectum</span> <span class='ocrx_word' id='word_1_315' title='bbox 2804 3809 3052 3885; x_wconf 88' lang='lat' dir='ltr'>captaui</span> 
     </span>
    </p>

    <p class='ocr_par' dir='ltr' id='par_1_9' title="bbox 563 3899 3054 4380">
     <span class='ocr_line' id='line_1_36' title="bbox 563 3899 3049 3984; baseline 0.004 -26"><span class='ocrx_word' id='word_1_316' title='bbox 563 3928 591 3976; x_wconf 83' lang='lat'>3</span> <span class='ocrx_word' id='word_1_317' title='bbox 598 3928 623 3977; x_wconf 80' lang='lat'>5</span> <span class='ocrx_word' id='word_1_318' title='bbox 648 3899 1003 3978; x_wconf 88' lang='lat' dir='ltr'>principum</span> <span class='ocrx_word' id='word_1_319' title='bbox 1042 3900 1340 3962; x_wconf 84' lang='lat' dir='ltr'>fauorem.</span> <span class='ocrx_word' id='word_1_320' title='bbox 1429 3902 1624 3963; x_wconf 91' lang='lat' dir='ltr'>Porro</span> <span class='ocrx_word' id='word_1_321' title='bbox 1665 3905 1829 3981; x_wconf 90' lang='lat' dir='ltr'>quod</span> <span class='ocrx_word' id='word_1_322' title='bbox 1874 3903 1978 3965; x_wconf 88' lang='lat' dir='ltr'>hic</span> <span class='ocrx_word' id='word_1_323' title='bbox 2011 3924 2140 3964; x_wconf 90' lang='lat' dir='ltr'>non</span> <span class='ocrx_word' id='word_1_324' title='bbox 2179 3906 2427 3966; x_wconf 90' lang='lat' dir='ltr'>sordide</span> <span class='ocrx_word' id='word_1_325' title='bbox 2464 3907 2763 3984; x_wconf 84' lang='lat' dir='ltr'>captarim</span> <span class='ocrx_word' id='word_1_326' title='bbox 2791 3908 3049 3968; x_wconf 87' lang='lat' dir='ltr'>illorum</span> 
     </span>
     <span class='ocr_line' id='line_1_37' title="bbox 650 3997 3054 4079; baseline 0.003 -22"><span class='ocrx_word' id='word_1_327' title='bbox 650 3997 1144 4060; x_wconf 87' lang='lat' dir='ltr'>munificentiam</span> <span class='ocrx_word' id='word_1_328' title='bbox 1173 4000 1275 4060; x_wconf 82' lang='lat' dir='ltr'>vel</span> <span class='ocrx_word' id='word_1_329' title='bbox 1299 4000 1457 4061; x_wconf 91' lang='lat' dir='ltr'>illud</span> <span class='ocrx_word' id='word_1_330' title='bbox 1487 4002 1708 4078; x_wconf 87' lang='lat' dir='ltr'>arguit,</span> <span class='ocrx_word' id='word_1_331' title='bbox 1741 4004 1906 4079; x_wconf 91' lang='lat' dir='ltr'>quod</span> <span class='ocrx_word' id='word_1_332' title='bbox 1945 4004 2133 4064; x_wconf 89' lang='lat' dir='ltr'>toties</span> <span class='ocrx_word' id='word_1_333' title='bbox 2169 4004 2328 4064; x_wconf 88' lang='lat' dir='ltr'>mihi</span> <span class='ocrx_word' id='word_1_334' title='bbox 2364 4004 2774 4065; x_wconf 88' lang='lat' dir='ltr'>laborandum</span> <span class='ocrx_word' id='word_1_335' title='bbox 2803 4006 2942 4077; x_wconf 85' lang='lat' dir='ltr'>fuit,</span> <span class='ocrx_word' id='word_1_336' title='bbox 2977 4011 3054 4066; x_wconf 87' lang='lat' dir='ltr'>vt</span> 
     </span>
     <span class='ocr_line' id='line_1_38' title="bbox 649 4096 3043 4177; baseline 0.004 -22"><span class='ocrx_word' id='word_1_337' title='bbox 649 4096 902 4157; x_wconf 88' lang='lat' dir='ltr'>illorum</span> <span class='ocrx_word' id='word_1_338' title='bbox 929 4097 997 4156; x_wconf 92' lang='lat' dir='ltr'>in</span> <span class='ocrx_word' id='word_1_339' title='bbox 1026 4117 1128 4158; x_wconf 92' lang='lat' dir='ltr'>me</span> <span class='ocrx_word' id='word_1_340' title='bbox 1157 4098 1651 4159; x_wconf 87' lang='lat' dir='ltr'>munificentiam</span> <span class='ocrx_word' id='word_1_341' title='bbox 1681 4119 1926 4177; x_wconf 89' lang='lat' dir='ltr'>possem</span> <span class='ocrx_word' id='word_1_342' title='bbox 1955 4101 2109 4161; x_wconf 85' lang='lat' dir='ltr'>citra</span> <span class='ocrx_word' id='word_1_343' title='bbox 2134 4101 2390 4163; x_wconf 91' lang='lat' dir='ltr'>illorum</span> <span class='ocrx_word' id='word_1_344' title='bbox 2417 4103 2716 4164; x_wconf 84' lang='lat' dir='ltr'>offensam</span> <span class='ocrx_word' id='word_1_345' title='bbox 2746 4123 3043 4164; x_wconf 83' lang='lat' dir='ltr'>recusare.</span> 
     </span>
     <span class='ocr_line' id='line_1_39' title="bbox 649 4195 3043 4278; baseline 0.004 -25"><span class='ocrx_word' id='word_1_346' title='bbox 649 4195 869 4255; x_wconf 90' lang='lat' dir='ltr'>Annui</span> <span class='ocrx_word' id='word_1_347' title='bbox 897 4195 1135 4256; x_wconf 87' lang='lat' dir='ltr'>reditus</span> <span class='ocrx_word' id='word_1_348' title='bbox 1161 4198 1307 4256; x_wconf 87' lang='lat' dir='ltr'>stati</span> <span class='ocrx_word' id='word_1_349' title='bbox 1335 4200 1485 4257; x_wconf 89' lang='lat' dir='ltr'>sunt</span> <span class='ocrx_word' id='word_1_350' title='bbox 1511 4198 1697 4274; x_wconf 88' lang='lat' dir='ltr'>paulo</span> <span class='ocrx_word' id='word_1_351' title='bbox 1723 4200 1865 4276; x_wconf 91' lang='lat' dir='ltr'>plus</span> <span class='ocrx_word' id='word_1_352' title='bbox 1893 4219 2082 4276; x_wconf 89' lang='lat' dir='ltr'>quam</span> <span class='ocrx_word' id='word_1_353' title='bbox 2118 4200 2557 4278; x_wconf 88' lang='lat' dir='ltr'>quadringenti</span> <span class='ocrx_word' id='word_1_354' title='bbox 2596 4203 2819 4262; x_wconf 87' lang='lat' dir='ltr'>floreni</span> <span class='ocrx_word' id='word_1_355' title='bbox 2850 4205 3043 4265; x_wconf 80' lang='lat' dir='ltr'>aurei.</span> 
     </span>
     <span class='ocr_line' id='line_1_40' title="bbox 647 4293 3052 4380; baseline 0.005 -29"><span class='ocrx_word' id='word_1_356' title='bbox 647 4293 859 4369; x_wconf 82' lang='lat' dir='ltr'>Atque</span> <span class='ocrx_word' id='word_1_357' title='bbox 888 4293 988 4353; x_wconf 89' lang='lat' dir='ltr'>hic</span> <span class='ocrx_word' id='word_1_358' title='bbox 1014 4314 1236 4354; x_wconf 90' lang='lat' dir='ltr'>census</span> <span class='ocrx_word' id='word_1_359' title='bbox 1264 4295 1468 4373; x_wconf 88' lang='lat' dir='ltr'>impar</span> <span class='ocrx_word' id='word_1_360' title='bbox 1494 4300 1606 4370; x_wconf 90' lang='lat' dir='ltr'>est,</span> <span class='ocrx_word' id='word_1_361' title='bbox 1639 4297 1858 4371; x_wconf 88' lang='lat' dir='ltr'>fateor,</span> <span class='ocrx_word' id='word_1_362' title='bbox 1888 4296 2261 4376; x_wconf 89' lang='lat' dir='ltr'>sumptibus,</span> <span class='ocrx_word' id='word_1_363' title='bbox 2294 4319 2451 4377; x_wconf 90' lang='lat' dir='ltr'>quos</span> <span class='ocrx_word' id='word_1_364' title='bbox 2478 4300 2670 4380; x_wconf 79' lang='lat' dir='ltr'>exigit</span> <span class='ocrx_word' id='word_1_365' title='bbox 2698 4303 2849 4362; x_wconf 87' lang='lat' dir='ltr'>haec</span> <span class='ocrx_word' id='word_1_366' title='bbox 2878 4305 3052 4364; x_wconf 83' lang='lat' dir='ltr'>aetas</span> 
     </span>
    </p>

    <p class='ocr_par' dir='ltr' id='par_1_10' title="bbox 558 4390 3051 4775">
     <span class='ocr_line' id='line_1_41' title="bbox 558 4390 3043 4479; baseline 0.004 -26"><span class='ocrx_word' id='word_1_367' title='bbox 558 4419 624 4469; x_wconf 78' lang='lat'>40</span> <span class='ocrx_word' id='word_1_368' title='bbox 648 4410 717 4450; x_wconf 88' lang='lat' dir='ltr'>ac</span> <span class='ocrx_word' id='word_1_369' title='bbox 753 4390 1061 4466; x_wconf 81' lang='lat' dir='ltr'>valetudo,</span> <span class='ocrx_word' id='word_1_370' title='bbox 1094 4393 1472 4454; x_wconf 83' lang='lat' dir='ltr'>famulorum</span> <span class='ocrx_word' id='word_1_371' title='bbox 1515 4399 1577 4455; x_wconf 89' lang='lat' dir='ltr'>et</span> <span class='ocrx_word' id='word_1_372' title='bbox 1618 4396 1962 4456; x_wconf 89' lang='lat' dir='ltr'>scribarum</span> <span class='ocrx_word' id='word_1_373' title='bbox 2004 4401 2347 4459; x_wconf 86' lang='lat' dir='ltr'>necessaria</span> <span class='ocrx_word' id='word_1_374' title='bbox 2383 4399 2610 4460; x_wconf 87' lang='lat' dir='ltr'>studiis</span> <span class='ocrx_word' id='word_1_375' title='bbox 2648 4400 2807 4461; x_wconf 86' lang='lat' dir='ltr'>meis</span> <span class='ocrx_word' id='word_1_376' title='bbox 2842 4421 3043 4479; x_wconf 88' lang='lat' dir='ltr'>opera,</span> 
     </span>
     <span class='ocr_line' id='line_1_42' title="bbox 647 4491 3046 4577; baseline 0.004 -27"><span class='ocrx_word' id='word_1_377' title='bbox 647 4493 786 4551; x_wconf 87' lang='lat' dir='ltr'>tum</span> <span class='ocrx_word' id='word_1_378' title='bbox 827 4493 1187 4568; x_wconf 72' lang='grc' dir='ltr'>ἱπποτροφίαι,</span> <span class='ocrx_word' id='word_1_379' title='bbox 1235 4491 1446 4553; x_wconf 88' lang='lat' dir='ltr'>crebra</span> <span class='ocrx_word' id='word_1_380' title='bbox 1493 4493 1800 4572; x_wconf 84' lang='lat' dir='ltr'>migratio,</span> <span class='ocrx_word' id='word_1_381' title='bbox 1847 4498 2029 4573; x_wconf 88' lang='lat' dir='ltr'>atque</span> <span class='ocrx_word' id='word_1_382' title='bbox 2077 4497 2267 4558; x_wconf 88' lang='lat' dir='ltr'>etiam</span> <span class='ocrx_word' id='word_1_383' title='bbox 2314 4497 2419 4557; x_wconf 89' lang='lat' dir='ltr'>hic</span> <span class='ocrx_word' id='word_1_384' title='bbox 2461 4498 2725 4574; x_wconf 86' lang='lat' dir='ltr'>animus,</span> <span class='ocrx_word' id='word_1_385' title='bbox 2772 4520 2852 4560; x_wconf 90' lang='lat' dir='ltr'>ne</span> <span class='ocrx_word' id='word_1_386' title='bbox 2893 4500 3046 4577; x_wconf 89' lang='lat' dir='ltr'>quid</span> 
     </span>
     <span class='ocr_line' id='line_1_43' title="bbox 646 4588 3042 4674; baseline 0.004 -25"><span class='ocrx_word' id='word_1_387' title='bbox 646 4589 817 4649; x_wconf 91' lang='lat' dir='ltr'>aliud</span> <span class='ocrx_word' id='word_1_388' title='bbox 849 4588 1065 4665; x_wconf 81' lang='lat' dir='ltr'>dicam,</span> <span class='ocrx_word' id='word_1_389' title='bbox 1087 4590 1425 4652; x_wconf 88' lang='lat' dir='ltr'>abhorrens</span> <span class='ocrx_word' id='word_1_390' title='bbox 1452 4612 1488 4651; x_wconf 88' lang='lat' dir='ltr'>a</span> <span class='ocrx_word' id='word_1_391' title='bbox 1516 4591 1816 4665; x_wconf 90' lang='lat' dir='ltr'>sordibus,</span> <span class='ocrx_word' id='word_1_392' title='bbox 1836 4614 1951 4653; x_wconf 88' lang='lat' dir='ltr'>nec</span> <span class='ocrx_word' id='word_1_393' title='bbox 1979 4594 2185 4656; x_wconf 84' lang='lat' dir='ltr'>ferens</span> <span class='ocrx_word' id='word_1_394' title='bbox 2204 4595 2628 4674; x_wconf 83' lang='lat' dir='ltr'>appellantem</span> <span class='ocrx_word' id='word_1_395' title='bbox 2650 4599 3042 4671; x_wconf 88' lang='lat' dir='ltr'>creditorem,</span> 
     </span>
     <span class='ocr_line' id='line_1_44' title="bbox 645 4689 3051 4775; baseline 0.004 -27"><span class='ocrx_word' id='word_1_396' title='bbox 645 4690 754 4748; x_wconf 86' lang='lat' dir='ltr'>aut</span> <span class='ocrx_word' id='word_1_397' title='bbox 783 4707 911 4749; x_wconf 89' lang='lat' dir='ltr'>non</span> <span class='ocrx_word' id='word_1_398' title='bbox 937 4692 1271 4766; x_wconf 84' lang='lat' dir='ltr'>pensatum</span> <span class='ocrx_word' id='word_1_399' title='bbox 1299 4689 1587 4766; x_wconf 87' lang='lat' dir='ltr'>officium,</span> <span class='ocrx_word' id='word_1_400' title='bbox 1623 4695 1732 4752; x_wconf 86' lang='lat' dir='ltr'>aut</span> <span class='ocrx_word' id='word_1_401' title='bbox 1769 4692 2114 4770; x_wconf 77' lang='lat' dir='ltr'>neglectam</span> <span class='ocrx_word' id='word_1_402' title='bbox 2152 4693 2404 4755; x_wconf 85' lang='lat' dir='ltr'>amiculi</span> <span class='ocrx_word' id='word_1_403' title='bbox 2443 4694 2734 4772; x_wconf 86' lang='lat' dir='ltr'>inopiam.</span> <span class='ocrx_word' id='word_1_404' title='bbox 2823 4695 3051 4775; x_wconf 82' lang='lat' dir='ltr'>Itaque</span> 
     </span>
    </p>
   </div>
  </div>
 </body>
</html>
