3355 5380
254 423 483 510 1523-4]
746 427 1150 490 ERASMUS
1203 427 1311 488 ΤΟ
1365 426 1407 488 J
1410 426 1591 487 OHN
1647 425 2095 488 ΒΟΤΖΗΕΙΜ
2573 431 2609 487 9

249 581 391 642 inter
425 601 577 661 quae
624 583 780 642 sunt
822 582 974 642 libri
1021 581 1117 642 De
1159 580 1335 659 copia
1379 581 1715 641 verborum
1755 599 1826 640 ac
1864 599 2075 641 rerum
2121 580 2262 656 duo,
2307 581 2460 642 olim
2501 601 2612 658 per

247 679 429 740 lusum
466 680 780 758 designati
816 681 1030 741 verius
1070 700 1255 758 quam
1297 678 1499 755 coepti
1529 678 1600 738 in
1638 679 1908 755 gratiam
1945 679 2204 739 Ioannis
2244 680 2460 754 Coleti,
2501 679 2613 758 qui

246 778 431 839 multis
454 778 748 856 precibus
784 779 906 839 hoc
930 779 1192 839 extorsit
1226 778 1434 855 potius
1462 795 1648 854 quam
1679 776 2059 853 impetrauit,
2090 779 2161 837 vt
2188 796 2428 837 nouum
2456 796 2611 854 opus

244 895 414 936 nouae
461 877 714 937 scholae
760 876 1125 937 dedicarem.
1211 875 1316 935 Ad
1373 875 1653 934 eiusdem
1712 893 1921 950 preces
1975 875 2275 953 castigaui
2322 874 2610 935 libellum

243 972 380 1045 Lilii,
409 992 601 1049 quem
629 992 743 1034 suo
770 973 920 1033 ludo
948 974 1330 1051 praefecerat,
1365 974 1460 1033 De
1495 972 1763 1051 syntaxi,
1797 972 1903 1033 sed
1946 972 2207 1034 mutatis
2233 976 2364 1035 tam
2391 974 2609 1034 multis
2635 993 2665 1045 5

239 1074 298 1130 vt
332 1090 438 1130 nec
482 1071 691 1132 Lilius
734 1072 929 1133 vellet
968 1091 1124 1148 opus
1168 1090 1513 1148 agnoscere,
1557 1091 1671 1134 nec
1713 1090 1827 1148 ego
1867 1090 2133 1146 possem.
2221 1071 2303 1131 In
2343 1071 2610 1148 gratiam

238 1167 390 1228 Petri
426 1170 659 1229 Viterii
700 1190 831 1230 non
872 1170 1147 1249 vulgaris
1186 1169 1384 1245 amici,
1429 1170 1576 1229 licet
1632 1167 2004 1244 humilioris,
2051 1167 2273 1246 scripsi
2318 1169 2610 1230 libellum

239 1266 318 1326 De
341 1268 581 1328 ratione
608 1269 965 1329 studiorum
992 1272 1058 1330 et
1082 1267 1458 1329 instituendi
1484 1286 1725 1345 pueroS,
1759 1267 1920 1344 quod
1954 1266 2011 1329 is
2038 1266 2344 1344 ingenuos
2370 1267 2610 1345 aliquot

236 1362 535 1443 bonaeque
561 1365 696 1442 spei
722 1366 1216 1427 adulescentulos
1240 1365 1612 1426 erudiendos
1636 1365 1909 1425 haberet.
1990 1365 2297 1428 Fortassis
2322 1366 2400 1425 ad
2440 1366 2610 1430 hunc

236 1462 491 1523 ordinem
558 1464 877 1540 pertinent
930 1463 1055 1525 duo
1106 1463 1298 1540 primi
1351 1463 1500 1524 libri
1554 1464 1988 1540 grammatices
2041 1463 2347 1527 Theodori
2391 1465 2603 1540 Gazae,
2635 1485 2700 1521 ιο

234 1580 367 1637 quos
423 1562 572 1622 ideo
640 1562 863 1623 Latine
928 1564 1250 1638 vertimus,
1308 1565 1380 1621 vt
1444 1560 1657 1639 plures
1724 1561 2115 1626 alliceremus
2181 1563 2260 1623 ad
2328 1563 2607 1632 studium

235 1657 579 1719 Graecanici
613 1661 921 1723 sermonis
957 1662 1061 1721 vel
1097 1663 1232 1739 ipsa
1273 1660 1572 1720 facilitate
1613 1659 1790 1719 velut
1821 1680 1958 1723 esca
1997 1661 2304 1738 quadam;
2350 1664 2414 1722 et
2454 1663 2608 1725 adeo

233 1757 497 1817 sucoessit
536 1757 601 1817 id
625 1759 914 1837 quicquid
936 1762 1068 1820 erat
1092 1759 1323 1820 laboris
1343 1761 1415 1818 vt
1439 1758 1567 1819 iam
1587 1757 1875 1823 videatur
1893 1758 2155 1826 inutilis.
2216 1761 2607 1821 Annotaram

236 1854 505 1929 quaedam
551 1856 775 1934 Anglo
822 1857 1070 1921 cuidam
1117 1857 1213 1918 De
1267 1856 1506 1916 ratione
1557 1854 2140 1925 conscribendarum
2184 1858 2610 1935 epistolarum,

236 1951 326 2011 sed
360 1973 482 2013 non
506 1954 585 2015 in
617 1954 735 2015 hoc
762 1958 833 2015 vt
860 1956 1242 2016 aederentur.
1330 1955 1423 2014 Eo
1460 1954 1773 2029 defuncto,
1806 1974 1998 2032 quum
2028 1955 2306 2016 viderem
2332 1976 2503 2033 opuS,
2536 1960 2608 2016 vt
2635 1972 2696 2023 15

237 2054 349 2109 erat
371 2052 672 2112 mutilum
699 2072 769 2113 ac
806 2053 1197 2130 mendosum,
1227 2053 1506 2113 aeditum
1542 2051 1612 2112 in
1646 2052 1900 2130 Anglia,
1931 2056 2179 2118 coactus
2214 2073 2356 2123 sum
2383 2074 2609 2131 paucos

237 2145 350 2208 dies
371 2150 436 2210 in
471 2150 789 2211 eiusmodi
825 2152 1010 2229 nugis
1049 2152 1316 2228 perdere,
1351 2170 1501 2228 quas
1536 2150 1720 2227 plane
1748 2151 2071 2228 cupiebam
2096 2151 2373 2227 abolitas,
2407 2151 2463 2212 si
2488 2172 2610 2229 qua

238 2244 350 2304 fieri
381 2247 709 2322 potuisset.
777 2249 1098 2310 Prodierat
1125 2252 1189 2309 et
1215 2247 1679 2326 colloquiorum
1709 2246 1974 2322 libellus,
2005 2249 2234 2327 partim
2260 2271 2294 2309 e
2324 2250 2611 2315 confabu-

239 2339 540 2406 lationibus
557 2346 940 2423 domesticis,
963 2349 1193 2425 partim
1210 2368 1244 2406 e
1262 2347 1506 2409 schedis
1522 2346 1681 2407 meis
1695 2348 2171 2423 consarcinatae,
2191 2350 2299 2409 sed
2317 2349 2610 2414 admixtis

241 2443 451 2503 naeniis
488 2444 872 2522 quibusdam
920 2465 1048 2506 non
1091 2449 1345 2510 tantum
1384 2445 1615 2521 ineptis
1658 2464 1882 2505 verum
1924 2446 2113 2511 etiam
2160 2447 2322 2507 male
2365 2448 2608 2516 Latinis
2636 2463 2699 2509 φο

239 2536 508 2619 planeque
534 2543 804 2604 soloecis
827 2564 842 2619 3
879 2547 944 2605 et
972 2545 1089 2604 hoc
1126 2546 1582 2621 nugamentum
1608 2542 1770 2602 miro
1804 2544 2106 2620 applausu
2134 2548 2464 2622 exceptum
2492 2548 2605 2619 est,

239 2639 298 2695 vt
331 2638 391 2698 in
428 2640 529 2702 his
570 2661 826 2721 quoque
859 2642 1045 2704 rebus
1082 2642 1244 2705 ludit
1279 2642 1547 2703 fortuna.
1633 2641 1894 2702 Coactus
1930 2663 2073 2710 sum
2113 2642 2305 2721 igitur
2341 2648 2403 2704 et
2438 2644 2608 2705 hisce

241 2738 448 2799 naeniis
473 2742 773 2801 admoliri
808 2762 1085 2803 manum.
1171 2741 1455 2814 Tandem
1489 2741 1769 2806 adhibita
1807 2741 1994 2815 paulo
2025 2742 2259 2807 maiore
2295 2762 2442 2802 cura
2478 2762 2608 2809 non

240 2849 403 2906 pauca
440 2838 802 2914 adiecimus,
850 2843 922 2900 vt
968 2842 1133 2900 esset
1179 2840 1346 2900 iusta
1390 2839 1590 2901 libelli
1629 2838 2016 2916 magnitudO,
2060 2839 2308 2916 iamque
2346 2840 2450 2900 vel
2491 2840 2610 2900 hoc

240 2929 447 2995 honore
490 2939 730 3015 dignus
775 2938 975 2999 videri
1015 2940 1240 3015 posset,
1291 2941 1365 2998 vt
1408 2937 1633 2998 Ioanni
1682 2937 1967 2998 Erasmio
2016 2938 2276 2998 Ioannis
2323 2937 2610 3000 Frobenii
2637 2954 2695 3004 25

240 3029 363 3106 filie,
391 3054 576 3111 puero
619 3040 758 3099 tum
795 3057 903 3099 sex
931 3057 1132 3098 annos
1162 3041 1310 3100 nato
1338 3037 1444 3096 sed
1481 3036 1692 3097 indole
1720 3035 2086 3113 incredibili,
2118 3035 2441 3099 dicaretur.
2530 3037 2608 3103 Id

240 3127 446 3193 iactum
471 3139 565 3194 est
595 3155 765 3196 anno
793 3136 1132 3197 millesimo
1168 3135 1670 3214 quingentesimo
1698 3133 1996 3196 vicesimo
2032 3135 2319 3201 secunde.
2406 3135 2610 3211 Quanae

241 3245 402 3302 quam
453 3232 647 3293 huius
700 3234 897 3310 operis
952 3238 1176 3308 natura
1230 3237 1341 3306 est,
1401 3236 1473 3294 vt
1538 3232 1780 3311 quoties
1832 3233 2042 3293 visum
2094 3233 2298 3307 fuerit,
2356 3233 2610 3310 recipiat

241 3330 643 3394 accessionem.
731 3333 952 3411 Itaque
999 3333 1069 3393 in
1115 3331 1382 3409 gratiam
1429 3332 1852 3394 studiosorum
1899 3334 1964 3391 et
2013 3330 2269 3398 Ioannis
2318 3331 2609 3401 Frobenii

241 3421 567 3505 frequenter
605 3431 734 3491 iam
768 3431 1115 3492 auctarium
1152 3429 1508 3505 adiecimus,
1550 3431 1658 3489 sed
1698 3429 1788 3490 ita
1823 3428 2186 3505 temperatis
2222 3428 2609 3504 argumentis
2635 3445 2699 3494 30

240 3525 299 3580 vt
351 3531 590 3600 praetei·
651 3530 938 3590 lectionis
993 3529 1381 3605 voluptatem
1437 3546 1506 3587 ac
1560 3526 1869 3590 sermonis
1923 3526 2278 3604 expoliendi
2331 3527 2606 3588 fructum

243 3617 448 3683 inesset
472 3626 639 3703 quod
668 3628 745 3687 ad
771 3648 977 3689 mores
1003 3647 1244 3706 quoque
1270 3626 1629 3688 formandos
1656 3625 2042 3686 conduceret.

311 3718 490 3784 Pon-0
545 3724 740 3785 donec
794 3728 1039 3803 praeter
1090 3743 1296 3788 meras
1349 3724 1614 3800 ineptias
1656 3724 1821 3785 nihil
1876 3723 2134 3784 haberet
2176 3723 2287 3792 ille
2332 3722 2603 3796 libellus,

242 3818 381 3878 miro
443 3822 730 3884 omnium
796 3825 1006 3885 fauore
1069 3822 1402 3900 legebatur.
1511 3821 1638 3883 Vbi
1704 3822 1962 3882 accessit
2027 3821 2274 3881 vberior
2340 3820 2598 3894 vtilitas,

242 3931 349 3975 non
398 3921 605 3995 potuit
655 3922 923 4000 effugere
976 3926 1087 3983 τῶν
1139 3924 1508 3994 συκοφαντῶν
1561 3919 1834 4000 δήγματα.
1936 3919 2284 3996 Theologus
2350 3918 2605 3995 quidam
2633 3934 2694 3985 35

246 4008 630 4079 Louaniensis
680 4020 836 4080 mire
890 4019 1162 4098 lippiens
1216 4019 1429 4094 oculiS,
1478 4018 1586 4078 sed
1630 4020 1835 4080 multo
1882 4017 2082 4094 magis
2129 4015 2396 4095 ingenio,
2450 4015 2607 4084 vidit

245 4109 352 4171 illic
414 4119 675 4192 quatuor
739 4119 906 4179 locos
973 4118 1330 4178 haereticos·
1430 4116 1681 4177 Accidit
1747 4123 1811 4177 et
1875 4115 2045 4177 aliud
2109 4114 2403 4193 quiddam
2457 4113 2604 4180 huic

248 4211 391 4285 operi
426 4215 841 4281 memorabile.
924 4218 1243 4278 Excusum
1289 4216 1385 4275 est
1427 4235 1628 4292 nuper
1676 4214 1959 4284 Lutetiae
1999 4214 2306 4287 correctis,
2350 4212 2469 4276 hoc
2509 4215 2605 4278 est

304 4337 341 4374 1.
370 4325 497 4376 olim
534 4364 548 4378 .
573 4364 586 4378 .
613 4361 629 4376 ·
661 4329 972 4393 designati.
997 4365 1012 4381 .
1042 4366 1057 4380 .
1092 4329 1268 4392 coepti
1297 4345 1364 4390 γε
1416 4343 1549 4390 quos
1576 4329 1708 4378 olim
1745 4366 1758 4379 .
1781 4365 1794 4377 .
1816 4364 1831 4380 .
1870 4328 2179 4391 designatos
2207 4361 2221 4375 .
2250 4361 2264 4376 .
2287 4361 2301 4375 .
2339 4328 2518 4389 coptos
2550 4345 2597 4379 α.

247 4398 285 4446 3
311 4392 474 4451 potius
496 4396 532 4445 Β
552 4409 567 4442 ε
599 4397 779 4469 verius
800 4414 848 4446 α.
1014 4411 1088 4469 ¹5·
1127 4395 1634 4457 conscribendarum
1657 4413 1721 4444 a:
1756 4393 2160 4457 scribendarum
2184 4394 2237 4446 β.
2393 4406 2469 4454 19.
2506 4393 2602 4442 sed

252 4486 264 4500 .
282 4489 293 4500 .
315 4490 327 4502 .
348 4471 417 4504 οι.
453 4458 670 4506 soloecis
690 4465 801 4521 ada.
828 4463 881 4516 β.
1093 4476 1173 4539 ²9⁴
1209 4462 1402 4522 Itaque
1428 4497 1441 4511 .
1465 4495 1479 4509 .
1507 4498 1520 4511 .
1551 4461 1627 4520 12.
1655 4476 1736 4523 27.
1773 4460 2072 4523 Septembri
2095 4462 2206 4507 add.
2233 4458 2285 4511 β.

303 4674 372 4733 38.
417 4675 683 4740 Lutetiae]
741 4678 843 4727 For
896 4678 1007 4733 this
1061 4680 1195 4732 book
1261 4678 1359 4728 the
1460 4679 1515 4729 P.
1531 4678 1923 4742 Gromors),see
1938 4676 2095 4739 BEr2,
2114 4676 2404 4739 Colloquia,i.
2418 4674 2599 4739 364-8.

253 4738 376 4787 work
416 4740 473 4789 of
504 4741 759 4793 Lambert
802 4745 1114 4807 campester
1159 4715 1352 4809 (fieris,
1458 4745 1539 4794 No
1564 4760 1698 4808 copy
1719 4744 1778 4794 of
1794 4746 1840 4795 it
1862 4745 1909 4794 is
1933 4743 2132 4793 known
2154 4744 2211 4791 to
2234 4742 2391 4794 exist.
