3355 5380
330 444 352 484 ι
369 444 435 502 5¹
454 422 514 509 ι]
2602 431 2721 489 467

393 591 437 646 F
789 606 808 647 ι
1057 509 1267 593 2327230
1353 504 1450 572 To
1496 506 1685 572 JOHN
1732 504 1982 574 CoLm.
2139 592 2402 650 cambria

394 608 882 752 ΡωΡηΞῖομῗἨὲ
922 678 1304 748 Lond.x.17:
1346 678 1605 750 LB.149.
1975 696 2037 750 13
2064 612 2652 754 Septemberffisu).

389 800 484 866 [In
506 800 679 851 direct
702 815 968 863 sequence
989 800 1127 849 with
1152 802 1286 864 Epp.
1305 816 1405 863 330
1426 800 1536 851 and
1559 817 1670 864 337,
1691 802 1787 851 the
1808 801 1975 850 latter
1995 802 2055 851 of
2071 802 2251 852 which
2277 806 2425 855 must
2448 804 2513 852 be
2536 802 2722 866 placed

323 865 386 916 in
413 880 554 929 1511,
580 868 801 916 because
824 867 921 916 the
942 870 1010 917 De
1033 870 1173 926 copia
1195 867 1314 932 (Ep.
1343 867 1463 930 360)
1489 867 1538 916 is
1561 871 1657 917 not
1681 869 1774 930 yet
1795 866 2082 933 finished.]

1027 999 1118 1047 ΕΒ
1122 1000 1343 1049 Aflmvs
1386 1000 1645 1049 00an
1693 1000 1816 1049 SVO
1862 1000 1913 1049 S.
1961 1002 2028 1048 D.

405 1119 616 1181 Mmo
643 1140 801 1198 quae
826 1121 1002 1199 petis,
1036 1121 1326 1182 Officium
1355 1121 1804 1200 chrysostomi,
1839 1125 1902 1182 et
1938 1122 2285 1200 epistolam,
2320 1121 2387 1182 in
2423 1141 2562 1200 qua,
2597 1121 2723 1183 nisi

322 1217 520 1293 fallor,
574 1220 758 1279 erunt
811 1238 969 1298 quae
1024 1238 1153 1281 non
1206 1219 1514 1298 probabis,
1568 1223 1896 1299 propterea
1949 1221 2114 1300 quod
2168 1223 2242 1282 tu
2298 1221 2602 1281 rationem
2658 1223 2724 1282 et

319 1320 517 1377 artem
545 1317 934 1392 contemnis3
974 1337 1088 1395 ego
1113 1317 1218 1378 his
1238 1317 1533 1380 nonnihil
1562 1317 1786 1394 tribuo,
1813 1317 2181 1395 praesertim
2208 1319 2279 1379 in
2305 1321 2715 1397 praeceptore.

321 1415 417 1476 De
457 1415 722 1476 Linacro
759 1435 907 1476 caue
945 1436 1025 1476 ne
1062 1416 1165 1477 cui
1202 1420 1434 1479 temere
1471 1416 1724 1492 credas;
1774 1436 1924 1477 nam
1959 1436 2075 1494 ego
2111 1417 2299 1479 certis
2336 1416 2722 1495 argumentis

317 1512 517 1572 habeo
564 1516 957 1591 compertum
998 1513 1187 1576 illum
1236 1514 1793 1576 obseruantissimo
1841 1515 1911 1574 in
1960 1518 2024 1575 te
2070 1533 2207 1576 esse
2253 1515 2484 1590 animo,
2534 1518 2598 1576 et
2644 1514 2722 1575 de
2749 1524 2778 1575 5

316 1610 543 1670 reiecta
594 1610 1001 1688 grammatica
1052 1632 1182 1674 non
1247 1632 1623 1691 magnopere
1686 1612 2004 1674 laborare:
2072 1631 2431 1690 quanquam
2495 1612 2561 1674 id
2625 1615 2721 1675 est

315 1707 650 1771 hominum
705 1710 1046 1788 ingenium,
1093 1714 1165 1771 vt
1219 1711 1351 1772 suis
1405 1712 1662 1791 quisque
1716 1709 1982 1788 scriptis,
2036 1730 2148 1771 ceu
2200 1714 2494 1789 parentes
2548 1712 2717 1787 filiis,

316 1806 668 1886 impensius
714 1807 939 1870 faueat.
1027 1808 1207 1884 Quod
1255 1809 1311 1871 si
1363 1809 1519 1889 quid
1574 1810 1766 1870 etiam
1821 1828 1895 1869 ea
1947 1828 2048 1870 res
2100 1809 2429 1871 hominem
2485 1813 2715 1888 mouet,

317 1906 462 1966 tuae
508 1905 896 1967 dexteritatis
940 1907 1061 1968 erit
1107 1906 1503 1970 dissimulare
1555 1927 1759 1987 neque
1810 1907 2099 1969 refricare
2151 1926 2292 1969 eam
2346 1908 2715 1984 cicatricem,

318 2003 624 2083 vultuque
665 2006 730 2065 et
769 2004 1242 2068 consuetudinis
1279 2005 1597 2068 alacritate
1636 2004 1839 2083 magis
1879 2024 2069 2084 quam
2108 2007 2522 2082 excusatione,
2555 2026 2721 2084 prae-
2752 2024 2809 2059 ¹0

317 2101 497 2180 cipue
543 2122 654 2181 per
700 2101 856 2164 alios
903 2103 1083 2178 facta,
1137 2123 1461 2179 reuocare;
1522 2104 1643 2165 hoc
1698 2105 1895 2182 pacto,
1950 2104 2007 2166 si
2060 2103 2210 2183 quid
2258 2103 2356 2165 illi
2411 2105 2600 2180 dolet,
2652 2105 2719 2167 id

317 2202 601 2279 tempore
655 2202 891 2264 sensim
944 2206 1289 2265 euanescet.
1394 2203 1519 2265 Sed
1567 2222 1688 2264 nae
1742 2222 1856 2281 ego
1910 2203 2154 2281 egregie
2206 2203 2558 2282 impudens,
2611 2205 2721 2282 qui

315 2297 468 2359 haec
493 2297 627 2371 tibi,
657 2298 778 2360 hoc
815 2303 911 2362 est
947 2320 1056 2362 sus
1091 2300 1425 2363 Mineruae.
1508 2299 1807 2362 Nondum
1844 2299 2110 2362 occurrit
2145 2320 2331 2380 quem
2366 2300 2723 2363 existimem

315 2396 611 2459 idoneum
644 2397 1202 2476 hypodidascalum
1238 2402 1381 2461 tuae
1418 2399 1706 2475 scholae;
1751 2417 2009 2477 pergam
2047 2398 2360 2478 inquirere
2397 2403 2476 2476 et,
2507 2400 2721 2462 simul·

313 2500 501 2575 atque
526 2515 872 2575 repperero,
908 2498 1236 2560 certiorem
1263 2500 1328 2559 te
1355 2497 1594 2559 faciam.
1683 2497 1857 2558 Bene
1887 2498 2042 2573 vale,
2076 2501 2434 2575 praeceptor
2462 2498 2713 2577 optime.
2748 2516 2806 2567 15

396 2595 514 2656 Est
541 2594 644 2655 hic
679 2595 844 2658 mihi
872 2613 1328 2675 nonnunquam
1365 2594 1685 2657 dimicatio
1723 2614 1838 2674 pro
1874 2598 1940 2656 te
1976 2615 2120 2656 cum
2147 2596 2250 2658 his
2275 2595 2621 2658 Thomistis
2655 2600 2719 2659 et

317 2693 629 2770 Scotistis3
656 2694 768 2756 sed
790 2696 866 2757 de
886 2695 988 2757 his
1015 2715 1238 2757 coram.
1300 2695 1491 2774 Coepi
1508 2696 1754 2757 vertere
1782 2693 2130 2755 Basilium
2109 2714 2181 2754 m
2202 2693 2533 2771 Hesaiam,
2559 2696 2720 2758 mihi

316 2791 569 2869 quidem
619 2814 778 2872 opus
821 2794 1005 2855 valde
1050 2794 1268 2872 placet.
1357 2793 1680 2855 Exhibebo
1726 2795 1984 2872 gustum
2023 2792 2332 2872 Episcopo
2372 2792 2713 2873 Rophensi,

316 2890 715 2970 experiarque
742 2912 898 2954 num
926 2894 983 2955 is
1009 2892 1165 2955 velit
1192 2892 1310 2954 hos
1336 2892 1581 2956 labores
1606 2895 1855 2954 nostros
1891 2890 2102 2969 aliquo
2129 2892 2472 2969 praemiolo
2499 2892 2712 2955 lenire.

318 2988 372 3048 Ο
400 2989 906 3051 mendicitatem!
963 2991 1090 3053 iam
1118 2990 1302 3068 rides,
1336 2992 1433 3053 sat
1457 2990 1599 3053 scio.
1658 2992 1751 3051 At
1776 3010 1892 3068 ego
1921 2988 2232 3066 meipsum
2260 2989 2379 3065 odi,
2412 2992 2720 3070 planeque
2746 3011 2808 3047 20

318 3087 636 3149 decretum
665 3090 763 3150 est
796 3092 905 3150 aut
939 3089 1217 3169 aliquam
1254 3090 1528 3151 nancisci
1554 3090 1877 3151 fortunam
1913 3107 2072 3165 quae
2109 3106 2212 3147 me
2247 3087 2326 3148 ab
2353 3089 2456 3150 his
2479 3091 2720 3152 mendi·

317 3184 556 3246 cabulis
582 3186 829 3261 eximat,
863 3190 974 3248 aut
999 3208 1254 3267 prorsus
1280 3188 1630 3267 Diogenem
1658 3186 1914 3248 imitari.
1982 3186 2255 3247 Rursum
2282 3187 2439 3250 vale.

398 3284 845 3363 Cantabrigiae.
933 3287 1029 3348 Id.
1065 3287 1380 3366 Septemb.

396 3382 463 3444 Si
492 3404 644 3461 quas
669 3383 966 3463 pecunias
992 3385 1185 3447 habes
1211 3386 1278 3447 in
1305 3386 1600 3447 manibus
1626 3386 1696 3446 in
1723 3386 1843 3447 hoc
1871 3383 2237 3446 commissas
2272 3386 2342 3444 vt
2383 3383 2614 3446 dentur
2649 3385 2715 3446 in

315 3481 684 3559 subsidium,
745 3504 897 3561 rogo
951 3485 1171 3546 mittas
1225 3485 1462 3563 aliquot
1518 3484 1760 3547 nobiles
1813 3484 2082 3545 Ricardo
2134 3484 2342 3559 Oroco,
2400 3484 2716 3562 quondam
2744 3504 2768 3540 2
2776 3504 2803 3554 5

382 3644 426 3679 1.
463 3630 571 3679 nisi
593 3634 671 3679 B:
705 3631 764 3678 ni
786 3636 854 3681 Η.
1042 3632 1092 3682 8.
1126 3632 1347 3682 faueant
1367 3636 1434 3682 H.
1624 3646 1703 3683 11.
1740 3632 1798 3682 id
1821 3648 1912 3682 om.
1935 3632 2488 3684 H.12.sensim
2509 3637 2622 3684 add.
2646 3637 2714 3684 H.

383 3759 427 3795 1.
472 3744 717 3795 Officium
753 3746 1151 3811 chrysostomi]
1191 3746 1459 3809 Probably
1561 3754 1694 3796 mata
1736 3751 2074 3798 Grammatioes
2117 3750 2349 3808 Vulqana
2383 3747 2537 3811 (1525
2555 3749 2622 3813 ἲ),
2661 3749 2723 3799 of

314 3814 470 3859 Missa
517 3814 684 3861 Sancti
720 3815 928 3860 Ioannis
967 3816 1270 3871 mmsostomi
1313 3828 1460 3871 supra
1561 3814 1747 3863 which
1780 3814 1935 3864 there
1970 3815 2020 3863 is
2051 3827 2083 3861 a
2114 3827 2251 3876 copy
2277 3812 2336 3861 in
2371 3814 2467 3864 the
2502 3814 2713 3864 British

311 3880 566 3935 complures
594 3892 750 3925 annos
777 3881 838 3926 ab
858 3882 1062 3927 Erasmo
1085 3881 1386 3927 Roterodamo
1409 3884 1462 3926 in
1564 3879 1831 3929 Museum.
1896 3879 2002 3929 His
2031 3879 2173 3928 fame
2196 3891 2254 3926 as
2278 3893 2310 3927 a
2329 3880 2709 3943 grammarian,

307 3948 518 4003 qratiam
531 3945 753 4003 Episcopi
769 3946 1001 4002 Μαρία
1016 3958 1162 3994 versa.
1212 3944 1266 3991 It
1289 3958 1460 3993 seems
1560 3945 1744 3995 which
1769 3959 1879 3994 was
1899 3960 2033 4007 very
2052 3946 2221 4008 great,
2247 3945 2426 3994 rested
2454 3960 2602 4009 upon
2625 3946 2716 3995 his
2822 3970 2825 3971 ν

306 4010 364 4057 to
391 4009 528 4057 have
565 4010 702 4057 been
735 4008 954 4071 printed
990 4009 1107 4057 first
1142 4010 1213 4071 by
1233 4008 1459 4057 Wechel
1560 4014 1628 4059 Dc
1682 4015 1928 4060 emendata
1972 4016 2207 4060 drumm
2257 4013 2423 4059 Latini
2467 4016 2709 4073 sunnonis,

308 4077 366 4122 at
391 4074 557 4136 Paris,
584 4088 727 4137 1537,
754 4076 844 4135 8⁰;
877 4074 987 4123 and
1009 4089 1121 4123 was
1142 4074 1460 4123 afterwards
1559 4075 1803 4139 London,
1821 4077 1881 4127 R.
1905 4077 2141 4138 Pynson,
2160 4074 2286 4125 Dec.
2307 4089 2532 4138 1524—a
2546 4079 2712 4127 much

310 4139 567 4189 included
582 4141 643 4189 in
657 4141 754 4190 the
770 4141 980 4190 Froben
994 4140 1204 4190 edition
1219 4142 1279 4189 of
1289 4139 1457 4202 Chry·
1561 4156 1706 4191 more
1729 4142 2001 4192 elaborate
2022 4144 2187 4192 work.

311 4205 552 4255 sostom’s
575 4210 722 4265 opera
764 4220 908 4268 1539,
929 4206 1029 4255 vol.
1045 4222 1095 4255 v.
1109 4221 1196 4269 pp.
1211 4206 1427 4267 656-68.
1630 4221 1709 4268 17.
1744 4208 2016 4272 Scotistis]
2038 4210 2278 4273 Perhaps
2291 4210 2357 4258 cf.
2376 4206 2543 4258 Lond.
2562 4208 2707 4258 xxxi.

437 4241 747 4336 epistolamfl
786 4273 900 4321 The
939 4275 1008 4320 Do
1041 4275 1243 4321 Ratione
1276 4274 1455 4332 Stadii,
1560 4288 1641 4335 43,
1667 4276 1861 4333 20160,
1891 4273 1996 4323 LB.
2025 4274 2095 4322 ix.
2130 4289 2252 4326 121.

310 4335 492 4384 which
513 4337 562 4386 is
584 4341 700 4387 cast
724 4339 785 4387 in
806 4338 905 4387 the
940 4338 1079 4388 form
1112 4339 1171 4388 ot
1200 4353 1231 4387 a
1258 4338 1457 4398 letter3
1693 4338 1983 4404 Basilium]
2008 4339 2092 4389 cf.
2115 4341 2250 4403 Epp.
2273 4354 2373 4402 339
2394 4335 2505 4385 and
2528 4352 2642 4400 237.

309 4401 378 4450 cf.
409 4401 507 4463 Ep.
540 4417 655 4463 330.
689 4418 720 4451 3
753 4403 864 4452 and
897 4405 929 4452 8
957 4419 1008 4454 n.
1073 4404 1128 4453 It
1152 4420 1262 4453 was
1294 4403 1458 4467 being
1625 4419 1704 4466 35.
1743 4403 1934 4468 Croco]
1983 4404 2137 4454 Rich.
2184 4404 2357 4454 Croke
2402 4406 2468 4462 (c.
2520 4405 2711 4465 1489-

309 4466 528 4528 printed
544 4467 663 4529 just
685 4473 743 4517 at
757 4469 870 4517 this
889 4470 1022 4518 time
1038 4470 1276 4519 without
1298 4470 1454 4519 Eras-
1556 4471 1695 4533 Aug.
1723 4472 1888 4533 1558),
1915 4485 1947 4519 a
1968 4470 2181 4519 scholar
2200 4470 2340 4532 who,
2362 4469 2501 4519 aster
2521 4470 2710 4532 study-

308 4533 448 4580 mus’
475 4531 823 4596 knowledge,
857 4549 942 4584 see
965 4535 1063 4597 Ep.
1088 4537 1155 4583 ⁶6
1177 4536 1381 4586 introd.
1556 4538 1653 4599 ing
1675 4540 1732 4585 at
1750 4534 2066 4599 Cambridge
2090 4537 2330 4598 1506-10,
2345 4534 2453 4585 and
2478 4534 2538 4582 in
2557 4535 2710 4585 Paris

373 4600 420 4645 6.
445 4598 816 4663 grammatica]
837 4600 938 4648 For
954 4601 1066 4649 this
1089 4600 1269 4651 school
1288 4601 1450 4650 Latin
1559 4616 1769 4664 1511-2,
1817 4602 2001 4651 where
2046 4601 2115 4651 he
2159 4616 2271 4650 was
2316 4601 2411 4650 the
2456 4600 2610 4662 pupil
2655 4602 2716 4650 of

303 4676 576 4725 grammar
596 4664 669 4726 by
694 4664 917 4713 Linacre
939 4681 1025 4714 see
1046 4666 1207 4715 DNB.
1265 4666 1319 4715 It
1341 4681 1454 4715 was
1556 4668 1813 4716 Erasmus
1842 4668 1949 4716 and
1979 4667 2255 4717 Aleander
2279 4666 2337 4729 (i.
2361 4682 2410 4729 p.
2439 4679 2513 4729 ¹9·
2534 4667 2567 4714 8
2597 4666 2710 4715 and

304 4728 563 4791 probably
585 4729 806 4792 printed
833 4744 892 4778 as
923 4734 1112 4780 Limen·
1142 4735 1451 4792 Pmyymnas-
1555 4734 1652 4795 ΕΡ.
1672 4734 1787 4794 356.
1822 4730 1927 4798 35),
1944 4733 2139 4796 taught
2162 4732 2336 4783 Greek
2368 4735 2423 4783 at
2442 4731 2704 4795 Louvain‚
