3355 5380
228 374 418 459 ¹489]
2593 388 2671 445 97

904 463 1061 527 ¹⁹20.
1152 462 1248 530 To
1286 461 1685 531 Gonnmus
1729 464 2046 530 GERARD.

315 598 454 655 Vita
476 596 713 655 Erasmi
742 620 800 673 p.
838 616 954 674 ¹57·
2249 606 2438 676 Steyn.

329 687 501 744 Lond.
528 688 688 745 xxxi.
722 706 787 759 3:
828 689 940 745 LB.
967 692 1109 763 App.
1138 706 1260 761 407.
2089 709 2148 764 15
2177 693 2309 764 May
2338 693 2515 766 <1489
2530 693 2598 766 ‘?)

396 865 713 916 BBASHVS
758 867 1266 919 Rom-:nonaum
1310 869 1655 918 CORNELIO
1701 869 2032 918 GAVDANO
2080 870 2535 927 VNDEOVNQVE

1219 972 1626 1020 Doonssuio
1671 974 1723 1022 Β.

342 1089 699 1153 Inornu‘ro
739 1092 904 1153 mihi
944 1097 1127 1172 atque
1167 1096 1413 1173 praeter
1448 1114 1625 1172 spem
1663 1094 1815 1170 (iam
1853 1094 2025 1154 enim
2059 1115 2317 1173 prorsus
2343 1097 2674 1173 exciderat)

261 1187 545 1250 redditus
572 1194 670 1251 est
696 1212 808 1270 per
834 1192 1168 1253 dominum
1196 1192 1515 1267 Ioannem,
1549 1195 1689 1253 tum
1717 1193 1815 1254 tui
1842 1194 1982 1252 tum
2010 1192 2204 1254 etiam
2231 1194 2357 1256 mei
2384 1195 2678 1256 amantis·

258 1287 514 1364 simum,
553 1289 810 1351 libellus
858 1293 1020 1368 tuus,
1068 1290 1319 1352 Corneli
1361 1290 1648 1351 omnium
1689 1290 1850 1350 mihi
1892 1290 2287 1366 charissime;
2336 1312 2523 1371 quem
2564 1290 2676 1352 vbi

256 1383 374 1445 abs
402 1387 467 1445 te
496 1386 636 1464 ipso
675 1392 967 1449 narrante
1001 1389 1341 1467 perfectum
1377 1408 1514 1449 esse
1551 1388 1907 1465 didiceram,
1939 1389 2089 1467 quid
2129 1409 2207 1449 ex
2233 1410 2305 1451 eo
2331 1389 2676 1469 voluptatis

254 1483 538 1560 ceperim
578 1483 749 1545 haud
790 1485 971 1547 facile
1011 1485 1181 1547 dictu
1223 1489 1393 1565 puto,
1430 1485 1654 1565 quippe
1697 1487 1805 1565 qui
1846 1506 1947 1546 me
1990 1488 2242 1547 tantum
2281 1487 2394 1548 abs
2436 1490 2497 1549 te
2538 1507 2676 1548 con·
2701 1506 2729 1557 5

258 1584 551 1642 secutum
606 1602 737 1644 esse
782 1583 1223 1662 intelligerem,
1282 1587 1585 1662 quantum
1642 1603 1724 1644 ne
1792 1604 2040 1662 sperare
2095 1586 2345 1664 quidem
2399 1605 2675 1665 vnquam

257 1681 459 1757 potui.
551 1681 920 1760 Quanquam
960 1704 1103 1743 cum
1139 1683 1487 1744 Mal-tinum
1520 1681 1696 1757 istuc,
1730 1685 1802 1743 vt
1837 1683 2175 1762 quidquam
2216 1686 2316 1745 vel
2351 1674 2689 1745 literarum‘

257 1779 363 1839 vel
392 1778 747 1840 carminum
773 1785 1031 1842 tuorum
1058 1782 1136 1843 ad
1174 1802 1289 1843 nos
1327 1782 1600 1857 referret,
1634 1781 1966 1859 mitterem,
1999 1782 2202 1844 aiebat
2243 1803 2358 1845 nos
2395 1782 2675 1845 reuisens

259 1878 328 1938 id
367 1878 490 1939 tibi
529 1877 741 1940 animo
782 1880 998 1941 sedere
1038 1881 1403 1958 sententiae,
1449 1883 1521 1941 vt
1561 1880 1811 1942 iuberes
1850 1901 1966 1942 nos
2004 1882 2243 1960 priores
2285 1883 2561 1962 glaciem,
2601 1885 2672 1945 vt

254 1976 461 2051 aiunt,
500 1977 801 2054 scindere,
844 1978 1066 2040 deinde
1107 1982 1172 2040 te
1212 1978 1681 2058 quamprimum
1721 1979 2216 2041 vicissitudinem
2259 1980 2666 2041 redditurum.
2705 2005 2763 2044 10

258 2074 348 2134 Et
374 2076 502 2134 iam
541 2079 707 2135 certe
744 2077 954 2138 nescio
983 2077 1132 2155 quid
1172 2077 1373 2156 operis
1409 2079 1478 2138 in
1517 2077 1814 2138 manibus
1852 2077 1968 2138 tibi
1996 2098 2128 2139 esse
2165 2078 2474 2156 narrabat,
2505 2079 2670 2157 quod

260 2175 482 2233 nostro
511 2172 794 2235 dedicare
820 2176 1067 2236 nomini
1098 2178 1420 2237 statueras.
1511 2175 1820 2237 Parabam
1855 2176 2063 2255 itaque
2100 2197 2213 2255 ego
2249 2177 2494 2255 primus
2521 2178 2674 2254 (non

251 2270 429 2348 quod
452 2274 753 2352 tanquam
780 2274 1037 2336 caeteris
1063 2278 1174 2336 aut
1200 2274 1400 2336 literis
1427 2275 1528 2335 vel
1556 2277 1758 2335 aetate
1783 2276 2207 2353 praestantior,
2240 2276 2348 2336 sed
2376 2278 2675 2356 tanquam

257 2370 356 2429 tui
385 2370 677 2430 omnium
706 2372 1199 2451 amantissimus)
1226 2373 1291 2433 id
1319 2373 1627 2446 carminis,
1662 2373 1825 2452 quod
1866 2373 2028 2434 istuc
2064 2373 2319 2435 tandem
2347 2375 2673 2436 aduolasse

254 2466 500 2529 scribis.
589 2468 788 2530 Porro
843 2490 954 2530 cur
999 2466 1129 2532 non
1185 2471 1491 2531 maturius
1546 2471 1624 2531 ad
1684 2473 1745 2530 te
1793 2471 2166 2548 peruenerit,
2216 2472 2371 2533 satis
2419 2473 2673 2535 emirari
2703 2494 2761 2545 ¹5

258 2584 517 2643 nequeo.
605 2566 810 2628 Tanta
848 2568 1019 2629 enim
1060 2568 1471 2644 solicitudine,
1513 2571 1692 2629 tanta
1726 2568 2127 2630 vehementia
2154 2569 2250 2630 illi
2286 2570 2667 2646 mandaram,

257 2667 331 2725 vt
371 2663 428 2725 si
470 2685 595 2744 qua
634 2665 703 2727 in
745 2687 814 2728 re
851 2687 1131 2746 vnquam
1171 2667 1334 2728 mihi
1374 2667 1523 2746 quid
1565 2666 2027 2747 gratificaturus
2067 2658 2349 2743 esset‚'in
2384 2668 2501 2734 hac
2528 2689 2672 2742 vna,

252 2783 449 2840 quam
489 2765 774 2826 omnium
811 2785 1015 2827 essem
1052 2767 1329 2828 facturus
1370 2765 1647 2841 maximi,
1695 2765 1856 2826 mihi
1896 2765 2115 2826 sedulo
2155 2785 2397 2826 morem
2433 2771 2673 2845 gereret

261 2862 451 2938 idque
475 2863 555 2923 ad
586 2866 649 2923 te
674 2864 943 2941 perferre
971 2868 1326 2938 maturaret,
1361 2868 1433 2926 vt
1459 2865 1697 2925 maiore
1726 2864 2139 2942 nequiuerim.

344 2960 474 3021 Nec
500 2981 653 3022 sane
680 2962 745 3023 id
787 2982 889 3024 me
916 2966 1025 3024 aut
1062 2963 1271 3024 inanis
1307 2964 1694 3042 arrogantiae
1722 2963 1922 3041 gratia
1948 2964 2058 3022 aut
2093 2961 2369 3022 inuidiae
2395 2963 2672 3025 stimulis
2701 2987 2763 3024 20

256 3058 464 3137 egisse
490 3061 819 3138 suspiceris
845 3061 1039 3122 velim
1068 3062 1293 3140 (neque
1322 3062 1494 3122 enim
1521 3060 1687 3123 tanti
1714 3060 1975 3121 aestimo
2011 3079 2151 3121 mea
2185 3063 2488 3138 poemata,
2520 3081 2674 3139 quae

259 3157 529 3234 gloriam
576 3158 739 3218 mihi
776 3163 1153 3237 comparent,
1198 3159 1307 3221 sed
1348 3161 1710 3238 pudorem);
1770 3159 1933 3237 quod
1977 3158 2179 3237 magis
2222 3159 2302 3220 ob
2347 3158 2413 3219 id
2458 3177 2674 3235 causae

258 3260 473 3317 actum
518 3255 873 3318 indubitato
914 3255 1045 3334 tibi,
1080 3259 1245 3336 quod
1277 3258 1492 3337 vtique
1533 3258 1814 3319 facturus
1854 3278 1937 3332 es,
1980 3256 2371 3336 persuadeas,
2403 3260 2475 3318 vt
2515 3256 2673 3317 meis

261 3354 519 3434 ineptiis
558 3354 795 3433 aliquid
839 3358 1092 3417 tuorum
1134 3357 1425 3418 elicerem
1475 3356 1842 3432 carminum,
1891 3375 2024 3416 non
2068 3355 2254 3417 aliter
2301 3375 2489 3435 quam
2536 3355 2673 3416 Pan

258 3453 491 3530 agresti
534 3455 771 3515 calamo
814 3456 1117 3516 citharam
1158 3455 1500 3516 suscitabat
1540 3454 1874 3532 Apollinis.
1965 3454 2178 3533 Neque
2219 3455 2390 3515 enim
2437 3454 2561 3517 alia
2608 3458 2672 3515 te
2702 3480 2761 3530 ²5

260 3553 397 3630 lege
423 3554 810 3630 scripturum
846 3574 981 3614 esse
1008 3555 1336 3615 asserebat.
1425 3554 1547 3616 Sed
1575 3554 1702 3629 ille,
1733 3554 1804 3614 vt
1839 3572 1916 3612 ex
1945 3553 2074 3614 tuis
2099 3553 2330 3631 accipio
2358 3553 2574 3630 literis,
2608 3557 2672 3614 et

254 3671 400 3711 meo
437 3672 545 3713 me
586 3656 735 3712 voto
776 3655 843 3713 et
885 3655 993 3713 tuo
1033 3658 1099 3713 te
1139 3653 1436 3714 fraudans
1478 3651 1784 3712 desiderio
1819 3670 2012 3730 penes
2053 3671 2120 3711 se
2156 3650 2432 3712 seruauit
2468 3670 2673 3711 recon-

262 3749 484 3826 ditum,
522 3749 1065 3831 dissimulauitque
1107 3750 1185 3812 ad
1226 3753 1290 3810 te
1329 3750 1640 3828 perferre;
1681 3752 2006 3828 propterea
2046 3749 2219 3826 forte,
2265 3770 2387 3828 quo
2427 3747 2673 3808 facilius

256 3848 689 3910 dissimularet
738 3849 1135 3926 imperitiam.
1218 3849 1411 3912 Cuius
1453 3849 1706 3927 quidem
1748 3847 2042 3927 ambages
2084 3847 2140 3908 si
2181 3868 2294 3927 ego
2348 3847 2671 3908 resciscere

261 3948 622 4024 potuissem,
682 3949 950 4008 alterum
996 3948 1350 4009 mehercule
1410 3968 1444 4007 e
1502 3947 1744 4007 duobus
1799 3946 1902 4008 vel
1957 3946 2353 4025 improbitate
2394 3965 2536 4007 mea
2578 3965 2673 4005 ex·
2699 3972 2763 4022 30

256 4048 593 4121 torsissem,
646 4050 719 4106 vt
774 4049 883 4107 aut
930 4046 1052 4107 tibi
1093 4047 1455 4107 tradidisset
1502 4048 1610 4105 aut
1654 4048 1820 4105 certe
1867 4045 2046 4105 alteri
2095 4045 2351 4106 cuilibet
2394 4044 2674 4105 commit-

258 4144 521 4205 tendum
590 4143 980 4206 reddidisset.
1094 4145 1215 4206 Sed
1287 4145 1397 4205 ille
1465 4144 1727 4204 technas
1793 4163 1939 4204 suas
2007 4142 2168 4203 mira
2235 4143 2673 4203 dissimulabat

260 4242 580 4304 industria.
671 4241 841 4302 Nam
889 4262 1031 4303 cum
1069 4263 1145 4303 ex
1184 4263 1257 4304 eo
1292 4242 1479 4303 istinc
1517 4243 1814 4303 redeunte
1860 4242 2009 4320 quid
2052 4243 2262 4301 tecum
2304 4244 2414 4301 aut
2457 4241 2566 4301 abs
2606 4244 2673 4301 te

252 4346 458 4403 actum
486 4344 672 4417 esset,
704 4341 960 4402 solliciti
989 4341 1457 4417 sciscitaremur,
1481 4339 1589 4400 ille
1615 4343 1902 4418 argutam
1930 4339 2113 4400 nobis
2142 4343 2204 4400 et
2233 4339 2391 4401 bene
2419 4339 2671 4417 longam
2747 4378 2749 4382 ν

317 4541 390 4587 22,
414 4540 463 4587 3.
506 4525 657 4589 quod
685 4558 700 4572 .
732 4560 745 4573 .
776 4559 789 4573 .
814 4523 956 4586 quod
978 4528 1154 4574 correxi
1175 4542 1186 4573 :
1221 4524 1355 4587 quid
1380 4561 1391 4572 .
1419 4561 1433 4575 .
1459 4560 1472 4573 .
1501 4523 1634 4587 quid
1661 4522 1732 4573 0¹.
1967 4539 2046 4586 29.
2086 4523 2440 4573 desimularet
2464 4521 2534 4574 0¹.

519 4713 572 4748 a.
612 4693 913 4759 Ioannem]
938 4694 1017 4746 Of.
1041 4696 1175 4759 Epp.
1201 4711 1280 4745 21.
1302 4697 1367 4745 28
1388 4695 1498 4746 and
1523 4710 1602 4759 23.
1638 4710 1766 4759 1093
1800 4694 1911 4744 and
1933 4693 2169 4758 perhaps
2196 4709 2239 4743 x.
2271 4707 2330 4754 13
2349 4709 2406 4745 n.
