3355 5380
312 383 480 470 1494]
582 387 816 449 FROM
856 387 1256 448 WILLIAM
1299 386 1673 448 HERMAN
1716 387 1823 447 ΤΟ
1865 385 2138 448 JAMES
2181 387 2407 449 BAT'I'
2580 392 2692 448 133

381 543 540 620 Quid
578 565 725 606 vero
765 545 894 605 iam
937 563 1419 606 commemorem
1453 564 1574 621 eos,
1618 544 1728 623 qui
1769 544 1906 605 sine
1945 548 2228 623 respectu
2274 548 2340 606 et
2383 546 2696 607 commodi

307 646 366 704 et
399 642 648 705 honesti
689 663 825 704 sese
868 642 1122 720 penitus
1164 642 1527 704 immersere
1573 641 1889 704 belluinae
1929 641 2287 721 voluptati?
2369 642 2696 704 Eiusmodi

307 741 586 804 homines
611 741 691 819 (si
716 745 934 802 tamen
962 740 1253 801 homines
1279 743 1344 801 et
1374 760 1500 801 non
1529 741 1748 819 magiS,
1780 744 1854 801 vt
1880 742 2098 818 poetae
2124 744 2375 816 canunt,
2408 741 2695 819 pecudes)

305 844 596 919 tanquam
622 839 680 900 si
706 839 786 900 ad
819 838 1041 901 ludum
1078 843 1140 900 et
1178 838 1388 900 iocum
1428 859 1782 915 nascamur,
1815 838 1985 899 diem
2021 858 2276 901 omnem
2315 845 2693 902 consumunt
2715 859 2779 911 55

306 939 481 1018 nugis
518 937 880 1015 gaudentes,
926 936 1168 998 choreis
1211 936 1632 1011 obuersantes,
1674 937 1845 998 inter
1885 937 2056 998 fusos
2095 940 2159 999 et
2199 938 2481 1000 calathos
2519 959 2695 1002 more

305 1035 702 1114 Sardanapali
740 1055 934 1113 pensa
971 1035 1235 1097 subinde
1273 1034 1570 1097 uentibus
1609 1033 2019 1113 porrigentes,
2058 1034 2180 1113 ipsi
2222 1056 2469 1117 quoque
2511 1038 2700 1099 inter·

305 1135 448 1195 dum
501 1154 629 1194 vna
683 1152 827 1193 cum
895 1133 1123 1210 puellis
1176 1137 1416 1195 nentes.
1523 1133 1755 1194 Cernes
1808 1152 1913 1194 eos
1979 1133 2331 1211 pallescere,
2393 1137 2697 1198 macerari

303 1232 631 1303 amoribus,
697 1235 994 1292 truncum
1047 1231 1235 1311 (quod
1304 1231 1431 1292 dici
1494 1231 1680 1308 solet)
1739 1231 2006 1307 trahere,
2072 1251 2202 1293 non
2265 1233 2451 1294 aliter
2511 1238 2698 1313 atque

304 1330 603 1393 Hercules
648 1330 951 1391 inseruire
999 1329 1144 1408 (qua
1189 1329 1285 1391 nil
1330 1329 1774 1409 importunius,
1826 1329 1920 1391 nil
1969 1330 2394 1409 imperiosius)
2438 1332 2691 1408 amicae,
2718 1336 2789 1390 60

303 1430 590 1492 noctibus
631 1448 873 1508 quoque
912 1427 1137 1506 plateis
1176 1427 1521 1506 peruagari,
1565 1427 1787 1498 sterni,
1832 1427 1982 1488 flere
2020 1428 2099 1488 ad
2142 1426 2341 1489 limen
2381 1429 2700 1492 mendacis

302 1533 483 1608 atque
509 1525 920 1590 inexorabilis
944 1526 1205 1605 puellae.
1278 1528 1509 1588 Cernes
1536 1544 1641 1588 eos
1662 1545 2120 1603 nonnunquam
2150 1526 2378 1588 oblitos
2409 1547 2700 1591 amorum

303 1626 580 1687 vicissim
619 1627 831 1686 noctes
858 1627 923 1686 et
949 1625 1079 1686 dies
1106 1644 1326 1687 vacare
1365 1622 1952 1703 compotationibus,
1983 1623 2268 1687 obsidere
2295 1626 2366 1687 in
2402 1626 2695 1705 tabernis,

302 1724 452 1785 adeo
499 1725 572 1784 vt
621 1742 945 1802 nunquam
992 1723 1179 1802 (quod
1236 1723 1310 1784 de
1366 1722 1742 1801 quibusdam
1784 1721 1972 1783 Plato
2026 1722 2138 1801 ait)
2185 1724 2445 1786 videant
2499 1726 2700 1788 solem

303 1842 499 1901 neque
566 1822 872 1883 orientem
929 1842 1128 1900 neque
1196 1820 1598 1883 occidentem.
1722 1820 1863 1882 Hoc
1918 1820 2087 1882 vitae
2153 1841 2382 1900 genere
2438 1824 2700 1903 ingenui
2721 1827 2788 1895 ⁶5

304 1919 611 1999 (quodque
652 1919 995 1998 indignius)
1031 1918 1342 1997 ingeniosi
1384 1918 1804 1980 adolescentes
1842 1922 1907 1979 et
1946 1918 2110 1980 aeris
2149 1922 2213 1981 et
2254 1923 2544 2001 corporis,
2584 1943 2701 1985 nec

308 2039 430 2080 non
479 2018 683 2079 animi
731 2038 992 2097 quoque,
1042 2018 1283 2079 faciunt
1338 2016 1662 2078 iacturam.
1756 2017 2034 2092 Quotum
2083 2038 2393 2098 quemque
2445 2021 2701 2083 tandem

306 2116 592 2178 inuenire
619 2119 718 2177 est
744 2116 853 2194 qui
880 2116 1173 2177 liberales
1200 2117 1370 2177 amet
1404 2113 1771 2193 disciplinas
1787 2117 1819 2175 ⁴?
1860 2114 1971 2193 qui
2009 2116 2282 2194 optimas
2318 2120 2484 2182 arms
2521 2123 2703 2199 putet

306 2215 402 2276 vel
429 2214 658 2293 exigua
685 2234 868 2292 opera
897 2234 1025 2274 non
1053 2213 1396 2292 indignas?
1456 2211 1597 2286 vix,
1630 2215 1703 2274 vt
1739 2212 1977 2291 opinor,
2011 2212 2441 2276 millesimum.
2528 2219 2704 2278 Atta-

308 2333 445 2375 men
473 2312 614 2374 siue
640 2311 885 2373 vtilitas
925 2312 1177 2389 petitur,
1208 2311 1352 2372 illae
1389 2314 1542 2373 sunt
1566 2311 1981 2385 vtilissimae;
2027 2312 2281 2390 pariunt
2322 2314 2511 2390 enim,
2542 2335 2704 2393 quae
2729 2332 2796 2386 70

304 2430 484 2473 verae
511 2410 774 2472 diuitiae
800 2413 968 2486 sunt,
998 2409 1345 2487 sapientiae
1378 2410 1749 2471 satietatem.
1835 2410 1983 2471 Siue
2024 2410 2283 2487 gloriam
2322 2411 2464 2489 quis
2499 2414 2700 2488 malit,

312 2509 453 2571 illae
502 2509 800 2570 adferunt
846 2508 1072 2586 quouis
1120 2508 1442 2585 triumpho
1491 2507 1799 2586 potiorem
1845 2505 2080 2586 gloriae
2124 2508 2705 2586 immortalitatem;

306 2608 594 2688 voluptas
621 2627 866 2687 quoque
894 2626 1207 2685 nusquam
1244 2605 1447 2667 maior
1484 2608 1620 2681 est;
1662 2625 1786 2684 quo
1813 2605 1958 2683 plus
1993 2603 2296 2681 hauseris,
2330 2605 2478 2684 plus
2506 2606 2700 2670 sities.

306 2707 640 2771 Caeterum
676 2706 1030 2785 corporales
1054 2707 1411 2784 voluptates
1447 2704 1735 2766 comitari
1768 2703 1928 2765 solet
1962 2703 2308 2778 fastidium,
2351 2704 2708 2786 habentque

308 2807 479 2871 facile
538 2805 685 2886 plus
738 2809 878 2867 tum
933 2824 1131 2866 noxae
1185 2808 1327 2864 tum
1378 2803 1803 2881 poenitentiae
1855 2822 2045 2881 quam
2095 2803 2197 2863 vel
2251 2802 2553 2866 vtilitatis
2605 2806 2708 2867 vel
2733 2819 2797 2873 75

306 2906 655 2968 suauitatis.
742 2903 1009 2965 Interim
1040 2905 1359 2982 praetereo
1392 2920 1505 2979 per
1528 2900 1820 2962 liberales
1855 2903 2021 2961 artes
2054 2899 2141 2959 ali
2166 2900 2488 2974 virtutem,
2521 2900 2710 2964 hono·

308 3024 446 3067 rum
473 3024 649 3079 vero,
682 3023 892 3082 opum,
923 3001 1323 3079 voluptatum
1349 2997 1682 3060 libidinem
1708 3018 1889 3077 saepe
1917 3018 2290 3078 magnorum
2327 2997 2708 3076 flagitiorum

309 3123 435 3165 esse
460 3104 783 3166 comitem.
870 3101 1199 3177 Sapientes
1238 3097 1424 3175 plane
1451 3096 1740 3172 Romani,
1773 3097 1881 3174 qui
1922 3116 2067 3158 cum
2106 3115 2219 3174 pro
2245 3094 2512 3175 imperii,
2544 3097 2708 3175 quod

309 3203 620 3277 tenebant,
693 3199 1129 3278 magnitudine
1198 3196 1407 3257 forent
1474 3194 1976 3273 negotiosissimi,
2051 3194 2288 3255 mirum
2355 3198 2572 3256 tamen
2641 3195 2711 3257 in

308 3301 571 3363 modum
620 3297 850 3360 studiis
893 3295 1231 3357 incubuere
1274 3294 1645 3368 litterarum,
1693 3292 1905 3372 vtique
1955 3292 2380 3371 intelligentes
2423 3311 2559 3354 esse
2606 3313 2711 3356 eas
2735 3301 2802 3351 80

307 3402 365 3458 et
392 3399 773 3460 ornamento
800 3396 868 3456 in
894 3395 1081 3456 rebus
1106 3392 1397 3455 secundis
1423 3394 1485 3452 et
1514 3392 1584 3451 in
1610 3391 1891 3452 aduersis
1915 3391 2242 3470 praesidio.

383 3497 507 3558 Sed
545 3496 694 3573 quid
721 3497 1043 3571 tantopere
1072 3510 1299 3571 queror
1325 3490 1537 3551 deesse
1569 3488 1687 3549 hac
1724 3492 2092 3569 tempestate
2129 3490 2240 3568 qui
2276 3489 2539 3563 discant,
2567 3511 2713 3555 cum

310 3595 510 3673 magis
571 3592 992 3674 quaerendum
1046 3589 1335 3651 videatur
1381 3588 1491 3667 qui
1536 3587 1799 3649 doceant
1814 3590 1847 3648 *Ρ
1942 3587 2107 3649 Ludi
2160 3607 2385 3649 omnes
2438 3589 2536 3650 nil
2590 3590 2714 3652 nisi

308 3711 557 3755 meram
608 3695 863 3770 crepant
914 3689 1288 3764 barbariem,
1355 3705 1669 3765 nusquam
1724 3685 2088 3746 lectitantur
2140 3688 2422 3747 auctores
2476 3686 2710 3763 Latini,

309 3789 564 3853 vlulant
614 3789 685 3850 in
736 3788 967 3850 scholis
1014 3788 1263 3867 Papias,
1325 3784 1650 3863 Huguitio,
1702 3783 2041 3859 Ebrardus,
2094 3783 2479 3860 catholicon,
2528 3787 2715 3849 Grae·
2738 3791 2804 3852 85

307 3887 483 3964 cista,
511 3887 960 3967 Graxiloquus,
990 3886 1224 3965 quibus
1250 3904 1395 3945 cum
1431 3882 1599 3944 nihil
1634 3880 1722 3943 sit
1753 3881 2163 3959 arrogantius,
2194 3881 2360 3943 inter
2394 3903 2462 3945 se
2500 3887 2715 3946 tamen

308 3989 701 4049 contendunt
743 3985 821 4046 de
860 3984 1073 4064 palma
1112 3981 1519 4062 ignorantiae,
1562 3978 1778 4042 omnia
1817 3978 2225 4057 praecipiunt,
2260 3980 2421 4040 nihil
2461 3986 2710 4044 norunt.

312 4083 401 4147 Hi
428 4084 847 4148 barbarorum
876 4084 1061 4145 duces
1097 4082 1383 4161 linguam
1409 4081 1760 4142 Romanam
1787 4077 2074 4139 funditus
2102 4081 2394 4141 euertere.
2480 4081 2586 4143 Ab
2613 4082 2717 4143 his

310 4183 718 4260 potissimum
761 4184 936 4243 ortus
976 4184 1073 4243 est
1120 4177 1498 4241 miserabilis
1535 4176 1646 4238 ille
1687 4175 2045 4237 litterarum
2086 4196 2350 4253 occasus,
2396 4178 2573 4258 digni
2613 4200 2719 4242 me

408 4294 487 4343 52.
526 4295 621 4329 eos
643 4283 816 4339 scripsi
838 4296 850 4327 ε
882 4293 997 4327 esse
1017 4281 1112 4327 LB.
1347 4289 1426 4338 55.
1462 4275 1819 4324 Pnascantur.
2050 4273 2134 4334 83.
2172 4272 2509 4335 querendum
2531 4278 2626 4326 LB.

314 4378 406 4427 the
427 4381 639 4429 former
660 4394 730 4427 on
759 4393 821 4440 13
842 4379 955 4428 Oct.
986 4392 1125 4439 1492.
1183 4376 1283 4427 See
1305 4375 1468 4423 Wen·
1567 4387 1691 4422 rum
1715 4372 2025 4422 calamitate
2042 4371 2442 4422 lamentantem
2461 4372 2718 4423 inducit.r

316 4444 612 4509 zelburger,
649 4448 802 4494 Gesch.
838 4448 883 4493 d.
922 4446 1122 4493 Nioderl.
1161 4443 1197 4491 i.
1228 4442 1330 4503 386
1361 4455 1469 4502 seq.
1631 4440 1714 4488 86.
1737 4438 2123 4503 Graxiloquus]
2139 4437 2314 4487 Perha
2391 4452 2622 4487 anerror
2635 4441 2719 4488 for

318 4507 613 4560 Herman'a
633 4510 746 4560 Ode
768 4525 818 4571 3,
844 4507 1065 4573 printed
1096 4507 1208 4558 also
1228 4507 1302 4569 by
1324 4507 1471 4569 Snoy
1569 4504 1942 4566 Breuiloquus.
2013 4504 2065 4553 Α
2110 4503 2277 4553 vocab
2337 4517 2436 4566 ary
2477 4503 2716 4554 entitled

319 4572 405 4637 (ci.
440 4576 540 4639 Ep.
580 4591 652 4637 ¹9·
691 4576 725 4623 6
759 4577 861 4638 n.),
898 4573 1278 4624 ‘Hollandiam
1309 4571 1467 4634 bello,
1567 4575 1581 4603 ‘
1603 4569 1952 4633 Braxilogus'
1979 4570 2050 4632 by
2065 4568 2214 4618 John
2236 4569 2304 4618 de
2325 4568 2472 4618 Mera
2494 4583 2721 4631 appears

320 4642 567 4703 penuria,
627 4642 831 4700 morbo,
882 4638 1210 4689 factionibus
1260 4637 1475 4687 iamdiu
1573 4637 1633 4685 in
1661 4650 1693 4684 a
1723 4635 1817 4684 list
1849 4633 1911 4684 of
1937 4633 2080 4696 MSS,
2117 4636 2278 4697 given
2309 4636 2366 4683 to
2397 4634 2495 4683 the
2527 4634 2719 4697 Abbey

322 4711 571 4758 vexatam
601 4708 701 4756 sub
724 4707 968 4770 parentis
997 4719 1226 4768 persona
1258 4704 1326 4753 de
1355 4718 1476 4753 suo-
1573 4702 1635 4752 of
1652 4702 1892 4765 Campen
1916 4701 1976 4750 in
2005 4714 2146 4764 1499.
2173 4700 2395 4750 AHVN.
2419 4714 2506 4751 xx.
2530 4714 2642 4762 373.
