3355 5380
299 399 363 453 ¹4
408 400 438 451 4
2560 380 2675 436 135

370 374 531 549 9136.
625 483 827 549 Fson
875 483 1215 547 WILLIAM
1263 481 1581 546 Hamus
1627 497 1715 547 'ro
1758 480 2154 547 Connmns
2200 482 2514 574 Gasani).

353 648 455 703 LB.
478 648 627 718 App.
652 662 775 714 420.
2186 600 2605 765 (ιξξζῖἷιῖὶῗφ)

776 810 912 876 [Not
935 810 1065 875 long
1090 812 1231 861 after
1254 812 1350 875 Ep.
1377 827 1443 873 34
1466 811 1689 860 because
1712 811 1772 860 of
1788 810 2176 875 Thucydides]

735 942 1164 993 ewLmLuvs
1206 932 1572 992 oovnAst
1616 942 1958 991 cosmum
2003 942 2127 991 svo
2172 942 2224 990 s,

362 1065 532 1126 Gnso
584 1083 829 1124 morem
881 1066 1028 1124 tuae
1080 1063 1411 1140 voluntati,
1458 1064 1644 1124 mitto
1698 1062 2147 1141 Thucydidem,
2193 1064 2680 1143 Trapezuntium

282 1163 451 1222 breui
490 1162 838 1236 missurus;
885 1162 1124 1222 veritus
1164 1182 1305 1223 sum
1346 1182 1428 1222 ne
1467 1161 1720 1240 grauior
1755 1160 1997 1221 sarcina
2037 1160 2213 1221 oneri
2255 1164 2418 1223 esset
2457 1162 2676 1224 laturo.

282 1260 534 1335 Lectito,
580 1259 672 1320 mi
717 1258 980 1334 Corneli,
1025 1262 1134 1319 tua
1183 1261 1504 1335 carmina;
1545 1260 1758 1335 miror,
1806 1259 1873 1319 id
1917 1258 2083 1337 quod
2125 1278 2382 1339 semper,
2427 1261 2682 1323 feruens

279 1359 616 1436 ingenium.
692 1358 813 1419 Sed
855 1357 1152 1420 ridiculus
1180 1358 1289 1437 qui
1327 1378 1428 1419 me
1452 1357 1729 1419 volueris
1768 1376 1902 1418 esse
1943 1377 2259 1419 censorem
2284 1362 2349 1419 et
2375 1362 2680 1438 tanquam

278 1456 753 1529 Aristarchum3
812 1475 1168 1535 quanquam
1210 1456 1329 1517 hoc
1382 1460 1596 1518 tamen
1648 1456 1873 1531 dicam,
1925 1456 2135 1517 videre
2191 1475 2293 1517 me
2348 1458 2470 1519 tibi
2525 1480 2680 1538 opus
2706 1472 2735 1523 5

276 1576 406 1618 esse
431 1556 611 1616 freno
637 1577 653 1630 3
693 1555 750 1617 si
776 1574 904 1615 non
930 1557 1064 1616 tam
1091 1555 1333 1633 copiam
1361 1558 1663 1616 sectatore
1699 1574 1891 1633 quam
1916 1554 2309 1632 elegantiam,
2340 1574 2466 1616 non
2493 1558 2681 1619 modo

277 1673 539 1728 mecum,
574 1674 762 1731 quem
802 1652 981 1714 facile
1022 1653 1208 1714 etiam
1249 1653 1516 1732 supinus
1555 1655 1620 1713 et
1661 1655 1930 1714 stertens
1969 1652 2187 1728 vincis,
2224 1655 2678 1715 verumetiam

278 1772 417 1813 cum
485 1752 751 1813 Erasmo
819 1771 1012 1830 aequo
1070 1751 1268 1813 Marte
1324 1751 1745 1812 contenderes.
1862 1751 2171 1827 studebis,
2246 1753 2339 1813 mi
2407 1752 2675 1828 Corneli,

276 1850 553 1929 puritati,
584 1850 641 1911 si
681 1869 782 1910 me
821 1849 1096 1924 amabis;
1138 1869 1250 1928 ego
1290 1853 1599 1928 quantum
1638 1849 1760 1910 tibi
1798 1850 2092 1925 tribuam,
2126 1870 2315 1928 quam
2355 1853 2417 1912 te
2461 1851 2680 1913 sedulo

278 1948 728 2024 commendem,
756 1947 924 2009 malo
953 1967 1281 2025 cognoscas
1307 1967 1383 2009 ex
1409 1948 1566 2009 aliis.
2711 1957 2773 1995 ¹0

358 2047 535 2122 Quod
577 2066 682 2107 me
722 2046 995 2107 consulis
1041 2046 1159 2107 tibi
1201 2046 1348 2125 quid
1389 2046 1553 2108 facto
1593 2065 1749 2125 opus
1789 2066 1921 2107 esse
1960 2048 2194 2124 putem,
2241 2048 2530 2126 equidem
2572 2050 2676 2125 (ne

281 2143 459 2205 dubie
500 2143 743 2223 loquar)
775 2145 1033 2204 omnino
1072 2144 1427 2205 faciendum
1468 2163 1690 2206 censeo
1730 2147 1803 2205 vt
1842 2144 2029 2204 istam
2072 2145 2474 2223 occasionem,
2521 2167 2679 2226 quae

281 2244 473 2305 nescis
520 2263 602 2303 an
651 2242 930 2303 reditura
977 2243 1076 2317 sit,
1122 2243 1565 2321 apprehendas.
1680 2242 1991 2304 Praeterit
2038 2262 2561 2324 vnumquemque,
2607 2249 2680 2307 vt

280 2340 482 2417 fertur,
515 2341 712 2403 semel
751 2341 821 2402 in
862 2342 997 2402 vita
1037 2343 1308 2417 occasio;
1349 2340 1459 2420 qui
1488 2342 1849 2403 venientem
1889 2342 2317 2421 apprehendit,
2349 2342 2578 2420 habet;
2621 2345 2678 2406 si

279 2438 431 2502 sinis
453 2441 812 2519 praeterire,
842 2439 1075 2501 frustra
1105 2440 1395 2518 sequeris.
1482 2438 1650 2499 Nam
2709 2456 2769 2508 ¹5

702 2563 932 2624 Fronte
971 2563 1261 2641 capillata
1299 2565 1411 2638 est,
1455 2565 1600 2641 post
1639 2565 1737 2624 est
1776 2562 2014 2624 occasio
2055 2563 2245 2625 calua.

278 2684 485 2748 Habes
543 2707 755 2750 meam
813 2687 1213 2748 sententiam.
1324 2685 1699 2748 Incredibile
1756 2689 1853 2748 est
1909 2690 2221 2765 quantum
2280 2708 2385 2748 me
2445 2688 2681 2766 ceperit

276 2782 648 2847 desiderium
698 2805 810 2847 vos
856 2786 997 2848 istic
1041 2785 1301 2848 visendi.
1388 2785 1715 2861 Thomam‚
1764 2784 2004 2847 bellum
2065 2784 2392 2846 hominem
2446 2789 2512 2847 et
2559 2787 2679 2848 tibi

275 2884 742 2961 amicissimum,
777 2884 935 2945 bene
962 2883 1165 2945 valere
1193 2885 1388 2961 cupio.
1477 2883 1651 2947 Vale.

929 3174 1035 3238 37.
1128 3170 1223 3236 Το
1267 3170 1661 3237 Comminus
1708 3169 2018 3236 GERARD.

2149 3258 2550 3334 <Ramex-en.)

2102 3344 2135 3418 <
2144 3345 2353 3419 spring
2383 3361 2516 3419 1494
2536 3349 2605 3423 ’9)

542 3466 680 3532 [The
701 3465 826 3515 date
848 3467 898 3515 is
918 3465 1061 3515 fixed
1082 3467 1155 3529 by
1176 3466 1448 3515 reference
1472 3469 1530 3516 to
1552 3465 1650 3515 the
1673 3470 1986 3516 Antibarbari
2007 3483 2020 3528 ;
2054 3468 2121 3518 cf.
2145 3470 2287 3532 App.
2311 3469 2390 3535 5.]

517 3597 832 3646 EBASMVS
877 3597 1218 3645 CORNELIO
1263 3598 1589 3647 GOVDANO
1634 3598 1801 3646 VIRO
1849 3599 2339 3650 EBVDITISSIMO
2387 3603 2438 3649 Β.

348 3302 455 3359 LB.
478 3304 628 3374 App.
655 3315 778 3373 415.

359 3722 644 3795 Gnoso,
698 3719 957 3798 coepisti
1003 3719 1257 3780 tandem
1305 3721 1717 3781 amiculorum
1766 3720 2151 3783 meminisse.
2239 3722 2404 3799 Quid
2453 3726 2623 3785 enim
2644 3728 2678 3787 ⁸?

283 3818 445 3880 Dum
485 3819 581 3882 nil
624 3818 750 3878 nisi
791 3837 971 3896 agros
1008 3818 1460 3896 pecuniamque
1502 3837 1796 3896 crepares,
1840 3819 2021 3880 nobis
2063 3820 2280 3882 nullus
2314 3825 2447 3883 erat
2487 3823 2674 3886 locus.

283 3917 440 3992 Quid
494 3916 689 3994 igitur
744 3915 1144 3994 potissimum
1206 3915 1358 3976 mali
1417 3915 1725 3994 imprecer
1776 3916 1878 3977 his
1933 3917 2045 3995 qui
2099 3922 2163 3978 te
2218 3926 2679 3996 procuratorem

282 4015 559 4076 fecerunt
574 4017 608 4075 ‘2
675 4033 900 4091 nempe
954 4017 1027 4075 vt
1088 4014 1211 4092 ipsi
1267 4017 1697 4092 procuratores
1750 4014 1921 4076 fiant
2037 4015 2221 4076 Nunc
2276 4020 2365 4093 tu,
2429 4020 2679 4082 Corneli

280 4113 666 4188 suauissime,
711 4132 855 4173 cum
901 4112 1077 4189 quasi
1118 4131 1196 4171 ex
1235 4111 1444 4172 medio
1482 4111 1642 4173 freto
1690 4112 1760 4172 in
1801 4115 2053 4190 portum
2092 4114 2225 4175 siue
2266 4118 2332 4176 te
2372 4119 2673 4197 recepisti,
2705 4139 2734 4189 5

279 4211 407 4273 siue
434 4214 625 4272 vento
652 4210 862 4287 aliquo
889 4210 1201 4270 coniectus
1234 4229 1316 4284 es,
1347 4210 1712 4270 intermissa
1736 4210 1944 4272 studia
1978 4211 2166 4272 alacri
2200 4214 2413 4276 animo
2450 4220 2670 4295 repete.

341 4410 414 4458 36.
436 4423 480 4459 1.
516 4407 968 4472 mpezuntium]
995 4409 1200 4471 George
1224 4407 1283 4456 of
1298 4407 1421 4456 Tre-
1522 4407 1620 4459 See
1643 4407 1904 4471 Legrand,
1933 4412 2041 4472 xve,
2068 4409 2229 4473 Voigt
2248 4411 2357 4461 and
2381 4412 2429 4462 N
2433 4413 2546 4464 BG.

282 4472 464 4524 bizond
482 4476 682 4539 (4Apr.
705 4474 962 4536 1396—18
979 4475 1112 4536 Aug.
1130 4472 1297 4537 1484).
1336 4473 1422 4523 He
1593 4475 1670 4524 16.
1707 4474 1931 4538 Fronte]
1957 4475 2035 4524 Cf.
2065 4477 2210 4538 cate,
2239 4480 2359 4529 Dist.
2383 4493 2429 4527 ο.
2458 4481 2536 4527 26.

284 4541 570 4590 translated
593 4555 766 4601 many
800 4538 859 4587 of
874 4540 969 4588 the
992 4539 1168 4589 Greek
1198 4539 1424 4588 Fathers
1586 4539 1664 4592 87.
1687 4552 1733 4600 5.
1771 4539 2017 4603 portum]
2051 4540 2293 4604 Perhaps
2324 4556 2358 4590 a
2390 4544 2674 4593 confirma·

285 4602 360 4651 sor
390 4606 644 4656 Nicholas
682 4620 719 4653 v
752 4603 861 4653 and
896 4605 1007 4653 also
1040 4604 1235 4654 Plato's
1269 4608 1420 4653 Laws.
1520 4605 1639 4653 tion
1662 4604 1746 4653 for
1778 4605 1875 4653 the
1899 4605 2024 4654 date
2059 4605 2118 4654 of
2145 4607 2394 4657 Gerard's
2427 4610 2676 4671 appoint-

282 4668 384 4720 ‘rho
405 4672 565 4722 latter
594 4672 647 4721 is
667 4670 903 4733 perhaps
931 4669 1167 4719 referred
1190 4673 1246 4720 to
1271 4669 1418 4720 here.
1521 4672 1676 4720 ment
1690 4685 1749 4719 as
1764 4670 1918 4720 Prior
1931 4670 1990 4718 of
2001 4670 2364 4724 Hemsdonck.
2404 4673 2504 4723 See
2520 4689 2571 4736 p.
2587 4690 2669 4737 92.
