3355 5380
706 379 784 436 66
1406 378 1790 443 Ln'r'rsns
1844 378 1952 441 or
2005 378 2404 443 ERAsMUs
2914 372 3117 457 [1540

703 532 1097 612 promittens,
1132 533 1241 595 sed
1272 537 1336 596 et
1368 534 1860 599 illustrissimam
1885 536 2200 615 Vngariae
2225 536 2507 615 reginam
2535 534 2796 595 Mariam
2831 551 3116 594 sororem

703 634 899 706 tuam,
933 630 1262 694 Flandriae
1286 635 1398 695 tuo
1423 652 1679 696 assensu
1705 633 2182 713 praesidentem,
2213 637 2286 695 vt
2310 653 2422 712 pro
2448 651 2561 693 sua
2584 650 2731 709 erga
2757 630 3116 691 Romanam

585 756 684 806 350
703 731 916 793 sedem
956 729 1137 793 filiali
1179 731 1572 794 obseruantia
1611 735 1679 795 et
1721 732 1890 812 regia
1930 732 1998 793 in
2036 733 2205 794 viros
2244 731 2661 794 benemeritos
2700 729 3110 808 benignitate,

694 831 904 892 dictae
941 830 1401 909 praepositurae
1439 830 1534 904 (vt
1573 830 1913 909 appellant)
1951 830 2405 909 possessionem
2430 847 2688 891 vacuam
2730 827 2812 889 ab
2844 827 3113 889 intrusis

703 947 816 1006 pro
849 928 1110 990 Erasmo
1150 928 1502 990 conseruari
1541 933 1800 1006 curaret,
1831 929 2034 991 literis
2066 929 2225 990 bene
2263 927 2624 990 amantibus
2661 924 3116 1005 interpellans:

703 1044 860 1104 quas
886 1027 1097 1087 tamen
1125 1026 1442 1103 Erasmus,
1471 1028 1747 1106 αὒτάρκης
1765 1027 1930 1107 quod
1955 1027 2376 1090 sacerdotium
2400 1045 2679 1087 recusare
2705 1024 3110 1097 instituisset,

704 1143 893 1203 penes
934 1143 1001 1186 se
1041 1125 1400 1201 mseruauit,
1445 1125 1599 1189 satis
1636 1127 1853 1190 viatici
1893 1126 2015 1189 sibi
2060 1126 2390 1205 paulopost
2434 1124 2740 1186 morituro
2785 1140 3113 1202 superesse

585 1246 682 1299 355
705 1221 936 1285 dicens.
1022 1222 1391 1301 Principum
1426 1242 1575 1286 sane
1610 1228 1677 1286 et
1716 1225 2147 1306 episcoporum
2182 1223 2254 1285 in
2290 1224 2623 1286 Erasmum
2661 1221 3114 1284 munificorum

704 1321 1051 1399 catalogum
1091 1326 1299 1383 texere
1336 1322 1708 1403 perlongum
1748 1325 1850 1386 sit.

787 1420 915 1482 Nec
976 1417 1181 1480 solum
1246 1440 1285 1480 a
1346 1420 1736 1500 principibus
1787 1421 2131 1484 honoratus
2191 1425 2289 1482 est
2358 1419 2676 1493 Erasmus,
2739 1417 2848 1481 sed
2916 1416 3115 1479 etiam

700 1538 741 1580 a
781 1517 1144 1580 ciuitatibus
1171 1519 1579 1595 Germaniae;
1632 1520 1690 1583 si
1729 1540 1852 1598 qua
1892 1519 2188 1581 transiret
2222 1522 2285 1579 et
2317 1519 2715 1597 magIstratus
2754 1517 3109 1589 rescissent,

702 1618 855 1679 vino
891 1618 1175 1693 donatus,
1210 1617 1318 1695 qui
1345 1617 1547 1679 honor
1572 1618 1971 1696 magnatibus
2004 1622 2070 1679 et
2095 1617 2425 1678 ciuitatum
2453 1616 2674 1695 legatis
2701 1635 2873 1677 more
2900 1614 3116 1693 gentis

468 1700 473 1705 ⁸
583 1724 684 1789 360
704 1714 1108 1794 impenditur.
1224 1714 1302 1776 Id
1358 1734 1462 1776 me
1522 1720 1845 1795 praesente
1898 1717 2163 1796 contigit
2213 1715 2511 1792 Basileae,
2567 1715 2967 1777 constantiae
3030 1714 3115 1775 ad

702 1814 912 1875 lacum
952 1812 1397 1892 Brigantinum
1436 1813 1913 1893 Bar-ptolomaeo
1955 1814 2251 1877 Plaurero
2289 1813 2715 1876 iureconsulto
2754 1817 2817 1874 et
2857 1813 3115 1875 consule

703 1912 781 1974 ad
824 1912 1191 1973 conuiuium
1232 1930 1345 1973 sua
1384 1914 1608 1991 sponte
1647 1912 1863 1975 venire
1902 1913 2174 1992 dignate,
2207 1912 2614 1974 Schefhusiae
2653 1910 2733 1972 ab
2759 1911 3010 1973 Abbate
3048 1914 3119 1972 et

704 2009 1088 2089 magistratu,
1138 2009 1429 2087 Friburgi
1476 2009 1970 2089 Brisigauorum,
2022 2012 2092 2072 in
2146 2012 2361 2072 Monte
2416 2009 2710 2086 BrisiacO,
2761 2008 3111 2082 Seleetadii,

704 2108 1107 2186 Argentorati
1155 2111 1219 2168 et
1265 2106 1409 2169 aliis
1443 2108 1598 2169 item
1634 2106 1807 2171 locis.
1894 2108 2060 2170 Nam
2097 2112 2322 2170 notum
2365 2111 2501 2170 erat
2537 2128 2666 2169 non
2707 2107 2924 2187 paucis
2961 2126 3114 2168 eum

585 2209 681 2275 365
703 2208 849 2266 tuae
884 2205 1192 2266 Maiestati
1228 2224 1360 2266 aese
1400 2225 1438 2266 a
1476 2205 1776 2268 consiliis.
1861 2206 2171 2285 Equidem
2206 2208 2286 2268 ob
2314 2207 2748 2268 excellentiam
2776 2205 3110 2278 doctrinae,

705 2322 892 2382 quam
958 2301 1181 2364 aeditis
1245 2301 1450 2364 indies
1516 2302 1696 2366 libris
1759 2306 2147 2366 testatiorem
2215 2307 2459 2367 cunctis
2528 2304 2808 2380 faciebat,
2884 2304 3118 2382 dignus

704 2401 938 2481 alioqui
1012 2400 1392 2477 censebatur,
1463 2421 1653 2479 quem
1733 2422 1950 2463 omnes
2025 2402 2239 2464 missis
2313 2404 2681 2465 muneribus
2752 2402 2919 2464 nihil
2986 2401 3117 2463 tale

703 2500 1085 2562 ambientem
1139 2498 1425 2560 certatim
1482 2519 1703 2562 ornare
1754 2502 1820 2560 et
1872 2502 2098 2580 quouis
2179 2501 2436 2562 honoris
2488 2521 2714 2579 genere
2759 2504 3119 2561 reuerenter

707 2600 1002 2677 cuperent
1042 2596 1295 2659 afficere.
1383 2597 1563 2675 Quod
1604 2598 1660 2660 si
1700 2598 1890 2677 vulgo
1930 2599 2225 2661 videmus
2265 2618 2372 2660 eos
2413 2598 2611 2660 nullis
2650 2619 2781 2661 non
2819 2599 3118 2660 militaris

585 2713 684 2769 370
704 2697 939 2778 gloriae
965 2696 1178 2758 titulis
1202 2696 1496 2776 insigniri
1514 2699 1639 2777 qui,
1664 2701 1721 2760 si
1749 2698 1995 2777 quando
2022 2716 2177 2777 opus
2202 2699 2391 2761 fuerit
2416 2702 2480 2759 et
2505 2699 2742 2761 incidat
2766 2699 3113 2776 necffltss,

705 2795 1031 2859 defendere
1073 2794 1343 2872 patriam
1381 2796 1549 2859 vitae
1593 2816 1744 2859 suae
1790 2797 2069 2875 periculo
2115 2800 2267 2858 sunt
2311 2798 2548 2875 parati3
2609 2799 2841 2876 quanto
2886 2796 3118 2859 iustius

704 2894 1060 2967 honoratur,
1110 2893 1220 2973 qui
1264 2912 1391 2954 non
1436 2894 1627 2956 breue
1671 2894 1927 2973 aliquod
1974 2897 2226 2973 tempus
2267 2896 2376 2957 sed
2425 2915 2681 2958 omnem
2725 2899 2993 2957 aetatem
3046 2896 3119 2956 in

703 2993 907 3056 literis
960 3012 1073 3071 pro
1128 2990 1380 3071 publica
1435 2993 1711 3055 vtilitate
1760 2994 1928 3055 vltro
1994 2993 2344 3071 absumpsit
2412 3013 2729 3055 exercens
2765 2993 3113 3070 ingenium,

706 3092 961 3170 genium
1010 3109 1195 3152 suum
1246 3088 1619 3152 defraudans
1634 3093 1668 3152 ⁴?
1748 3091 2070 3153 Potuisset
2116 3111 2252 3153 esse
2301 3111 2568 3171 magnus
2613 3096 2679 3152 et
2726 3090 2930 3152 indies
2974 3090 3120 3151 fieri

583 3216 611 3263 3
625 3211 684 3264 75
708 3187 909 3251 maior
955 3187 1120 3265 apud
1174 3189 1350 3248 tuam
1406 3187 1813 3251 Maiestatem.
1914 3191 2023 3252 An
2078 3209 2205 3250 non
2253 3190 2331 3250 ad
2386 3209 2710 3252 summum
2764 3189 3122 3253 autoritatis

708 3283 1152 3346 ecclesiasticae
1237 3285 1561 3364 fastigium
1643 3291 2004 3366 praeceptor
2091 3288 2249 3350 olim
2336 3287 2443 3349 ille
2540 3291 2690 3351 tuus
2797 3288 3122 3350 Adrianus

708 3381 1123 3444 Traiectensis
1147 3385 1401 3446 euectus
1426 3386 1523 3445 est
1538 3386 1572 3445 ⁴?
1610 3384 1931 3448 Potuisset
1963 3387 2033 3447 in
2059 3387 2389 3465 splendore
2424 3388 2637 3449 viuere
2663 3386 2828 3466 apud
2856 3387 3122 3465 quosuis

709 3497 883 3558 reges
907 3503 924 3554 ς
971 3479 1114 3558 quis
1144 3479 1314 3542 enim
1341 3499 1738 3544 summorum
1763 3485 2124 3563 principum
2150 3505 2295 3546 eum
2323 3504 2456 3547 non
2484 3486 2758 3547 ambiit?
2797 3485 3119 3547 Potuisset

710 3578 780 3639 in
815 3577 967 3653 onie,
1003 3579 1071 3639 in
1097 3577 1527 3657 voluptatibus
1552 3583 1790 3643 versari
1812 3603 1827 3656 ς
1874 3583 1983 3643 sed
2011 3583 2309 3661 praetulit
2335 3603 2733 3645 communem
2758 3582 3121 3645 studiorum

588 3690 690 3754 380
711 3674 1053 3738 vtilitatem
1080 3677 1393 3739 vniuersis
1417 3677 1765 3741 honoribus
1789 3682 1854 3741 et
1880 3682 2068 3742 huius
2096 3681 2263 3743 vitae
2290 3682 2512 3743 crassis
2538 3680 2795 3742 deliciis.

791 3773 1152 3836 Verisimile
1179 3778 1276 3836 est
1315 3777 1562 3856 praeter
1593 3777 1750 3839 alias
1789 3797 2003 3840 causas
2039 3777 2284 3840 felicem
2326 3799 2567 3858 quoque
2594 3777 3120 3840 succrescentium

710 3872 1061 3935 studiorum
1099 3893 1453 3937 successum
1485 3877 1806 3938 hominem
1839 3876 2007 3939 haud
2042 3897 2263 3956 parum
2293 3878 2717 3939 inflammasse
2755 3877 2834 3938 ad
2864 3876 3123 3954 quiduis

712 3971 1166 4052 perferendum.
1254 3972 1335 4035 In
1377 3974 1715 4036 Germania
1762 3975 2090 4054 Galliaque
2135 3977 2294 4037 mire
2339 3976 2655 4054 frigebant
2693 3976 2958 4051 literae3
3011 3976 3120 4038 vix

714 4090 880 4132 vnus
926 4073 993 4131 et
1039 4070 1197 4132 alter
1245 4072 1467 4133 Latine
1514 4071 1761 4148 sciebat,
1813 4075 2045 4136 Graece
2106 4073 2341 4135 nullus.
2449 4074 2535 4135 Et
2579 4093 2716 4134 ecce
2761 4073 2998 4150 statim,
3047 4079 3122 4136 vt

591 4182 687 4245 385
714 4168 949 4230 aeditae
990 4172 1145 4229 sunt
1181 4168 1572 4249 Adagiorum
1613 4171 1929 4234 chiliades
1968 4174 2034 4232 et
2080 4171 2230 4232 libri
2271 4172 2347 4232 de
2386 4176 2650 4252 Vtraque
2690 4172 2897 4250 Copia,
2942 4172 3122 4235 velut

710 4263 782 4325 in
829 4264 1080 4326 nebulis
1126 4270 1336 4328 coorto
1382 4266 1528 4341 sole,
1569 4288 1884 4347 emergere
1930 4268 2291 4348 linguarum
2333 4271 2556 4348 peritia
2600 4271 2818 4349 coepit.
2904 4270 3124 4334 Prodi·

713 4360 870 4423 bant
922 4362 1033 4424 alii
1087 4365 1271 4443 atque
1324 4363 1431 4426 alii
1482 4364 1682 4427 libelli
1747 4367 1826 4428 ad
1892 4367 2052 4428 hanc
2121 4387 2254 4428 rem
2318 4369 2754 4445 conducibiles,
2810 4370 3124 4432 Theodori

717 4459 1174 4522 Grammaticae
1227 4461 1675 4525 Institutiones
1730 4463 1954 4526 Latine
2007 4485 2235 4539 versae,
2294 4466 2763 4546 multorumque
2829 4471 3124 4530 autorum

784 4617 898 4678 361.
936 4614 1216 4680 Plaurero]
1253 4632 1285 4665 a
1316 4618 1571 4667 kinsman
1603 4618 1713 4668 and
1749 4633 1873 4684 sup·
1971 4619 2213 4683 formers,
2239 4621 2505 4671 Ambroae
2532 4622 2642 4672 and
2662 4624 2820 4674 Thes.
2849 4625 2988 4675 Blau
2997 4641 3099 4677 rer.

720 4684 904 4744 porter
946 4681 1007 4732 of
1044 4682 1141 4732 the
1188 4682 1401 4733 famous
1444 4683 1743 4735 Constance
1786 4700 1870 4734 re-
2036 4700 2148 4748 374.
2187 4685 2433 4751 genium]
2455 4688 2570 4740 Ter.
2597 4693 2683 4739 Ph.
2707 4707 2788 4752 44.
