3355 5380
301 366 488 450 1500]
599 371 707 431 To
761 371 1163 432 WILLIAM
1221 373 1582 447 BLOUNT,
1644 374 1874 435 LORD
1928 376 2394 438 MOUNTJOY
2582 384 2700 440 295

294 527 506 588 simile
531 529 973 605 argumentum
1002 529 1327 590 admonuit
1344 532 1377 591 ⁴?
1441 531 1707 609 Qunque
1744 533 1813 591 in
1842 532 2199 610 apostolicis
2225 534 2453 595 litteris
2479 535 2706 613 (neque

295 626 469 686 enim
498 644 698 703 Vsque
724 627 876 687 adeo
903 626 1126 687 Scotus
1151 631 1215 687 te
1241 628 1424 705 capit,
1454 629 1690 706 opinor,
1723 632 1797 690 vt
1825 631 1940 691 has
1967 652 2097 691 non
2126 632 2422 710 attingas)
2450 654 2703 711 qunque

294 724 484 784 etiam
517 725 588 783 in
624 724 1017 801 Euangelicis
1055 725 1235 785 libris
1273 726 1491 805 adagia
1528 727 1885 806 frequenter
1919 732 2262 805 occurrant,
2302 750 2525 808 nempe
2566 732 2698 807 hec,
2735 736 2826 799 185

297 823 486 883 Canis
516 842 801 883 reuersus
827 823 904 882 ad
937 823 1268 897 vomitum,
1300 844 1409 885 sus
1441 826 1510 885 in
1548 826 1880 886 volutabro
1916 828 2052 902 luti,
2084 829 2315 889 Aerem
2349 831 2699 904 verberans,

298 920 675 998 Cymbalum
702 923 1019 998 tynniens,
1051 921 1409 983 cecinimus
1437 925 1617 984 vobis
1654 927 1720 986 et
1748 945 1874 985 non
1904 925 2177 986 saltastis
2204 947 2220 1000 3
2270 926 2596 988 Festucam
2626 928 2703 989 de

295 1020 510 1080 fratris
531 1019 711 1080 oculo
730 1020 958 1095 educis,
987 1021 1118 1098 ipse
1138 1021 1380 1082 trabem
1409 1021 1477 1080 in
1505 1022 1683 1083 oculo
1706 1022 1981 1098 habens;
2026 1023 2161 1097 Qua
2187 1044 2482 1085 mensura
2502 1026 2704 1086 mensi

297 1117 559 1192 fueritis,
612 1119 976 1179 remetietur
1020 1119 1238 1191 vobis3
1307 1119 1635 1197 Numquid
1690 1140 1805 1199 pro
1858 1141 2018 1198 pane
2070 1122 2361 1199 lapidem,
2416 1142 2529 1200 pro
2585 1144 2705 1184 ouo

301 1215 615 1293 scorpium
642 1216 865 1277 dabit?
905 1218 970 1276 et
1004 1217 1230 1277 Oleum
1259 1218 1680 1278 vendentes-
1689 1239 1841 1296 qum
1880 1218 2012 1294 hec,
2044 1219 2304 1297 inquam
2331 1220 2504 1297 (quid
2532 1221 2704 1282 enim
2736 1238 2830 1290 190

301 1313 514 1374 omnia
539 1334 888 1374 recenseam
905 1315 956 1390 ?)
998 1319 1350 1390 occurrunt,
1382 1335 1788 1394 nunquamne
1812 1316 1932 1377 tibi
1958 1319 2136 1377 venit
2172 1318 2243 1377 in
2271 1321 2549 1379 mentem
2588 1319 2707 1378 hoc

297 1431 500 1490 genus
551 1414 859 1473 sermonis
912 1432 1040 1473 non
1095 1414 1272 1473 fucos
1324 1416 1590 1490 tantum,
1641 1416 1750 1475 sed
1806 1416 2095 1475 diuinum
2141 1416 2441 1494 quiddam
2494 1417 2708 1494 potius

297 1510 529 1572 habere
562 1514 626 1571 et
662 1510 988 1572 celestibus
1029 1512 1214 1573 rebus
1254 1513 1792 1574 accommodatum
1810 1516 1842 1573 ‘?
1904 1515 2106 1588 Quare
2140 1514 2361 1574 multis
2397 1515 2473 1574 de
2504 1517 2707 1576 causis

298 1629 501 1686 neque
536 1609 784 1670 futilem
827 1630 1026 1687 neque
1065 1610 1350 1670 sterilem
1390 1609 1667 1671 laborem
1709 1612 1894 1672 nobis
1933 1612 2276 1689 suscepisse
2315 1612 2700 1688 videbamur,

297 1707 355 1768 si
386 1707 465 1767 ad
503 1707 665 1766 hanc
703 1708 1011 1768 sermonis
1046 1709 1370 1782 rationem,
1409 1728 1599 1786 quam
1639 1729 1767 1769 non
1803 1709 1940 1770 sine
1978 1729 2161 1770 causa
2191 1713 2287 1770 tot
2317 1712 2446 1771 tam
2476 1712 2705 1773 eruditi
2735 1724 2828 1778 ¹95

296 1809 552 1881 tamque
573 1804 775 1865 diuini
800 1809 1085 1865 auctores
1104 1809 1257 1866 sunt
1282 1807 1548 1884 sequuti,
1573 1807 1885 1868 studiosos
1911 1807 2336 1869 adolescentes
2361 1830 2473 1886 pro
2495 1814 2709 1872 nostra

298 1903 471 1963 virili
491 1905 601 1963 aut
627 1903 1082 1964 instrueremus
1109 1907 1218 1963 aut
1246 1907 1411 1964 certe
1437 1905 1891 1966 excitaremus.’
1959 1905 2083 1966 His
2112 1907 2334 1984 opinor
2359 1908 2708 1970 rationibus

302 2020 520 2061 censor
538 2001 646 2060 ille
666 2001 945 2078 placatus
970 2005 1081 2062 aut
1104 2002 1285 2062 nobis
1314 2004 1558 2063 accedet
1584 2006 1695 2063 aut
1715 2003 1940 2064 saltem
1960 2004 2265 2064 molestus
2282 2025 2417 2066 esse
2437 2006 2702 2068 desinet.

385 2099 727 2175 Reliquum
755 2119 888 2160 esse
914 2103 1066 2177 puto
1094 2104 1166 2161 vt
1194 2101 1264 2160 in
1293 2121 1474 2177 opere
1505 2121 1673 2162 nouo
1704 2102 1856 2180 quid
1884 2103 2135 2180 sequuti
2163 2103 2363 2164 simus
2399 2105 2705 2166 rationem

301 2197 653 2258 reddamus.
759 2198 967 2258 Erunt
1006 2198 1272 2259 fortasse
1314 2199 1423 2276 qui
1463 2198 1623 2260 lecta
1663 2201 1880 2260 statim
1924 2201 2332 2278 inscriptione
2375 2202 2708 2264 coniieient
2736 2217 2830 2252 200

299 2316 405 2356 me
442 2295 692 2356 indocto
728 2296 936 2356 labore
974 2297 1469 2374 quamplurimas
1497 2299 1841 2358 sententias
1876 2317 1952 2358 ex
1989 2299 2345 2359 auctoribus
2371 2299 2521 2360 hinc
2558 2301 2706 2361 inde

303 2397 630 2472 congestas
681 2394 870 2455 velut
913 2394 984 2453 in
1037 2393 1281 2454 lexicon
1337 2395 1641 2455 retulisse.
1750 2395 1929 2470 Quod
1986 2416 2185 2474 genus
2242 2399 2411 2471 sunt,
2474 2398 2706 2458 Omnia

301 2492 505 2552 vincit
566 2511 758 2567 amor,
829 2492 890 2551 N
891 2511 975 2552 on
1042 2492 1256 2553 omnia
1321 2512 1654 2569 possumus
1723 2513 1958 2568 omnes,
2027 2494 2195 2569 Quot
2260 2494 2552 2555 homines
2610 2498 2705 2556 tot

302 2590 670 2665 sententiae,
690 2590 1017 2667 Nusquam
1044 2592 1185 2650 tuta
1209 2589 1383 2665 fides,
1409 2590 1698 2651 Nimium
1727 2591 2085 2652 altercando
2106 2591 2338 2653 veritas
2364 2592 2698 2654 amittitur.

305 2688 451 2749 Non
487 2688 651 2749 istuc
687 2689 1145 2766 spectauimus3
1187 2709 1391 2766 neque
1429 2690 1599 2750 enim
1638 2689 1805 2767 quod
1832 2690 2146 2751 sententia
2175 2689 2275 2766 sit,
2308 2690 2374 2750 id
2403 2690 2705 2753 continuo
2736 2707 2827 2758 205

299 2786 682 2865 paroemiam
737 2790 1032 2864 putamus
1058 2807 1073 2861 ;
1143 2806 1360 2848 rursus
1415 2789 1582 2864 quod
1636 2789 1973 2866 paroemia,
2033 2809 2162 2848 non
2216 2788 2507 2865 protinus
2571 2808 2706 2850 sen·

299 2885 572 2945 tentiam
614 2884 1006 2945 arbitramur.
1097 2884 1650 2962 Quemadmodum,
1701 2886 1894 2946 Liuor
1937 2886 2112 2948 velut
2153 2886 2319 2963 ignis
2359 2887 2487 2947 alta
2525 2888 2704 2964 petit,

302 2982 620 3043 sententia
647 2983 899 3060 quidem
925 2985 1035 3058 est,
1059 3003 1187 3043 non
1214 2983 1635 3060 prouerbium.
1713 2985 1959 3058 Contra,
1985 2985 2118 3062 Ego
2147 2984 2213 3044 in
2241 2989 2428 3062 portu
2457 2986 2703 3062 nauig0,

301 3084 378 3143 vt
405 3080 809 3159 prouerbium
837 3084 948 3155 est,
983 3080 1069 3140 ita
1104 3101 1236 3141 non
1274 3085 1369 3142 est
1399 3082 1748 3156 sententia;
1789 3085 1871 3156 at,
1902 3083 1984 3142 In
2013 3084 2162 3142 vino
2190 3083 2439 3158 veritas,
2470 3084 2707 3161 pariter

301 3183 370 3240 et
404 3179 721 3239 sententia
755 3181 852 3238 est
887 3180 952 3240 et
985 3180 1407 3256 prouerbium.
1495 3180 1660 3258 Ergo
1702 3181 1826 3242 duo
1869 3180 2138 3259 quedam
2196 3182 2274 3241 ad
2311 3181 2428 3241 hoc
2470 3182 2707 3259 requiri
2735 3193 2830 3230 2¹0

301 3279 619 3351 videntur,
645 3280 719 3338 vt
746 3277 1060 3354 paroemia
1086 3277 1169 3337 sit
1190 3300 1205 3351 ;
1246 3278 1516 3338 alterum
1543 3282 1615 3338 vt
1642 3278 1855 3356 aliqua
1881 3299 1949 3338 re
1975 3280 2060 3339 sit
2081 3278 2381 3356 insignita
2406 3279 2699 3354 clausula,

302 3379 417 3436 aut
442 3375 866 3450 translatione,
899 3379 987 3449 vt,
1021 3376 1252 3436 Contra
1277 3376 1612 3437 stimulum
1638 3377 1849 3452 calces,
1885 3378 2016 3451 Que
2043 3377 2319 3438 maxima
2354 3378 2540 3438 turba
2572 3381 2704 3453 est3

303 3477 416 3536 aut
444 3473 753 3550 allegoria,
780 3476 865 3548 vt,
890 3473 1236 3551 Dionysius
1255 3474 1562 3549 Corinthi,
1590 3476 1669 3548 et,
1695 3474 1959 3535 Fuimus
1980 3475 2172 3536 Troes
2193 3497 2208 3551 ;
2238 3478 2350 3535 aut
2370 3479 2704 3553 enygmate

303 3576 393 3646 vt,
417 3571 771 3631 Dimidium
797 3570 943 3649 plus
969 3574 1106 3632 toto
1129 3593 1145 3646 ;
1186 3574 1296 3631 aut
1322 3571 1447 3633 alia
1474 3571 1700 3649 quauis
1727 3573 1942 3650 figura,
1968 3577 2077 3633 aut
2105 3572 2409 3634 breuitate
2436 3573 2706 3652 denique

304 3671 514 3750 lepida
533 3670 996 3748 wmmodaque,
1019 3669 1077 3731 si
1103 3668 1368 3747 simplex
1397 3670 1481 3730 sit
1509 3671 1723 3747 figura,
1746 3673 1831 3745 vt,
1857 3672 2056 3731 Suum
2086 3671 2311 3748 cuique
2336 3670 2702 3748 pulchrum:
2735 3684 2827 3736 ²¹5

301 3770 578 3830 alterum
621 3771 693 3829 vt
742 3787 813 3828 ea
860 3768 988 3827 iam
1028 3768 1097 3827 in
1139 3768 1532 3846 frequentem
1580 3767 1870 3828 omnium
1910 3788 2269 3829 sermonem
2310 3768 2550 3843 abierit,
2594 3772 2705 3829 aut

302 3867 555 3928 theatro
597 3869 867 3943 excepta,
913 3869 1023 3927 aut
1071 3886 1109 3926 a
1147 3866 1450 3943 sapientis
1495 3865 1760 3926 alicuius
1802 3865 2240 3943 apothegmate
2288 3869 2473 3941 nata;
2537 3867 2704 3943 quod

300 3984 502 4046 genus
546 3966 643 4024 est
687 3964 863 4040 illud,
909 3964 1292 4025 Anacharsis
1337 3964 1501 4040 apud
1540 3963 2001 4025 Athaenienses
2050 3964 2486 4025 soloecismum
2531 3965 2702 4039 facit,

300 4062 729 4125 Athenienses
766 4043 931 4140 apud
959 4062 1261 4141 Scythas3
1306 4066 1412 4122 aut
1448 4082 1483 4121 e
1520 4064 1741 4139 poaeta
1779 4061 2073 4140 quopiam
2111 4064 2442 4123 decantata
2468 4063 2705 4138 (scribit

300 4164 472 4222 enim
523 4160 875 4220 Macrobius
921 4160 1186 4221 Homeri
1240 4159 1490 4238 singula
1542 4161 1982 4239 apothegmata
2036 4161 2512 4240 prouerbiorum
2567 4161 2705 4223 vice
2736 4176 2831 4213 220

300 4260 654 4339 antiquitus
695 4258 1000 4319 celebrata
1039 4258 1292 4335 fuisse);
1352 4260 1465 4319 aut
1504 4278 1581 4318 ex
1621 4259 1881 4337 apologo
1921 4263 2190 4338 sumpta,
2237 4259 2455 4334 veluti,

700 4390 1067 4452 Parturient
1105 4394 1370 4466 montes,
1416 4395 1707 4451 nascetur
1743 4391 2045 4452 ridiculus
2084 4411 2229 4452 mus
2255 4416 2271 4467 ς

1165 4561 1274 4609 192.
1310 4547 1461 4596 fucos
1481 4563 1545 4595 a:
1589 4560 1773 4597 succus
1796 4549 1850 4602 β.

1050 4685 1164 4721 220.
1201 4669 1531 4734 Macrobius]
1565 4670 1646 4720 Cf.
1673 4670 1771 4733 Ep.
1800 4685 1905 4720 121.
1936 4687 1986 4732 4.

309 4656 879 4665 me—
