3355 5380
727 389 804 446 22
1424 381 1802 445 LETTERS
1855 381 1961 442 OF
2014 378 2411 442 ERASMUS
2921 372 3112 458 [1523

727 543 854 604 Nec
908 541 1025 603 vui
1078 541 1439 603 mortalium
1493 538 1858 601 huiusmodi
1899 537 2406 599 lucubrationum
2452 555 2734 597 mearum
2781 535 3119 614 quicquam

726 641 965 715 dicaui;
1020 640 1153 701 siue
1193 641 1355 719 quod
1397 658 1502 700 eas
1539 638 1815 699 victuras
1854 657 1987 697 esse
2024 655 2134 696 nec
2171 655 2484 714 sperarem
2511 654 2625 695 nec
2652 636 2952 711 optarem,
2984 634 3120 694 siue

726 739 887 816 quod
945 738 1183 799 nollem
1238 757 1597 816 quenquam
1650 734 1894 796 inuidia
1946 735 2294 812 degrauare,
2341 735 2503 811 quod
2552 752 2665 811 ego
2711 752 2821 809 per
2861 753 3121 793 omnem

726 837 926 897 vitam
967 856 1078 914 pro
1112 836 1356 896 viribus
1393 836 1546 910 caui,
1579 854 1660 895 ne
1701 833 1851 911 quid
1894 852 1973 893 ex
2007 852 2109 892 me
2145 832 2467 893 molestiae
2501 831 2727 891 rediret
2754 831 2831 891 ad
2865 830 3118 891 amicos.

674 962 702 1010 5
727 934 1036 994 Martinus
1083 934 1353 1011 Dorpius
1400 932 1846 1010 instigantibus
1886 930 2260 1009 quibusdam
2306 930 2549 1007 primus
2588 928 2877 990 omnium
2918 929 3123 1005 coepit

726 1032 795 1092 in
852 1052 954 1092 me
1006 1032 1293 1107 velitari3
1349 1031 1450 1092 cui
1504 1030 1937 1108 respondimus
1988 1030 2061 1089 vt
2107 1027 2308 1088 amico
2352 1028 2569 1104 amice,
2614 1026 2801 1088 vnica
2854 1026 3124 1103 epistola

727 1131 1183 1209 patrocinantes
1210 1130 1440 1191 Moriae
1465 1131 1531 1189 et
1560 1129 1741 1188 Nouo
1766 1128 2182 1188 Testamento.
2237 1127 2364 1187 Nec
2390 1127 2469 1187 ob
2497 1127 2661 1186 hanc
2685 1124 3124 1186 velitationem

728 1229 987 1290 discissa
1021 1231 1118 1289 est
1153 1230 1367 1288 nostra
1403 1225 1810 1300 necessitudo,
1842 1226 2006 1303 quod
2043 1223 2266 1285 scirem
2292 1223 2479 1285 illum
2516 1243 2645 1284 non
2674 1224 2814 1284 odio
2842 1223 2968 1283 mei
2995 1223 3124 1283 huc

727 1327 989 1399 venisse,
1036 1326 1142 1387 sed
1183 1326 1475 1386 iuuenem
1515 1327 1656 1386 tum
1697 1343 1769 1383 ac
1808 1326 2026 1383 natura
2064 1322 2309 1382 facilem
2349 1322 2619 1383 aliorum
2659 1323 2937 1400 impulsu
2986 1341 3124 1399 pro·

626 1447 705 1484 ,ιο
731 1425 916 1487 trudi.
1017 1424 1322 1485 Successit
1375 1422 1522 1490 huic
1577 1420 1845 1482 Iacobus
1898 1421 2099 1481 Faber
2151 1420 2560 1498 Stapulensia
2605 1420 2708 1481 vir
2759 1419 3002 1496 integer
3057 1422 3125 1481 et

722 1523 1011 1584 eruditus
1049 1522 1332 1600 mihique
1373 1523 1579 1582 vetere
1619 1520 1872 1580 iunctus
1909 1518 2207 1580 amicitia.
2288 1519 2405 1580 Cui
2441 1519 2529 1580 sic
2564 1518 3016 1596 respondimus,
3050 1521 3126 1579 vt

718 1642 869 1683 eam
897 1621 1327 1681 necessitatem
1358 1618 1506 1680 fatis
1540 1618 1852 1695 imputare
1886 1617 2292 1678 maluerimus
2324 1637 2510 1696 quam
2543 1616 2827 1690 homini;
2884 1635 2998 1675 nec
3039 1615 3124 1675 ob

719 1740 874 1780 eum
901 1738 1129 1793 casum,
1149 1717 1401 1778 tametsi
1428 1737 1703 1795 grauem,
1725 1716 1826 1776 illi
1845 1718 2127 1777 nostram
2150 1715 2494 1777 amicitiam
2523 1714 3121 1777 renunciauefimus,

731 1817 896 1878 Nam
925 1820 988 1876 et
1023 1815 1206 1876 hodie
1243 1818 1455 1877 manet
1491 1814 1828 1876 incolumis
1867 1814 2033 1874 inter
2067 1833 2184 1875 nos
2213 1813 2648 1875 beneuolentia
2673 1816 2908 1876 mutua.
2995 1813 3125 1873 Hic

647 1936 705 1988 15
730 1914 890 1975 mihi
937 1913 1122 1992 periit
1165 1934 1348 1991 opera
1390 1912 1636 1974 dierum
1683 1912 2024 1974 duodecim.
2113 1912 2241 1973 Nec
2285 1911 2375 1974 ita
2419 1911 2623 1973 multo
2671 1914 2811 1989 post
2850 1910 3126 1989 prosiliit

732 2012 1058 2073 Eduardus
1096 2012 1273 2086 Leus,
1304 2031 1382 2073 ex
1415 2011 1618 2072 amico
1659 2011 1869 2072 subito
1909 2010 2112 2071 factus
2147 2010 2359 2088 hostis,
2391 2010 2497 2089 qui
2538 2011 2627 2071 sic
2660 2029 2989 2088 aggressus
3025 2013 3125 2071 est

727 2113 802 2171 vt
836 2112 1023 2187 plane
1059 2110 1257 2171 nollet
1292 2112 1571 2190 ζωαγρεῖν,
1601 2110 1712 2169 sed
1750 2108 2154 2169 internitione
2181 2108 2480 2170 conficere
2507 2111 2714 2170 totum
2747 2109 3125 2184 Erasmum3

729 2207 833 2267 cui
872 2207 1305 2284 respondimus
1344 2208 1549 2267 tribus
1588 2206 1836 2282 libellis,
1882 2208 2135 2267 tametsi
2174 2208 2443 2267 secunda
2487 2207 2794 2268 aeditione
2841 2208 3127 2285 primum

731 2305 1074 2381 omisimus,
1096 2306 1257 2383 quod
1285 2304 1342 2366 is
1366 2309 1619 2366 tantum
1639 2305 1717 2364 ad
1744 2304 2115 2364 virulentias
2139 2304 2314 2366 illius
2332 2308 2396 2366 et
2414 2305 2556 2383 plus
2576 2326 2764 2384 quam
2785 2307 3127 2368 muliebres

647 2428 710 2466 πο
730 2402 898 2463 rixas
950 2403 1361 2480 responderet,
1409 2421 1487 2462 ex
1543 2401 1770 2479 quibus
1811 2403 1889 2462 ad
1945 2402 2240 2463 lectorem
2291 2404 2470 2464 nulla
2523 2403 2723 2464 redire
2764 2407 2973 2483 posset
3020 2406 3127 2466 vel

730 2501 970 2561 vtilitas
1008 2501 1112 2561 vel
1151 2502 1457 2578 voluptas.
1554 2499 1681 2560 Hic
1721 2499 1883 2560 mihi
1922 2500 2241 2579 perierunt
2282 2501 2417 2562 dies
2456 2502 2650 2563 simul
2690 2503 3020 2564 scribendo
3062 2507 3127 2565 et

729 2600 1004 2660 sedendo
1030 2601 1201 2677 (nam
1228 2618 1445 2660 omnes
1471 2598 1729 2676 paginas
1759 2597 1892 2675 ipse
1929 2598 2189 2674 correxi)
2217 2599 2710 2678 quinquaginta;
2763 2602 2829 2663 id
2867 2622 3127 2679 possum

731 2697 948 2758 docere
1001 2698 1278 2758 testibus·
1404 2697 1727 2775 Prorepsit
1774 2697 1997 2759 deinde
2038 2697 2301 2759 Iacobus
2343 2700 2657 2775 Latomus,
2701 2704 2841 2762 tum
2881 2703 3128 2764 laureae

733 2794 1137 2873 Theologicae
1178 2795 1561 2870 candidatus,
1614 2815 1770 2874 quae
1817 2796 2023 2857 nescio
2070 2817 2193 2874 quo
2239 2800 2420 2874 pacto
2465 2797 2595 2858 iam
2647 2798 2833 2859 annis
2885 2799 3129 2878 aliquot

647 2920 706 2973 ²5
733 2893 1001 2955 Louanii
1046 2895 1156 2955 vix
1202 2894 1320 2955 vni
1363 2894 1642 2972 contigit,
1690 2892 1816 2954 nisi
1867 2894 2043 2971 prius
2087 2893 2293 2956 aedito
2341 2895 2678 2972 specimine
2722 2901 3123 2973 συκοφαντίας.

735 2992 945 3053 Huius
971 2992 1201 3065 libello,
1227 2991 1523 3069 quoniam
1542 2991 1813 3069 obliquis
1840 2991 2115 3070 strophis
2139 2992 2420 3053 hominis
2445 2992 2770 3071 ingenium
2797 2996 3124 3074 referebat,

730 3089 1065 3168 plusquam
1107 3093 1423 3153 λακωνικῶς
1466 3090 1910 3165 respondimus,
1962 3091 2220 3151 interim
2274 3095 2340 3153 et
2393 3093 2473 3153 ab
2519 3094 2846 3155 affectibus
2892 3099 3133 3175 tempe·

733 3190 981 3261 rantes;
1043 3187 1342 3263 quoniam
1396 3207 1536 3263 spes
1592 3191 1732 3247 tum
1778 3190 1907 3247 erat
1956 3187 2279 3250 hominem
2334 3190 2668 3270 aliquando
2720 3194 3131 3269 sumpturum

734 3302 941 3343 mores
991 3283 1312 3361 aliquanto
1366 3283 1765 3345 candidiores
1873 3285 1997 3346 Hic
2053 3286 2216 3346 mihi
2264 3289 2452 3366 periit
2520 3289 2818 3364 triduum,
2869 3295 3131 3369 excepto

648 3406 713 3455 30
734 3384 1013 3457 tempore
1053 3401 1174 3458 quo
1229 3380 1353 3459 legi
1406 3381 1652 3441 libellos
1708 3381 1896 3458 illius,
1944 3384 2096 3444 dum
2149 3405 2337 3446 curru
2384 3386 2594 3447 vehor.
2701 3388 3133 3449 Subornarant

733 3482 800 3539 et
839 3482 1158 3552 Atensem‚
1198 3479 1332 3540 eius
1369 3479 1746 3541 Academiae
1786 3484 1925 3541 tum
1961 3482 2570 3560 vicecancellarium,
2610 3485 2876 3563 probum
2916 3487 3132 3548 virum

732 3581 799 3639 et
850 3577 920 3637 in
968 3598 1033 3637 re
1087 3577 1458 3655 Theologica
1503 3578 1682 3639 nullo
1735 3579 1870 3641 illic
1921 3601 2049 3641 non
2097 3583 2496 3660 superiorem,
2554 3585 2818 3663 denique
2870 3605 2985 3646 nec
3041 3586 3134 3645 in-

735 3676 1086 3736 humanum
1124 3678 1189 3736 et
1229 3676 1393 3736 mihi
1431 3679 1584 3737 satis
1623 3678 1913 3753 amicum,
1944 3681 2050 3740 sed
2089 3681 2344 3758 ingenio
2381 3682 2657 3743 iritabili.
2744 3683 2828 3744 Et
2869 3684 3132 3746 aderant

734 3773 1016 3850 artifices,
1053 3774 1162 3852 qui
1203 3775 1490 3851 quamuis
1528 3775 1845 3852 placidum
1885 3777 2211 3856 ingenium
2253 3783 2503 3857 possent
2544 3780 2614 3841 in
2643 3781 2882 3841 rabiem
2926 3801 3128 3860 agere,

648 3894 711 3945 35
737 3875 898 3933 certe
942 3873 1128 3933 illum
1173 3872 1561 3951 impulerunt
1600 3875 1667 3934 in
1709 3879 1996 3937 mortem.
2078 3877 2206 3939 Nec
2248 3880 2421 3940 enim
2461 3884 2593 3940 erat
2636 3879 2807 3940 illius
2848 3884 3020 3941 aetas
3060 3899 3131 3942 ac

735 3971 1027 4032 valetudo
1054 3990 1166 4048 par
1200 3971 1562 4034 huiusmodi
1590 3973 1922 4051 tragoediis
1948 3976 2347 4038 sustinendis.
2435 3979 2640 4054 Hunc,
2674 3980 2953 4056 inquam,
2987 3981 3130 4041 sub-

736 4073 1032 4130 ornarant
1071 4072 1146 4131 vt
1192 4069 1262 4129 in
1315 4071 1562 4147 publica
1607 4071 1833 4145 schola,
1880 4072 1949 4133 in
1998 4077 2141 4134 actu
2193 4075 2455 4153 solenni,
2504 4076 2684 4137 miris
2734 4077 3011 4154 strophis
3058 4098 3129 4138 ac

736 4167 1012 4229 dicteriis
1039 4167 1308 4246 obliquis
1326 4168 1769 4246 perstringeret
1795 4190 1911 4246 me,
1936 4171 2127 4233 etiam
2155 4172 2477 4235 haereseos
2501 4177 2719 4235 notam
2745 4175 3124 4253 impingenS,

803 4322 849 4357 ε.
894 4301 1165 4371 sperarem
1200 4346 1212 4358 .
1236 4345 1249 4360 .
1287 4344 1301 4358 .
1338 4313 1577 4373 optarem
1616 4313 1653 4365 β
1673 4328 1688 4360 2
1735 4327 1943 4376 sperem
1981 4351 1994 4364 .
2030 4350 2044 4365 .
2079 4351 2092 4366 .
2128 4317 2310 4379 optem
2347 4333 2395 4367 α.
2617 4331 2692 4368 11.
2739 4319 2813 4371 B:
2863 4318 3038 4367 veteri
3077 4335 3128 4369 α.

735 4386 821 4434 30.
853 4376 925 4428 B:
958 4375 1334 4424 subornarunt
1353 4394 1403 4427 α.

804 4567 884 4601 02.
920 4551 1149 4617 correxi]
1181 4553 1337 4602 With
1363 4553 1601 4603 Max-tens
1622 4554 1733 4604 and
1756 4555 1881 4605 Fro-
1978 4555 2119 4607 later
2139 4571 2328 4620 γεω-ες
2360 4558 2514 4608 these
2547 4559 2744 4621 replica
2764 4561 2822 4609 to
2855 4559 2960 4608 Lee
2984 4573 3131 4608 were

738 4618 843 4668 ben
878 4617 925 4667 it
956 4632 1179 4681 appears
1210 4619 1334 4668 that
1368 4620 1622 4668 Erasmus
1653 4621 1748 4669 did
1783 4624 1880 4671 not
1978 4622 2074 4671 the
2108 4622 2225 4672 first
2260 4624 2423 4672 books
2453 4624 2744 4688 published
2781 4625 2864 4674 for
2896 4626 3014 4674 him
3058 4626 3133 4687 by

740 4686 942 4734 correct
971 4683 1060 4732 his
1093 4699 1214 4735 own
1244 4683 1436 4749 proofs,
1462 4689 1517 4735 at
1544 4700 1654 4750 any
1677 4691 1792 4737 rate
1821 4688 1880 4737 in
1981 4687 2189 4752 Hillen‚
2205 4690 2965 4755 atAntwerp,Aprilan‹1May
2979 4705 3127 4753 15²0·
