3355 5380
661 328 781 385 444
1380 322 1759 385 LETTERS
1815 322 1922 383 oF
1978 321 2383 383 ERASMUS
2872 317 3070 403 [1508

728 480 886 530 After
902 481 996 530 the
1019 451 1345 543 completion
1365 480 1424 529 of
1441 480 1536 529 the
1554 483 1754 539 Adayia
1770 478 2027 526 Erasmus
2048 476 2324 525 remained
2344 479 2399 524 at
2416 476 2621 525 Venice
2647 476 2737 524 till
2756 476 3066 536 December,

658 547 904 608 working
925 546 1009 595 for
1023 545 1198 594 Aldus
1214 548 1270 595 at
1286 546 1512 595 Plautus
1529 545 1638 594 and
1650 545 1884 593 Terence
1906 543 2017 592 and
2039 546 2097 590 at
2118 543 2214 591 the
2237 541 2502 604 tragedies
2526 541 2586 592 of
2602 541 2805 591 Seneca
2823 543 2883 607 (i.
2908 557 2958 604 p.
2987 557 3069 603 ¹3·

658 626 791 673 4-10
812 612 921 661 and
945 612 1016 660 iv.
1047 611 1181 675 164).
1253 611 1339 660 He
1362 612 1479 660 also
1499 609 1758 660 resumed
1782 610 1879 659 the
1901 611 1969 657 De
1993 611 2147 670 Copia,
2178 607 2309 670 Epp.
2335 623 2451 667 212,
2475 621 2506 668 3
2530 607 2637 656 and
2662 606 2806 672 πόα]

789 761 1125 821 ‘EBASMVS
1168 772 1677 820 ROTERODAMVS
1720 769 2082 818 GVLIELMO
2128 768 2431 817 MONIOIO
2477 769 2896 817 chamssmo

1524 873 1867 923 OPTIMA'H
1916 876 1969 922 S.
2017 873 2074 920 P.
2123 872 2187 919 D.

737 993 903 1053 Onu
932 993 1217 1054 Lutetiae
1253 992 1726 1071 prouerbiorum
1756 1012 1867 1052 ceu
1894 990 2211 1068 syluulam
2242 989 2560 1067 quandam
2597 990 2882 1067 pauculis
2911 1009 3071 1051 sane

654 1089 890 1164 diebus,
926 1110 1039 1150 nec
1073 1091 1140 1151 id
1180 1091 1432 1169 quidem
1469 1091 1810 1151 admodum
1849 1090 2154 1163 accurate,
2184 1087 2451 1165 denique
2491 1088 2559 1148 in
2599 1107 2849 1149 summa
2878 1089 3067 1149 Grae·

653 1208 870 1250 corum
898 1190 1108 1266 inopia
1123 1189 1521 1250 voluminum
1543 1206 1988 1265 congesseram,
2018 1185 2416 1247 ornatissime
2433 1185 2748 1246 Gulielme
2767 1186 3058 1262 Monioie,

654 1286 947 1348 videlicet
975 1289 1049 1347 vt
1086 1286 1207 1346 tibi
1240 1286 1538 1364 priuatim
1579 1283 2075 1347 commentarioli
2103 1283 2241 1344 vice
2268 1284 2446 1359 foret,
2481 1284 2645 1363 quod
2675 1286 3065 1346 animaduer-

600 1395 629 1445 5
656 1382 874 1444 tissem
928 1386 991 1443 te
1045 1384 1161 1444 hoc
1215 1404 1440 1463 genere
1493 1383 1868 1462 peculiarius
1924 1381 2233 1443 delectari.
2322 1383 2484 1443 Eam
2541 1382 2796 1460 quidam
2845 1384 3063 1445 sedulo

657 1482 911 1559 quidem
939 1482 1036 1542 illi
1065 1483 1172 1543 sed
1211 1483 1471 1544 sinistro
1508 1482 1830 1560 nimioque
1865 1480 2076 1541 studio
2119 1480 2247 1540 mei
2286 1479 2730 1558 publicandam
2768 1482 2961 1542 etiam
2988 1502 3063 1543 ac

654 1578 947 1640 formulis
972 1579 1398 1641 excudendam
1426 1582 1742 1652 curarunt,
1775 1578 1882 1639 sed
1913 1578 2068 1638 adeo
2104 1577 2438 1655 deprauate
2467 1580 2538 1638 vt
2577 1578 2815 1657 alioqui
2852 1579 3072 1641 dedita

657 1677 895 1738 factum
951 1698 1135 1755 opera
1183 1678 1384 1740 videri
1438 1682 1663 1757 posset.
1749 1679 2055 1738 Attamen
2104 1675 2195 1736 sic
2248 1679 2624 1754 congestam,
2677 1678 2767 1738 sic
2823 1679 3064 1741 editam

660 1775 858 1836 maior
894 1775 1185 1854 opinione
1222 1777 1402 1837 fauor
1440 1776 1717 1855 excepit;
1764 1776 1900 1835 siue
1937 1773 1994 1833 is
2030 1777 2195 1847 tuus,
2228 1772 2364 1835 siue
2405 1775 2613 1852 operis
2653 1775 2777 1836 fuit
2819 1776 3064 1853 genius..

572 1885 635 1921 10
657 1874 929 1934 Tantum
974 1878 1187 1935 autem
1233 1875 1583 1936 adiumenti
1626 1872 1955 1934 videbatur
1999 1871 2288 1933 attulisse
2342 1872 2654 1951 politioris
2701 1873 3067 1935 literaturae

659 1971 1019 2048 candidatis,
1039 1975 1111 2033 vt
1136 1972 1484 2050 plurimum
1509 1970 1919 2050 amplitudini
1947 1973 2107 2045 tuae,
2140 1989 2268 2030 non
2296 1970 2465 2030 nihil
2492 1971 2686 2031 etiam
2714 1969 3069 2035 industriae

661 2072 908 2128 nostrae
959 2069 1177 2130 debere
1224 2090 1360 2131 sese
1413 2070 1776 2131 faterentur.
1862 2068 2137 2129 Proinde
2190 2088 2314 2146 quo
2368 2067 2561 2129 simul
2609 2071 2673 2128 et
2721 2071 3063 2148 superioris

657 2164 952 2228 editionis
990 2167 1258 2227 alienam
1297 2168 1544 2246 culpam
1581 2167 1871 2228 sarcirem
1911 2169 1974 2226 et
2013 2165 2424 2227 cumulatiore
2462 2187 2720 2228 munere
2746 2170 3061 2230 studiosos

658 2264 899 2324 omneis
933 2267 1221 2325 nostrum
1248 2266 1498 2345 vtrique
1533 2265 1897 2340 demererer,
1929 2263 2325 2343 peculiariter
2364 2269 2579 2326 autem
2608 2266 2877 2343 Angliae
2914 2271 3060 2330 tuae

571 2377 630 2428 τε
658 2361 862 2422 indies
902 2363 1105 2441 magis
1147 2383 1217 2424 ac
1259 2365 1463 2442 magis
1503 2363 1830 2442 gliscentia
1872 2362 2080 2425 studia
2119 2362 2235 2422 hac
2276 2366 2451 2441 parte
2493 2363 2791 2440 iuuarem,
2838 2370 3060 2427 nactus

656 2458 890 2521 iustam
944 2462 1395 2539 propemodum
1444 2462 1959 2523 Graecanicorum
2013 2458 2322 2521 librorum
2376 2461 2828 2539 supellectilem
2882 2461 3058 2524 idem

657 2557 818 2618 illud
866 2558 1070 2636 operis
1114 2559 1233 2621 sub
1282 2560 1572 2621 incudem
1622 2559 1924 2633 reuocaui‚
1973 2577 2281 2636 supraque
2330 2560 2647 2621 Chih‘adas
2690 2560 3058 2638 adagiorum

656 2657 812 2718 treis
839 2659 904 2718 et
928 2657 1240 2719 centurias
1266 2659 1423 2720 duas
1451 2658 1585 2736 (cur
1611 2658 1783 2719 enim
1811 2658 1963 2719 haec
1989 2676 2119 2718 non
2146 2676 2259 2719 ceu
2288 2657 2620 2721 thesauros
2651 2678 3058 2722 numeremus

656 2755 846 2816 etiam
863 2756 917 2834 ?)
945 2776 980 2816 e
1006 2756 1299 2834 plurimis
1325 2757 1649 2818 autoribus
1675 2756 1744 2816 in
1774 2756 2297 2817 commentarium
2325 2757 2551 2836 redegi.

569 2871 631 2907 20
737 2854 892 2914 Erat
933 2853 1187 2914 animus
1223 2854 1421 2915 veluti
1463 2855 1541 2915 de
1579 2855 1799 2915 eodem
1841 2851 1994 2926 oleo,
2042 2853 2208 2930 quod
2249 2854 2445 2930 aiunt,
2491 2856 2828 2936 adiungere
2868 2860 3062 2918 meta·

654 2951 885 3029 phoras
939 2951 1232 3029 insignes,
1292 2953 1446 3013 scite
1502 2951 1684 3025 dicta,
1744 2950 2088 3011 sententias
2141 2952 2420 3028 eximias,
2471 2953 2813 3015 allusiones
2865 2974 3057 3015 venu-

654 3050 892 3127 stiores,
923 3050 1249 3129 allegorias
1274 3052 1561 3129 poeticas‚
1594 3051 1758 3128 quod
1786 3047 1992 3111 omnis
2020 3068 2092 3109 ea
2127 3051 2408 3126 supellex
2445 3053 2807 3130 adagiorum
2844 3054 3057 3132 generi

656 3149 921 3210 confinis
948 3169 1081 3210 esse
1108 3149 1437 3211 videbatur
1464 3169 1534 3210 ac
1560 3149 1796 3227 pariter
1830 3146 1909 3207 ad
1943 3147 2445 3225 locupletandam
2474 3152 3060 3229 venustandamque

654 3248 1000 3310 orationem
1045 3249 1426 3315 conducere:
1479 3246 1829 3309 accuratius
1874 3247 2087 3306 autem
2133 3265 2498 3308 arcanarum
2539 3249 2866 3310 literarum
2908 3249 3056 3309 alle·

571 3364 629 3414 25
655 3345 861 3423 gorias
913 3367 990 3407 ex
1038 3346 1355 3407 veteribus
1410 3345 1540 3407 illis
1592 3344 1903 3423 theologis
1950 3346 2292 3406 statueram
2343 3350 2687 3420 annectere,
2740 3346 2903 3425 quod
2960 3345 3053 3405 ibi

653 3445 954 3520 tanquam
992 3443 1062 3504 in
1098 3464 1237 3505 mea
1267 3446 1500 3506 harena
1539 3444 1908 3522 proprioque
1936 3462 2111 3504 meae
2151 3444 2553 3520 professionis
2590 3464 2851 3507 munere
2888 3443 3055 3505 mihi

652 3539 910 3601 videbar
944 3545 1318 3617 versaturus,
1364 3542 1651 3621 quodque
1694 3561 1765 3601 ea
1804 3560 1947 3619 pars
1988 3560 2118 3601 non
2160 3541 2367 3603 solum
2408 3543 2487 3604 ad
2528 3542 2768 3621 ingenii
2810 3544 3053 3604 cultum

653 3638 1070 3701 verumetiam
1108 3640 1187 3700 ad
1228 3640 1392 3702 vitae
1434 3641 1735 3718 pietatem
1780 3639 2137 3717 pertineret.
2223 3640 2344 3701 Sed
2387 3661 2533 3702 cum
2570 3640 2850 3702 viderem
2892 3641 3054 3703 hanc

655 3736 859 3814 operis
893 3739 1139 3813 partem
1166 3737 1235 3797 in
1272 3741 1518 3799 tantam
1555 3737 1788 3798 molem
1824 3755 2162 3815 assurgere,
2202 3738 2537 3800 deterritus
2573 3740 2824 3801 infinita
2865 3760 3054 3819 prope

568 3856 632 3906 30
656 3833 1089 3910 magnitudine
1129 3835 1364 3896 laboris
1403 3836 1622 3897 reduxi
1665 3836 1992 3906 calculum,
2040 3839 2106 3896 et
2153 3836 2271 3897 hoc
2316 3858 2503 3899 cursu
2548 3843 2877 3901 contentus
2920 3838 3049 3910 alii,

656 3932 1008 4011 quicunque
1035 3932 1204 3994 volet
1240 3933 1443 4012 operis
1469 3934 1640 3995 vices
1682 3952 2010 4011 capessere,
2042 3934 2332 4012 lampada
2373 3937 2569 3997 trado.
2656 3937 2757 3997 Me
2794 3936 3051 4015 quidem

654 4030 845 4091 huius
870 4030 1099 4092 laboris
1136 4051 1265 4092 non
1305 4033 1646 4093 admodum
1686 4032 1888 4093 adhuc
1929 4033 2224 4109 poenitet,
2254 4037 2327 4093 vt
2366 4035 2476 4112 qui
2513 4034 2673 4093 mihi
2716 4033 3051 4112 puerilium

654 4130 1011 4190 studiorum
1039 4128 1168 4191 iam
1205 4131 1693 4192 obsolescentem
1730 4131 2100 4191 memoriam
2140 4131 2349 4210 aliqua
2388 4152 2463 4192 ex
2497 4135 2670 4209 parte
2700 4131 3044 4193 renouauit.

655 4229 777 4290 Sed
804 4227 1109 4289 hactenus
1134 4228 1598 4307 peregrinatum
1627 4248 1761 4289 esse
1780 4229 1966 4290 licere
1982 4228 2325 4290 videbatur.
2397 4231 2725 4292 Caeterum
2747 4229 2817 4288 in
2844 4228 3051 4290 alieno

563 4352 629 4403 35
655 4326 908 4405 negocio
947 4346 1378 4389 consenescere
1419 4347 1837 4405 magnamque
1874 4326 2043 4389 vitae
2082 4331 2327 4405 partem
2368 4327 2703 4403 insumere,
2745 4326 2808 4387 id
2852 4347 3055 4406 neque

1619 4442 1668 4490 6.
1707 4440 1794 4489 illi
1817 4439 1887 4495 βξ
1923 4440 2021 4488 illo
2042 4458 2091 4489 α.

721 4562 770 4609 6.
814 4557 1224 4621 publicandam]
1259 4556 1434 4605 There
1469 4557 1517 4605 is
1556 4570 1629 4606 no
1663 4558 1809 4606 trace
1847 4557 1908 4605 of
1945 4556 2058 4606 this
2096 4556 2266 4619 polite
2308 4556 2495 4606 fiction
2538 4554 2627 4617 (cf.
2665 4572 2718 4619 p.
2762 4570 2849 4604 121
2868 4558 2950 4620 n.)
2993 4556 3054 4604 in

656 4625 752 4688 Ep.
783 4626 910 4686 126;
945 4624 1044 4673 but
1067 4623 1133 4673 cf.
1159 4623 1255 4686 Ep.
1285 4635 1393 4683 ¹27·
1418 4634 1467 4684 5.
