3355 5380
667 367 784 422 512
1359 360 1741 421 LETTERS
1795 362 1903 423 OF
1958 360 2356 422 ERASMUS
2874 359 2936 441 [ι
2954 377 2990 434 5
3003 381 3025 418 1
3043 377 3078 418 2

572 541 637 591 45
663 518 959 581 vtilitatis
1003 519 1307 580 allaturus
1352 518 1459 579 hic
1508 517 1684 579 labor
1732 538 1925 592 meus,
1976 518 2245 579 aliorum
2292 521 2429 579 esto
2484 517 2809 579 iudicium.
2906 516 3088 579 Illud

662 636 810 678 vere
862 615 1024 677 mihi
1078 636 1324 677 sumere
1375 636 1652 693 possum,
1714 618 2158 694 argumentum
2226 615 2347 677 hoc
2398 636 2436 677 a
2490 636 2592 676 me
2659 615 2949 695 primum
3019 619 3089 675 et

664 715 1087 794 excogitatum
1124 718 1189 776 et
1225 716 1545 792 proditum
1578 715 1786 777 fuisse.
1874 716 2037 776 Nam
2075 716 2241 793 quod
2276 715 2486 776 Iulius
2522 714 2769 790 Pollux,
2802 716 3091 776 Graecus

664 817 731 876 et
765 814 1067 891 antiquus
1102 818 1295 888 autor,
1329 814 1726 891 singularum
1767 833 1977 875 rerum
2015 812 2318 874 vocabula
2351 833 2463 891 per
2501 812 2670 873 locos
2710 813 2982 890 digessit
3024 816 3094 873 et

666 930 1021 990 synonyma
1046 911 1355 989 quaedam
1390 932 1461 972 ac
1488 912 1763 972 finitima
1799 912 1975 972 velut
2011 912 2081 972 in
2118 930 2375 972 aceruos
2411 911 2742 989 congessit,
2774 911 2923 989 quis
2949 931 3090 971 non

579 1029 644 1078 50
666 1010 840 1071 videt
869 1029 1057 1087 quam
1083 1009 1149 1069 id
1177 1009 1263 1069 sit
1287 1029 1325 1069 a
1352 1013 1566 1070 nostro
1593 1009 1891 1071 instituto
1917 1010 2198 1070 alienum
2215 1011 2250 1071 ¹?
2333 1009 2549 1087 Neque
2576 1009 2750 1069 enim
2779 1009 3088 1082 Isidorus,

666 1108 897 1169 Marios
928 1110 1040 1168 aut
1065 1107 1380 1168 Philiscos
1415 1107 1569 1167 libet
1604 1128 2109 1183 commemorare,
2143 1107 2431 1168 homines
2456 1109 2527 1167 in
2557 1109 2810 1168 tantum
2837 1107 3093 1168 alienos

668 1226 706 1268 a
750 1207 943 1284 Copia
981 1209 1054 1266 vt
1094 1225 1175 1265 ne
1216 1206 1406 1266 semel
1449 1207 1706 1284 quidem
1756 1226 1915 1284 quae
1960 1206 2248 1267 sentiunt
2286 1206 2512 1267 Latine
2551 1206 2797 1284 possint
2835 1207 3087 1267 efferre.

668 1305 811 1367 Iam
846 1324 995 1365 vero
1031 1303 1287 1364 libellus
1322 1305 1433 1365 ille
1477 1304 1586 1382 qui
1623 1305 1904 1366 Ciceroni
1942 1304 2308 1366 inscribitur
2334 1304 2471 1383 (ego
2512 1305 2715 1382 magis
2750 1305 2831 1365 ab
2867 1305 3092 1382 aliquo

668 1403 987 1466 Ciceronis
1023 1401 1304 1464 studioso
1338 1423 1416 1463 ex
1450 1403 1629 1463 illius
1654 1403 1902 1480 scriptis
1927 1402 2261 1464 collectum
2288 1402 2607 1478 arbitror),
2639 1423 2886 1481 quaeso,
2928 1405 3090 1481 quid

580 1525 643 1574 55
667 1501 839 1562 aliud
866 1500 1056 1561 habet
1086 1520 1272 1578 quam
1298 1502 1781 1563 tumultuariam
1807 1521 2149 1579 paucarum
2178 1520 2404 1561 vocum
2431 1502 2784 1579 congeriem
2801 1505 2835 1563 ⁴?

751 1600 882 1660 Nos
907 1600 1212 1660 formulas
1247 1601 1547 1678 quasdam
1583 1599 1813 1677 Copiae
1844 1620 1959 1660 ceu
1997 1601 2205 1661 fontes
2240 1600 2567 1661 ostendere
2602 1619 2825 1660 sumus
2850 1602 3088 1676 conati,

671 1699 761 1760 sic
788 1702 859 1759 vt
885 1718 923 1758 a
948 1698 1348 1775 generalibus
1373 1719 1486 1776 per
1518 1700 1748 1777 gradus
1786 1700 1865 1760 ad
1898 1699 2303 1778 particulares
2339 1697 2792 1759 deueniremus.
2879 1700 3094 1774 Quan-

671 1817 862 1875 quam
888 1799 954 1858 et
978 1797 1177 1857 fateor
1201 1800 1266 1856 et
1293 1797 1474 1858 doleo
1512 1798 1661 1858 huic
1698 1798 1871 1876 operi
1907 1797 2139 1858 iustam
2168 1815 2382 1856 curam
2410 1798 2696 1859 defuisse.
2753 1797 3093 1875 Siquidem

673 1895 830 1956 olim
877 1894 1101 1955 rudem
1142 1896 1466 1955 materiam
1508 1897 1576 1956 in
1620 1897 1914 1957 futurum
1961 1916 2116 1973 opus
2156 1898 2390 1955 temere
2431 1915 2958 1973 congesseramus,
3006 1898 3092 1957 ad

583 2003 649 2052 60
674 2013 863 2073 quam
899 1993 1333 2069 expoliendam
1370 1994 1665 2070 plurimis
1695 1995 1949 2073 vigiliis,
1980 1994 2401 2071 plurimorum
2435 1995 2774 2056 authorum
2815 1993 3095 2055 lectione

674 2089 965 2152 videbam
1008 2091 1165 2170 opu‘s
1206 2091 1353 2152 fore.
1443 2092 1667 2169 Itaque
1716 2113 1845 2153 non
1900 2094 2241 2153 admodum
2296 2095 2428 2152 erat
2472 2093 2542 2153 in
2595 2094 2808 2153 animo
2863 2094 3094 2169 edere;

677 2208 896 2248 verum
922 2208 1068 2248 cum
1092 2188 1539 2250 intellexissem
1569 2192 1875 2266 quosdam
1897 2190 1997 2251 his
2025 2190 2495 2251 commentariis
2519 2191 2821 2265 insidiari,
2840 2211 3096 2269 parum-

676 2307 798 2364 que
850 2287 1125 2349 abfuisse
1179 2289 1329 2366 quin
1384 2289 1968 2366 incastigatissimos
2022 2289 2212 2349 etiam
2265 2289 2596 2366 ediderint,
2644 2293 2891 2351 coactus
2941 2311 3095 2351 sum

674 2389 993 2463 vtcunque
1046 2388 1410 2447 emendatos
1465 2387 1532 2446 in
1589 2387 1793 2448 lucem
1847 2388 2155 2448 emittere.
2260 2388 2421 2447 Nam
2464 2388 2528 2448 id
2573 2389 2815 2449 malum
2871 2389 3096 2449 visum

587 2495 650 2557 65
677 2487 775 2544 est
814 2483 1034 2545 leuius.
1122 2485 1294 2544 Bene
1333 2485 1490 2560 vale,
1535 2484 1747 2545 Colete
1790 2485 2042 2562 optime.

760 2581 1050 2642 Londini.
1109 2585 1302 2642 Anno
1330 2602 1586 2644 u.n.x11.
1673 2584 1886 2643 Tertio
1914 2584 2036 2643 kal.
2064 2584 2277 2645 Maias.

1319 2754 1468 2817 261.
1555 2753 1650 2817 To
1700 2752 2047 2817 WILLIAM
2094 2752 2453 2818 WARnAu.

754 2871 991 2928 Luciani
1016 2871 1263 2943 Dialogi‚
1288 2872 1398 2928 Tit.
1424 2880 1501 2928 νῦ.
2661 2872 2917 2928 London.

755 2960 928 3017 Lond.
952 2959 1106 3014 xxix.
1132 2976 1196 3015 2:
1234 2960 1343 3015 LB.
1370 2961 1410 3015 i.
1440 2964 1557 3030 183.
2572 2976 2642 3032 29
2665 2960 2831 3031 April
2862 2975 3019 3031 1512.

751 3064 886 3129 [The
921 3064 1129 3127 preface
1162 3067 1218 3113 to
1250 3069 1454 3115 Luc-iani
1486 3071 1686 3115 Erasmo
1718 3071 1958 3126 interprete
1988 3069 2173 3126 Dialeon·
2205 3099 2222 3115 .
2259 3098 2272 3113 .
2305 3103 2318 3115 .
2353 3081 2549 3125 quorum
2579 3070 2814 3124 quaedam
2844 3071 3099 3128 recentius,

683 3135 917 3188 quaedam
937 3145 1091 3178 annos
1111 3135 1278 3178 abhinc
1300 3136 1391 3179 octo
1411 3137 1525 3179 sunt
1544 3148 1687 3193 versa,
1714 3138 1792 3181 secl
1819 3148 1969 3191 nuper
1993 3136 2238 3193 recoquita,
2267 3132 2434 3189 Paris,
2464 3131 2687 3195 Badius,
2720 3147 2739 3178 1
2765 3131 2913 3180 June
2941 3146 3092 3193 1514.

684 3196 796 3243 The
817 3210 952 3258 copy
973 3210 1085 3243 was
1106 3198 1230 3243 sent
1253 3198 1311 3243 to
1335 3196 1541 3245 Badius
1563 3198 1621 3245 at
1643 3198 1759 3246 this
1780 3200 1916 3246 time
1935 3198 2050 3260 (Ep.
2074 3200 2172 3257 263
2197 3196 2306 3245 and
2331 3196 2504 3246 MHE.
2529 3197 2563 3246 i.
2591 3197 2694 3260 15),
2714 3196 2815 3245 but
2834 3196 2919 3246 for
2941 3212 3099 3246 some

686 3276 872 3310 reoeon
909 3261 1003 3309 the
1035 3261 1372 3322 publication
1402 3277 1511 3311 was
1541 3262 1801 3325 delayed3
1834 3279 1921 3313 see
1946 3261 2119 3311 MHE.
2147 3262 2204 3312 ii.
2234 3276 2265 3322 5
2288 3262 2399 3311 and
2423 3262 2555 3324 Epp.
2584 3265 2679 3323 267
2703 3261 2813 3311 and
2836 3276 2955 3324 093,
2980 3264 3097 3312 and

686 3327 770 3374 for
793 3325 889 3374 the
923 3326 1041 3374 first
1065 3326 1275 3376 edition
1298 3327 1394 3390 Ep.
1427 3327 1560 3392 ιδ’-1.]

766 3433 1078 3480 ERASMVS
1125 3434 1628 3485 ROTERODAMVS
1672 3434 2278 3483 REVERENDISSIMO
2325 3435 2401 3481 IN
2448 3435 2742 3483 CHRISTO
2788 3436 3005 3483 PATRI

933 3538 995 3583 D.
1042 3538 1401 3587 GVLIELMO
1448 3539 1989 3588 ARCHIEPISOOPO
2033 3538 2551 3587 CANTVARIENSI
2594 3537 2840 3587 '1'0'1'1vs

1448 3642 1762 3690 ANGLIAE
1809 3642 2107 3690 PRIMATI
2155 3642 2208 3689 S.
2247 3641 2317 3691 D.

767 3752 975 3815 Mun-o
1001 3755 1078 3814 ad
1108 3760 1170 3815 te
1199 3756 1489 3834 Dialogos
1516 3756 1758 3832 aliquot
1781 3756 2039 3816 Luciani
2066 3756 2297 3833 partim
2327 3774 2528 3831 nuper
2555 3774 2592 3814 a
2619 3775 2722 3814 me
2750 3756 3094 3829 traductos,

684 3851 918 3928 partim
956 3854 1324 3931 recognitos.
1408 3854 1636 3931 Nugas,
1669 3854 1898 3931 inquis,
1933 3854 2176 3928 mittis;
2218 3872 2416 3930 nugas
2451 3872 2617 3924 sane,
2651 3852 2760 3912 sed
2789 3852 3093 3931 literatus,

687 3950 992 4011 nimirum
1031 3955 1104 4012 vt
1144 3953 1360 4028 rideas,
1404 3953 1459 4011 si
1503 3955 1716 4012 tamen
1758 3971 2033 4029 vnquam
2074 3951 2277 4011 ridere
2317 3954 2511 4027 potes,
2555 3949 2748 4011 homo
2788 3951 2883 4009 tot
2926 3952 3100 4011 curis

686 4049 1023 4124 districtus,
1057 4053 1153 4111 tot
1191 4050 1583 4128 negotiorum
1609 4049 1905 4110 fluctibus
1941 4050 2218 4111 obrutus,
2310 4049 2429 4108 Sed
2463 4048 2562 4107 cui
2591 4049 2803 4125 potius
2836 4050 3098 4109 mittam

629 4160 659 4209 5
686 4146 979 4224 quicquid
1007 4147 1198 4208 fuerit
1225 4148 1398 4221 illud,
1434 4168 1542 4207 seu
1570 4132 1876 4207 ludicrum
1928 4168 2037 4207 seu
2066 4147 2317 4222 serium,
2352 4146 2514 4225 quod
2544 4166 2716 4207 meae
2743 4148 3101 4210 Camoenae

687 4247 1114 4323 produxerint,
1162 4266 1352 4323 quam
1396 4245 1514 4305 tibi
1561 4245 1745 4306 vnico
1801 4265 1941 4305 meo
1989 4244 2351 4314 Mecoenati,
2403 4244 2512 4321 qui
2566 4245 2739 4305 solus
2795 4246 2860 4303 et
2913 4244 3102 4304 addis

685 4346 970 4405 animum
1019 4344 1280 4404 Erasmo
1335 4346 1400 4403 et
1453 4343 1573 4402 alis
1620 4342 1948 4421 ingenium
2004 4347 2069 4403 et
2124 4343 2327 4403 otium
2376 4342 2735 4419 suppeditas
2787 4345 2852 4401 et
2904 4361 3099 4403 ornas

752 4479 862 4526 260.
920 4489 1000 4537 5¹·
1052 4473 1343 4536 Philiscos]
1391 4473 1579 4535 Steph.
1620 4474 1833 4522 Fieschi
2000 4489 2081 4534 53.
2107 4472 2354 4536 libellus]
2372 4471 2485 4521 The
2500 4477 2773 4531 synonyma
2789 4472 3099 4523 attributed

683 4542 942 4606 (Pliscus)
978 4543 1038 4589 ol
1064 4540 1315 4603 Soncino,
1337 4538 1390 4588 fl.
1422 4553 1563 4600 1453,
1598 4553 1630 4587 a
1661 4553 1834 4602 gram-
1936 4542 1994 4587 to
2027 4539 2245 4598 Cicer03
2289 4539 2605 4601 frequently
2627 4538 2848 4600 printed
2885 4542 2943 4586 at
2980 4539 3101 4588 this

681 4610 892 4657 marian
949 4606 1132 4654 whose
1179 4610 1454 4662 synonyma
1498 4619 1640 4654 were
1685 4605 1833 4653 often
1937 4606 2084 4654 time.

676 4673 899 4736 printed
926 4673 984 4720 iu
1008 4674 1116 4719 xv‘.
2001 4673 2082 4718 62.
2121 4668 2397 4732 insidiari]
2421 4669 2499 4717 Cf.
2528 4669 2623 4733 Ep.
2651 4684 2763 4731 ²44·
2789 4673 2893 4718 6n.
