3355 5380
672 358 787 412 332
1363 350 1746 412 Ln'rrsns
1800 350 1909 411 or
1962 348 2363 411 ERAsMUs
2878 343 3076 429 [1500

659 508 1049 570 eruditorum
1086 508 1347 570 societas
1375 511 1438 569 et
1466 528 1595 569 non
1623 506 1753 568 nisi
1777 509 1991 569 sancto
2017 505 2224 584 aliquo
2250 505 2510 583 pignore
2547 502 2902 566 sancienda.
2993 504 3071 565 Id

577 629 632 680 15
661 607 842 685 quale
869 606 953 668 sit
980 606 1106 667 iam
1132 606 1348 685 paucis
1373 625 1700 684 exponam.

740 704 995 782 Flagrat
1035 704 1162 764 iam
1207 705 1363 765 olim
1404 704 1565 765 mihi
1602 703 1960 766 incredibili
1997 703 2216 764 ardore
2254 702 2507 763 animus
2538 700 3082 781 Hieronymianas

656 801 950 881 epistolas
991 802 1461 864 commentariis
1502 801 1878 878 illustrandi,
1919 805 1983 863 et
2024 801 2231 862 nescio
2273 800 2415 878 quis
2456 800 2611 861 deus
2650 798 2816 861 mihi
2855 803 3079 879 pectus

655 901 940 963 accendit
963 901 1219 979 agitque
1244 906 1315 963 vt
1343 920 1478 962 rem
1504 903 1749 961 tantam
1776 904 1839 961 et
1866 919 1904 961 a
1931 899 2110 962 nullo
2136 899 2440 960 hactenus
2467 901 2777 960 tentatam
2804 897 3078 959 audeam

656 999 872 1062 animo
897 999 1236 1078 concipere.
1323 1000 1535 1061 Mouet
1566 1020 1668 1060 me
1696 999 1823 1060 viri
1849 997 2133 1059 coelestis
2159 1000 2225 1058 et
2251 995 2539 1058 omnium
2566 996 3076 1058 Christianorum

569 1120 628 1158 πο
653 1098 791 1159 sine
837 1098 1260 1159 controuersia
1304 1098 1494 1175 longe
1551 1101 1694 1157 tum
1749 1095 2099 1158 doctissimi
2152 1098 2293 1157 tum
2341 1095 2780 1156 facundissimi
2833 1095 3078 1173 pietas;

654 1196 834 1257 cuius
881 1196 1107 1275 scripta
1151 1216 1296 1257 cum
1338 1194 1527 1274 digna
1565 1195 1699 1256 sint
1740 1215 1897 1273 quae
1940 1195 2019 1256 ab
2064 1195 2361 1256 omnibus
2401 1193 2635 1272 passim
2678 1193 2975 1272 leg-antur
3013 1197 3077 1252 et

651 1294 1023 1369 ediscantur,
1055 1294 1164 1356 vix
1207 1294 1388 1371 pauci
1427 1295 1661 1372 legunt,
1703 1293 2025 1371 pauciores
2065 1292 2395 1366 mirantur,
2438 1290 2801 1371 paucissimi
2844 1290 3078 1351 intelli·

651 1395 834 1471 gunt.
904 1392 1107 1453 Deum
1137 1391 1578 1469 immortalem,
1602 1392 1846 1467 Scotus,
1874 1391 2176 1454 Albertus
2201 1395 2265 1452 et
2292 1390 2397 1451 his
2423 1389 2800 1452 indoctiores
2825 1392 3081 1451 autores

652 1490 949 1551 omnibus
976 1489 1045 1550 in
1073 1489 1306 1552 scholis
1334 1493 1747 1570 perstrepent,
1773 1493 1839 1551 et
1867 1489 1977 1550 ille
2005 1489 2231 1551 vnicus
2258 1488 2581 1568 religionis
2617 1492 2872 1549 nostrae
2900 1487 3081 1567 pugil

565 1613 623 1663 25
651 1588 1001 1650 illustrator
1042 1609 1112 1649 ac
1154 1588 1371 1649 lumen
1405 1589 1854 1667 Hieronymus,
1888 1588 1998 1666 qui
2041 1587 2277 1650 meruit
2317 1591 2389 1649 vt
2425 1608 2591 1649 vnus
2636 1585 3073 1660 celebraretur,

649 1707 816 1749 vnus
852 1707 928 1748 ex
969 1687 1266 1747 omnibus
1303 1688 1665 1749 tacebitur?
1719 1687 1843 1749 Sed
1880 1706 2013 1748 rem
2045 1687 2231 1749 video
2268 1685 2800 1765 indignissimam,
2837 1686 2918 1746 ob
2955 1686 3078 1746 hoc

649 1785 860 1864 ipsum
889 1784 1125 1863 negligi
1152 1783 1638 1864 Hieronymum,
1664 1806 1776 1864 per
1804 1785 1969 1864 quod
1991 1785 2373 1863 promeritus
2393 1787 2490 1845 est
2520 1804 2598 1844 ne
2628 1782 3069 1863 negligeretur.

650 1884 846 1944 Nocet
909 1882 1113 1944 autori
1169 1883 1528 1962 eloquentia
1583 1904 1743 1961 quae
1798 1883 2088 1962 religioni
2150 1883 2404 1961 profuit.
2511 1882 2771 1943 Alienat
2834 1881 3080 1942 multos

649 1980 995 2042 abstrusior
1049 1981 1320 2042 eruditio
1376 2002 1500 2059 qua
1554 1982 1958 2060 potissimum
2022 1982 2348 2061 oportebat
2412 2001 2561 2042 eum
2625 1980 3074 2042 commendari.

561 2099 625 2149 30
650 2078 847 2140 Pauci
895 2079 1105 2156 itaque
1153 2079 1471 2140 mirantur
1523 2100 1710 2158 quem
1771 2080 2065 2160 perpauci
2118 2080 2506 2158 intelligunt.
2599 2079 2778 2155 Quod
2829 2079 2890 2139 si
2931 2078 3078 2139 talis

649 2180 830 2238 autor
875 2176 1086 2254 dignis
1130 2178 1600 2240 commentariis
1647 2178 1842 2240 fuerit
1889 2178 2260 2257 illustratus,
2310 2178 2600 2239 futurum
2648 2177 2965 2256 prospicio
3001 2180 3077 2237 vt

649 2275 1151 2353 Hieronymiana
1197 2275 1413 2353 gloria,
1461 2279 1767 2355 tanquam
1815 2296 1982 2338 noua
2029 2276 2168 2338 luce
2216 2279 2476 2355 accepta,
2525 2295 2714 2355 quam
2762 2275 3076 2336 latissime

648 2372 948 2434 enitescat
970 2395 987 2448 ;
1031 2376 1102 2433 vt
1128 2373 1364 2451 passim
1386 2374 1455 2433 in
1476 2375 1725 2450 scholis,
1752 2375 1822 2436 in
1844 2375 2190 2452 auditoriis,
2219 2375 2286 2436 in
2308 2375 2581 2454 templis,
2607 2372 2799 2446 domi,
2823 2373 3079 2451 publice

649 2470 1074 2552 priuatimque
1101 2470 1344 2549 legatur
1369 2476 1434 2533 et
1459 2473 1785 2535 ediscatur.

561 2588 622 2640 35
732 2568 864 2630 Nec
911 2589 1014 2629 me
1063 2570 1216 2630 adeo
1264 2570 1430 2632 fallit
1478 2591 1666 2650 quam
1715 2572 1920 2633 audax
1974 2571 2220 2632 facinus
2266 2571 2478 2632 animo
2526 2569 3075 2650 praesumpserim.

651 2667 946 2729 Primum
983 2668 1206 2748 quanti
1249 2669 1491 2748 negocii
1529 2669 1720 2732 fuerit
1763 2670 2042 2746 mendas,
2084 2690 2241 2750 quae
2282 2689 2392 2749 per
2434 2673 2530 2732 tot
2569 2669 2781 2732 secula
2822 2669 3084 2747 penitus

653 2766 1034 2841 insederunt,
1072 2768 1371 2829 eradere?
1426 2769 1652 2830 deinde
1695 2773 2005 2848 quantum
2048 2770 2117 2830 in
2161 2769 2273 2830 illo
2313 2769 2728 2848 antiquitatis,
2764 2772 3078 2847 quantum

654 2866 1030 2927 Graecarum
1088 2866 1432 2942 literarum,
1492 2872 1804 2945 quantum
1859 2868 2267 2929 historiarum
2289 2870 2323 2929 ⁸?
2393 2871 2530 2929 tum
2584 2887 2740 2946 quae
2801 2868 3072 2946 phrasis,

655 2964 820 3041 quod
863 2963 1110 3025 dicendi
1158 2965 1496 3025 artificium
1514 2968 1548 3027 ⁸?
1602 2985 1725 3044 quo
1774 2986 1902 3027 non
1951 2966 2344 3029 Christianos
2388 2967 2576 3027 modo
2625 2985 2850 3027 omnes
2889 2967 3078 3046 longo

567 3084 631 3134 40
655 3066 797 3141 post
843 3082 908 3122 se
949 3062 1281 3123 interuallo
1326 3063 1643 3141 relinquit,
1684 3064 2100 3126 verumetiam
2143 3085 2286 3126 cum
2330 3065 2468 3143 ipso
2506 3065 2802 3128 Cicerone
2847 3069 3079 3126 certare

657 3161 931 3223 videtur.
1012 3161 1146 3238 Ego
1206 3166 1387 3236 certe,
1457 3162 1581 3223 nisi
1643 3183 1745 3224 me
1819 3163 2204 3225 sanctissimi
2258 3163 2383 3226 viri
2446 3163 2613 3225 fallit
2676 3183 2873 3237 amor,
2934 3183 3079 3224 cum

659 3258 1229 3336 Hieronymianam
1279 3260 1627 3321 orationem
1679 3280 1825 3322 cum
1874 3261 2280 3323 Ciceroniana
2325 3262 2590 3337 confero,
2639 3261 2863 3322 videor
2918 3262 3080 3322 mihi

660 3355 873 3416 nescio
912 3355 1063 3432 quid
1105 3356 1173 3417 in
1208 3357 1344 3435 ipso
1386 3358 1773 3437 eloquentiae
1813 3359 2096 3437 principe
2139 3360 2519 3439 desyderare.
2605 3361 2809 3421 Tanta
2852 3359 2924 3421 in
2961 3360 3081 3421 hoc

663 3458 879 3514 nostro
912 3453 1198 3530 varietas,
1229 3459 1480 3517 tantum
1518 3457 1978 3518 sententiarum
2015 3459 2279 3535 pondus,
2313 3462 2488 3520 tanta
2525 3458 3082 3537 enthymematum

575 3570 635 3621 45
664 3549 1044 3612 volubilitas.
1156 3552 1332 3628 Quod
1391 3555 1731 3616 artificium
1786 3555 1855 3616 in
1913 3557 2345 3635 eloquentium
2399 3556 2602 3619 literis
2656 3556 2956 3633 indicare,
3007 3561 3084 3617 vt

665 3647 1114 3711 difficillimum
1143 3653 1258 3727 est,
1290 3651 1379 3711 ita
1407 3651 1592 3731 longe
1619 3654 2049 3716 vtilissimum.
2139 3656 2217 3715 Id
2249 3656 2414 3733 quod
2450 3655 2541 3717 ita
2567 3675 2687 3731 me,
2722 3657 2918 3717 modo
2949 3655 3086 3734 ipse

667 3746 884 3807 dexter
926 3747 1107 3822 adsit,
1138 3749 1569 3811 confecturum
1610 3753 1870 3829 confide,
1903 3757 1974 3814 vt
2017 3753 2127 3831 qui
2166 3754 2467 3815 hactenus
2508 3754 3086 3833 Hieronymianam

666 3846 1091 3926 eloquentiam
1160 3850 1308 3907 sunt
1374 3848 1685 3926 admirati,
1758 3850 1883 3911 iam
1944 3851 2344 3929 eloquentem
2408 3852 2602 3914 fuisse
2676 3872 2744 3912 se
2810 3854 3086 3915 nescisse

668 3946 998 4006 fateantur.

579 4056 643 4107 50
753 4043 815 4102 A
851 4063 951 4103 me
984 4042 1239 4121 quidem
1277 4043 1574 4122 quicquid
1619 4046 1869 4124 vigiliis,
1901 4047 2199 4127 quicquid
2232 4049 2482 4111 assiduo
2520 4048 2745 4125 studio,
2780 4050 3089 4130 quicquid

739 4231 820 4279 23.
850 4216 1180 4331 lipdqsstigoes
1204 4221 1280 4265 E:
1315 4217 1669 4279 impolitiores
1692 4224 1749 4270 F.
1888 4223 1971 4273 28.
2006 4221 2228 4271 Alienat
2254 4258 2266 4270 .
2290 4259 2303 4273 .
2330 4257 2343 4271 .
2372 4237 2454 4284 29.
2481 4221 2857 4272 commendari
2879 4227 2990 4272 add.
3018 4227 3090 4277 H.

673 4297 754 4347 40.
791 4297 849 4332 re
873 4297 990 4345 iqui
1091 4319 1103 4332 .

739 4464 819 4511 23.
857 4448 1140 4513 Albertus]
1191 4448 1250 4498 of
1289 4448 1558 4499 Bollstadt
1599 4451 1748 4538 <1193
1767 4452 1826 4499 ?—
1926 4451 2162 4515 adapted
2208 4453 2304 4502 the
2347 4453 2703 4503 Aristotelian
2752 4454 3092 4518 philosophy

677 4517 844 4578 1280),
892 4515 1093 4565 known
1149 4530 1208 4564 as
1255 4514 1381 4564 ‘the
1425 4516 1604 4565 Great.
1712 4516 1825 4566 The
1927 4521 1984 4567 to
2022 4519 2116 4568 the
2168 4520 2370 4568 service
2413 4519 2474 4568 of
2516 4520 2612 4569 the
2657 4518 2897 4570 Church.
2988 4521 3093 4570 See

672 4581 883 4631 famous
907 4581 1232 4631 Dominican
1259 4581 1478 4631 toacher
1497 4582 1555 4630 of
1573 4582 1823 4645 cologne,
1927 4582 2205 4645 Rashdall,
2230 4589 2527 4635 Unirersitt'es
2547 4589 2604 4644 qs
2614 4588 2816 4649 Europe,
2838 4587 2875 4635 i.
2892 4585 3093 4649 363-7;

670 4647 795 4696 who
828 4647 965 4695 with
1001 4648 1087 4696 his
1127 4646 1282 4711 pupil
1312 4648 1545 4697 Thomas
1577 4649 1826 4709 Aquinas
1923 4648 2035 4699 and
2059 4650 2221 4700 NBG.
