3355 5380
238 406 422 491 1497]
1023 410 1129 470 ΤΟ
1184 411 1536 473 THOMAS
1592 412 1828 473 GREY
2517 419 2630 474 189

230 568 687 645 permissurum
744 586 895 645 esse,
940 566 1041 626 vel
1099 567 1643 646 interpellantibus
1689 570 1962 647 negociis
2007 573 2218 631 tecum
2265 591 2375 649 per
2419 572 2640 634 literas

230 666 403 743 loqui
429 664 640 726 libuit.
725 666 890 727 Caue
921 667 1176 744 posthac
1208 686 1246 727 a
1272 687 1375 727 me
1402 670 1703 745 expectes,
1733 671 1806 730 vt
1833 669 1901 729 in
1929 668 2202 747 singulis
2226 668 2508 746 epistolis
2534 671 2637 732 vel

228 784 439 825 meam
470 764 543 824 in
569 769 637 825 te
672 763 1173 825 beneuolentiam
1200 765 1514 841 testificer,
1543 766 1647 828 vel
1682 767 2012 843 ingenium
2040 770 2223 829 tuum
2260 769 2630 846 praedicem
2665 786 2700 836 5

228 864 437 924 Semel
466 862 587 924 hoc
613 861 734 923 tibi
759 881 1121 939 persuasum
1149 862 1360 937 velim,
1392 867 1502 924 tuo
1527 864 1698 925 isto
1677 884 1749 925 m
1777 884 1880 926 me
1906 866 2125 926 animo
2149 869 2282 927 tam
2309 886 2636 944 propenso,

228 968 362 1023 tam
406 960 689 1035 candido,
725 963 856 1021 tam
898 961 1199 1035 modeste,
1239 964 1371 1022 tam
1413 963 1672 1039 ardenti,
1713 966 1846 1023 tam
1887 965 2089 1025 amico
2130 985 2259 1025 non
2300 985 2434 1027 esse
2475 965 2639 1027 mihi

229 1079 436 1136 neque
462 1059 713 1120 charius
746 1060 1082 1136 quicquam
1109 1079 1308 1137 neque
1341 1060 1718 1135 iucundius3
1762 1082 1983 1139 meque
2011 1064 2197 1141 plane
2224 1064 2314 1123 sic
2342 1064 2636 1126 affectum

226 1178 380 1231 esse,
412 1160 483 1219 vt
519 1161 651 1218 tam
692 1158 873 1218 dulce
912 1157 1149 1218 bonum
1192 1159 1395 1218 nolim
1421 1159 1524 1219 vel
1565 1179 1711 1220 cum
1750 1160 2063 1221 vniuersis
2089 1163 2375 1222 Arabum
2416 1162 2639 1240 opibus

230 1258 636 1317 commutare.
725 1256 925 1316 Porro
971 1256 1048 1317 de
1095 1278 1236 1318 meo
1282 1257 1562 1317 vicissim
1612 1258 1684 1318 in
1730 1261 1795 1318 te
1841 1279 2052 1320 amore
2099 1261 2215 1320 hoc
2264 1260 2522 1338 perinde
2569 1265 2641 1321 vt
2671 1276 2731 1313 ιο

225 1354 551 1432 Apollinis
600 1355 920 1414 oraculum
969 1354 1234 1432 accipias
1280 1356 1491 1430 velim,
1545 1356 1698 1416 dum
1749 1359 1821 1416 tu
1867 1362 1931 1417 et
1977 1358 2281 1419 virtutem
2326 1362 2390 1420 et
2443 1357 2641 1420 bonas

226 1454 446 1514 literas
464 1452 555 1528 (id
577 1452 739 1531 quod
769 1452 946 1529 facis)
965 1453 1261 1531 amplecti
1287 1473 1520 1531 perges,
1542 1453 1720 1515 nulla
1738 1455 2207 1517 consuetudinis
2232 1457 2635 1532 intermissio,

226 1553 447 1613 nullus
495 1570 676 1612 casus
724 1551 891 1611 hunc
939 1551 1010 1610 in
1050 1554 1116 1611 te
1161 1553 1449 1612 animum
1497 1553 1787 1614 mutabit.
1875 1553 2129 1616 Solidus
2169 1555 2339 1615 enim
2387 1576 2564 1617 amor
2602 1578 2642 1619 a

222 1651 462 1711 virtute
502 1651 816 1728 profectus
846 1652 980 1709 tam
1013 1651 1208 1711 finem
1245 1652 1443 1713 nescit
1481 1671 1669 1729 quam
1712 1651 1916 1714 virtus
1951 1653 2102 1730 ipsa.
2191 1654 2449 1715 Etenim
2485 1672 2640 1733 quos

221 1749 539 1827 cupiditas
574 1748 807 1808 amicos
846 1748 1011 1822 facit,
1043 1768 1290 1809 necesse
1325 1752 1421 1810 est
1452 1752 1526 1809 vt
1561 1749 1729 1810 idem
1770 1750 2006 1810 amoris
2040 1751 2315 1829 lucrique
2346 1753 2432 1813 sit
2467 1752 2632 1815 finis.
2673 1765 2728 1815 16

225 1849 399 1925 Quos
439 1866 589 1907 vero
631 1847 920 1923 voluptas
959 1847 1037 1907 ad
1081 1848 1420 1908 amandum
1462 1847 1674 1923 allicit,
1718 1848 1808 1906 ibi
1848 1848 2041 1910 finem
2082 1850 2334 1911 amandi
2376 1852 2636 1925 faciunt,

222 1948 332 2008 vbi
384 1946 642 2007 satietas
691 1945 970 2005 subierit.
1057 1946 1178 2020 Qui
1228 1947 1491 2024 denique
1541 1947 1770 2024 puerili
1817 1947 2053 2024 impetu
2102 1949 2456 2010 animorum
2506 1970 2639 2011 sese

222 2044 669 2109 beneuolentia
709 2047 1186 2122 prosequuntur,
1225 2047 1361 2123 pari
1400 2043 1660 2106 leuitate
1700 2043 1779 2105 ab
1821 2045 2096 2106 amicitia
2127 2045 2477 2107 desciscunt
2519 2068 2641 2126 qua

221 2146 629 2206 accesserant.
718 2141 946 2203 Nostra
973 2142 1365 2203 necessitudo
1392 2141 1577 2221 longe
1598 2142 1963 2203 melioribus
1988 2143 2190 2205 initiis
2216 2147 2490 2222 profecta
2508 2165 2639 2205 non

222 2242 420 2321 paulo
474 2240 877 2302 solidioribus
924 2241 1233 2302 columnis
1287 2242 1599 2317 innititur,
1653 2242 1886 2321 quippe
1931 2262 2087 2321 quos
2141 2262 2271 2304 non
2327 2243 2643 2304 commodi
2671 2256 2733 2292 ²0

224 2341 409 2414 ratio,
457 2358 584 2399 non
632 2338 930 2416 voluptas,
978 2359 1107 2401 non
1148 2340 1447 2400 iuuenilis
1490 2340 1762 2413 affectus,
1807 2340 1916 2400 sed
1964 2341 2264 2401 honestus
2312 2341 2640 2401 literarum

222 2444 291 2501 et
333 2436 771 2499 communium
811 2437 1164 2498 studiorum
1212 2457 1388 2499 amor
1427 2435 1763 2514 copulauit.
1849 2437 1966 2498 Est
2011 2438 2183 2498 enim
2230 2438 2397 2500 inter
2444 2439 2640 2500 bonos

222 2536 665 2612 studiososque
712 2535 882 2596 viros
927 2535 1029 2596 vel
1085 2534 1333 2612 publica
1380 2535 1681 2613 quaedam
1729 2535 1836 2595 sed
1886 2536 2393 2596 constantissima
2441 2555 2640 2596 neces-

221 2635 457 2710 situdo,
491 2654 528 2695 e
552 2633 860 2696 similium
885 2653 1094 2694 rerum
1122 2632 1534 2695 admiratione
1576 2631 1860 2694 conflata.
1946 2632 2030 2695 Et
2059 2633 2352 2713 quoniam
2383 2632 2639 2695 virtutis

220 2734 515 2796 studium
534 2753 650 2794 nec
676 2733 1025 2794 satietatem
1044 2732 1227 2793 nouit
1245 2752 1359 2792 nec
1380 2731 1625 2792 casibus
1652 2731 1930 2793 fortuitis
1956 2732 2246 2807 subiacet,
2278 2751 2407 2793 non
2433 2734 2640 2808 potest
2669 2746 2727 2797 ²⁵

224 2834 545 2894 bonorum
571 2831 1004 2892 beneuolentia
1032 2850 1160 2890 non
1188 2850 1323 2891 esse
1348 2832 1659 2908 perpetua.

309 2931 457 2992 Hoc
495 2929 690 3007 igitur
727 2930 958 2990 amoris
997 2947 1223 3005 genere
1264 2949 1409 2989 cum
1450 2928 1652 2989 simus
1695 2928 1909 3003 iuncti,
1941 2926 2142 2988 vereri
2176 2946 2303 2985 non
2338 2925 2528 2987 debes
2561 2946 2640 2986 ne

225 3029 384 3109 quid
428 3030 496 3088 in
538 3031 821 3089 nostram
862 3027 1200 3087 amicitiam
1241 3027 1486 3100 incidat,
1527 3025 1735 3106 qualia
1772 3024 2137 3103 vulgaribus
2175 3024 2395 3085 amicis
2436 3024 2641 3084 multa

222 3128 468 3208 passim
519 3126 765 3187 euenire
808 3125 1114 3186 videmus.
1203 3125 1448 3201 Quanto
1498 3128 1568 3185 tu
1614 3124 2009 3185 innocentiae
2049 3126 2112 3184 et
2159 3122 2487 3183 literarum
2514 3123 2641 3183 eris

223 3225 561 3300 amantior,
592 3227 769 3286 tanto
797 3223 959 3284 mihi
985 3224 1227 3285 charior
1252 3243 1319 3284 es
1346 3224 1614 3284 futurus.
1705 3222 2016 3302 Equidem
2052 3221 2297 3282 abunde
2334 3240 2637 3300 magnum
2665 3237 2731 3288 30

222 3325 465 3386 amoris
519 3323 590 3383 in
638 3325 702 3383 te
756 3322 884 3382 mei
937 3323 1212 3383 fructum
1258 3322 1480 3382 tulisse
1523 3321 1797 3397 videbor,
1844 3321 1903 3381 si
1956 3321 2334 3398 praeclaram
2382 3319 2640 3380 virtutis

224 3422 533 3496 indolem,
583 3439 771 3498 quam
824 3421 895 3480 in
947 3424 1012 3482 te
1063 3421 1307 3499 primus
1360 3419 1797 3490 animaduerti,
1838 3439 1980 3480 mea
2028 3438 2211 3497 opera
2265 3419 2345 3478 ad
2392 3419 2638 3497 frugem

222 3520 590 3600 peruenisse
620 3518 852 3580 videro.
938 3518 1041 3579 Ad
1076 3517 1239 3596 quod
1270 3520 1342 3577 vt
1374 3516 1668 3578 manibus
1703 3517 2090 3595 pedibusque
2123 3515 2396 3591 enitaris,
2429 3519 2507 3590 te,
2546 3516 2639 3574 mi

225 3619 492 3693 Thoma,
539 3617 731 3678 etiam
775 3620 958 3695 atque
1000 3616 1191 3676 etiam
1235 3616 1469 3677 hortor.
1557 3615 1635 3676 Id
1683 3615 1889 3689 facies,
1938 3614 1994 3674 si
2040 3614 2311 3691 optimos
2359 3633 2637 3693 quosque

225 3721 481 3781 autores
520 3715 642 3775 tibi
680 3715 975 3793 legendos
1015 3733 1339 3792 propones,
1387 3713 1654 3774 lasciuos
1697 3716 1761 3774 et
1800 3713 2134 3774 obscoenos
2179 3732 2309 3773 non
2349 3732 2528 3773 secus
2568 3732 2639 3773 ac
2665 3728 2727 3780 35

224 3819 472 3894 pestem
527 3813 834 3891 quandam
886 3812 1138 3890 fugeris,
1192 3811 1560 3890 praesertim
1614 3812 1738 3872 ista
1791 3810 1994 3871 adhuc
2047 3813 2266 3885 aetate,
2319 3831 2473 3890 quae
2527 3831 2640 3873 sua

226 3917 457 3992 sponte
504 3911 756 3986 lubrica,
800 3931 929 3972 non
970 3915 1102 3971 tam
1144 3911 1223 3971 ad
1272 3912 1435 3970 recta
1484 3909 1781 3987 capienda
1826 3927 2134 3987 propensa
2174 3929 2364 3987 quam
2409 3910 2489 3969 ad
2536 3929 2635 3971 ne-

228 4011 503 4090 quitiam
551 4009 848 4087 procliuis
893 4012 1003 4069 est.
1093 4009 1403 4083 Quorsum
1453 4012 1663 4068 autem
1711 4006 1940 4067 attinet
1987 4007 2143 4068 istos
2193 4027 2335 4067 cum
2383 4027 2636 4067 morum

229 4110 613 4171 detrimento
657 4107 876 4185 legere,
923 4126 1067 4168 cum
1116 4105 1480 4183 neutiquam
1528 4105 1736 4165 desint
1785 4103 1893 4182 qui
1942 4104 2225 4165 doctrina
2271 4123 2402 4165 non
2447 4103 2638 4182 paulo

230 4211 375 4286 plus
444 4206 706 4285 prosint,
772 4204 1190 4266 obscoenitate
1259 4204 1425 4265 nihil
1492 4204 1756 4263 noceant
1772 4204 1804 4264 ⁶?
1912 4202 1993 4263 In
2055 4221 2320 4280 quorum
2375 4222 2638 4264 numero
2662 4220 2729 4270 40

227 4300 582 4380 Vergilium
599 4300 672 4360 in
691 4300 912 4376 primis
928 4299 1114 4378 leges,
1136 4299 1482 4370 Lucanum,
1499 4298 1876 4374 Ciceronem,
1894 4295 2310 4372 Lactantium,
2331 4296 2640 4372 Hierony·

232 4420 425 4476 mum,
459 4385 825 4474 Salustium,
858 4399 1075 4460 Titum
1104 4398 1375 4460 Liuium.

298 4597 343 4644 7.
378 4596 489 4632 non
511 4586 590 4631 F:
624 4578 773 4629 nihil
794 4582 852 4630 Ε.
1042 4594 1118 4629 12.
1154 4584 1227 4628 F.
1259 4578 1654 4628 consuetudine
1679 4577 1993 4627 intermissa
2012 4578 2072 4625 Β.
2257 4589 2334 4627 21.
2372 4573 2636 4623 iuuenilis

229 4652 342 4697 aad.
369 4652 424 4699 Γ.
627 4646 911 4695 literarum
933 4648 989 4694 et
1010 4650 1077 4694 F.
1109 4645 1498 4706 literarumque
1521 4647 1579 4692 E.
1813 4657 1896 4693 22.
1929 4656 2206 4692 commum
2187 4643 2305 4690 ium
2325 4639 2632 4690 studiorum

231 4716 318 4762 fl:
348 4715 661 4764 communis
682 4708 903 4772 quidam
925 4714 984 4763 Ε.
1186 4725 1264 4771 25.
1301 4710 1610 4759 satietatem
1634 4707 1799 4757 EN’:
1832 4708 2121 4758 unitatem
2140 4704 2257 4756 ΝΗ
