3355 5380
656 392 769 448 122
1348 386 1727 448 LETTERS
1783 387 1892 448 OF
1944 387 2347 450 ERASMUS
2860 385 3051 471 [1489

563 566 622 616 25
649 545 891 621 randas,
938 545 1332 606 insectandas
1372 547 1598 623 putant
1638 565 1898 620 omnes3
1956 544 2122 606 nihil
2161 545 2336 607 laudi
2375 546 2673 620 dandum,
2720 546 2890 625 quod
2931 547 3056 625 ipsi

648 645 964 718 nesciant;
1018 642 1185 721 quod
1228 642 1538 719 nouerint,
1568 643 1726 703 vitio
1767 643 2044 703 dandum
2087 643 2264 705 nihil.
2351 643 2595 706 Callide
2630 659 2815 704 sane·
2870 646 3054 721 parui

647 742 886 803 faciunt
921 760 1290 819 quocunque
1314 744 1545 816 carent,
1579 761 1660 801 ne
1689 742 2018 819 quicquam
2045 741 2175 801 illis
2201 760 2573 818 magnarum
2601 761 2814 804 rerum
2842 741 3055 804 deesse

647 844 918 919 putetur.
980 840 1231 900 Horum
1258 839 1570 900 sententia
1596 839 1900 900 barbarus
1917 840 2060 900 est
2039 859 2171 916 ipoe
2194 839 2457 914 Tullius,
2477 840 2695 901 doctus
2714 840 3047 902 Ebrardus.

647 940 1065 1016 Quamobrem
1081 940 1114 998 *Ρ
1180 937 1466 998 Profecto
1488 937 1568 998 ob
1595 937 1769 999 aliud
1797 937 1962 999 nihil
1988 937 2115 998 nisi
2142 937 2308 1016 quod
2337 939 2508 1000 hunc
2527 941 2852 1015 nonerunt,
2876 937 3053 1000 illius

560 1066 623 1113 30
648 1039 853 1118 ignari
881 1040 1045 1099 sunt.

728 1136 823 1199 Hi
856 1134 1107 1214 quidem
1137 1133 1595 1194 oratiunculam
1629 1136 1913 1194 nostram
1942 1133 2212 1209 videant,
2244 1133 2584 1210 inuideant,
2618 1136 3049 1210 criminentur,

646 1236 1037 1312 rumpantur,
1068 1232 1232 1292 nihil
1265 1231 1344 1291 ad
1382 1252 1484 1292 me
1514 1231 1781 1305 attinet;
1821 1234 1887 1292 et
1921 1230 2083 1291 mihi
2113 1231 2287 1293 enim
2313 1232 2488 1293 laudi
2514 1234 2637 1293 erit
2661 1233 2893 1294 talibus
2918 1253 3051 1293 non

645 1331 912 1412 probari,
933 1334 996 1391 et
1023 1330 1143 1408 ipsi
1161 1330 1314 1390 dum
1335 1334 1532 1391 tacere
1553 1332 1887 1408 nequeunt,
1913 1351 1979 1390 se
2005 1330 2299 1392 barbaros
2317 1330 2735 1409 ridiculosque
2755 1331 3053 1393 omnibus

644 1428 1014 1509 probabunt.
1100 1428 1427 1489 Praeterea
1462 1429 1766 1506 quosdam
1791 1427 2003 1489 videre
2039 1430 2137 1488 est
2172 1428 2493 1490 Thrasone
2529 1429 2642 1490 illo
2676 1430 3053 1491 Terentiano

559 1555 589 1602 3
594 1557 620 1605 5
644 1529 877 1607 plenos,
896 1527 1167 1605 quicum
1188 1527 1476 1586 omnium
1497 1526 1627 1586 sint
1651 1525 1950 1604 imperiti,
1970 1525 2259 1588 omnium
2286 1526 2408 1587 sibi
2431 1528 2667 1588 artium
2685 1527 3053 1589 facultatem

646 1627 973 1688 temeraria
991 1625 1368 1686 confidentia
1385 1627 1448 1685 et
1467 1624 1810 1685 confidenti
1835 1625 2185 1685 temeritate
2199 1624 2553 1686 vendicant.
2614 1625 2739 1686 His
2758 1625 3054 1702 equidem

647 1725 813 1787 nihil
853 1725 922 1784 in
963 1724 1245 1784 medium
1284 1722 1561 1801 proferes
1602 1722 1768 1801 quod
1809 1741 1941 1782 non
1982 1722 2239 1800 pulchre
2280 1724 2588 1799 calleant3
2641 1723 2803 1784 belle
2846 1727 3047 1800 orant,

644 1823 807 1884 belle
832 1824 1365 1901 argumentantur,
1399 1820 1562 1881 belle
1589 1820 1870 1881 carmina
1897 1820 2191 1895 condunt,
2223 1820 2386 1882 belle
2414 1821 2854 1899 grammatices
2882 1822 3053 1882 docti

646 1925 811 1997 sunt,
845 1921 1007 1982 belle
1033 1919 1320 1994 musicen
1351 1922 1415 1979 et
1442 1938 1599 1996 quae
1627 1939 1760 1979 non
1775 1921 1810 1979 ⁴?

557 2065 622 2114 ⁴0
947 2043 1055 2103 Nil
1096 2043 1253 2102 bene
1294 2061 1438 2102 cum
1477 2042 1729 2117 faciant,
1771 2041 2014 2102 faciunt
2053 2044 2268 2102 tamen
2311 2042 2525 2103 omnia
2562 2042 2742 2104 belle.

646 2168 768 2229 His
795 2169 959 2226 certe
995 2166 1052 2225 si
1084 2164 1331 2244 quando
1356 2163 1604 2225 vacabit
1638 2169 1921 2226 nostram
1951 2165 2410 2227 oratiunculam
2438 2166 2658 2245 legere,
2689 2165 3049 2245 intelligent

645 2266 737 2342 (vt
763 2263 1046 2340 arbitror,
1073 2283 1202 2324 non
1231 2263 1509 2341 obscure)
1536 2263 1705 2324 haud
1734 2263 2064 2323 mediocris
2090 2283 2222 2324 esse
2249 2265 2500 2326 artificii
2527 2265 2752 2327 Latine
2781 2266 3049 2327 oratorie

646 2366 758 2426 aut
784 2364 984 2424 dicere
1010 2365 1121 2423 aut
1148 2362 1424 2437 scribere,
1458 2362 1881 2439 desinentque,
1914 2361 1971 2422 si
1998 2361 2149 2440 quid
2176 2363 2245 2423 in
2272 2363 2364 2424 eis
2389 2364 2648 2441 pudoris
2674 2365 2810 2440 erit,
2833 2385 3048 2426 earum

645 2463 768 2523 sibi
807 2482 1015 2523 rerum
1058 2480 1214 2539 quas
1255 2480 1575 2538 nunquam
1619 2460 1973 2521 didicerunt
2004 2460 2335 2522 vendicare
2374 2462 2685 2540 peritiam.
2772 2462 2948 2537 Quod
2992 2463 3049 2522 si

556 2584 618 2634 ⁴5
645 2582 837 2641 vsque
877 2561 1029 2621 adeo
1066 2559 1303 2637 gloriae
1340 2559 1550 2637 cupidi
1590 2562 1742 2619 sunt
1769 2561 1839 2619 vt
1876 2557 2154 2637 qualibet
2191 2580 2329 2620 eam
2367 2562 2608 2621 ratione
2640 2565 3039 2639 aucupentur,

645 2680 750 2721 eas
783 2658 994 2738 potius
1033 2658 1153 2720 sibi
1190 2678 1291 2720 res
1328 2678 1684 2737 comparare
1727 2657 2013 2719 laborent
2051 2657 2278 2736 quibus
2314 2658 2742 2721 immortalem
2777 2657 3045 2737 gloriam

644 2758 934 2837 consequi
958 2760 1241 2837 possunt,
1261 2777 1341 2817 ne
1362 2758 1495 2818 tam
1514 2757 1767 2835 gloriosi
1787 2776 1973 2835 quam
1993 2756 2392 2835 gloriabundi
2411 2759 2818 2837 appellentur.
2878 2757 3048 2820 Nam

644 2856 810 2918 male
834 2859 1015 2934 parta
1040 2856 1237 2933 gloria
1263 2855 1440 2917 breui
1461 2855 1799 2930 dilabitur-3
1833 2875 1979 2915 vera
1996 2855 2233 2916 radices
2259 2856 2389 2934 agit
2415 2860 2604 2936 atque
2629 2857 2833 2918 indies
2859 2856 3052 2918 latius

646 2955 993 3033 clariusque
1032 2953 1279 3016 relucet.
1366 2955 1695 3016 Caeterum
1736 2953 2078 3015 mediocres
2118 2953 2229 3031 qui
2268 2957 2435 3029 sunt,
2472 2975 2616 3015 cum
2657 2955 3049 3017 literatorum

558 3077 620 3126 50
644 3056 754 3114 aut
773 3054 1085 3115 orationes
1113 3056 1223 3115 aut
1246 3057 1531 3131 poemata
1556 3038 1842 3131 legerint,
1863 3052 2146 3113 sentiunt
2163 3071 2231 3112 se
2249 3054 2648 3114 vehementer
2667 3055 3049 3115 commoneri

644 3155 829 3230 atque
869 3171 1234 3230 quocunque
1274 3170 1476 3210 sermo
1515 3150 1778 3212 traxerit
1818 3151 1918 3228 agi
1960 3150 2252 3229 rapique3
2308 3151 2457 3229 quid
2500 3154 2715 3212 tamen
2748 3172 2854 3213 eos
2886 3172 3047 3213 com-

645 3251 913 3311 mouerit
953 3250 1172 3327 ignari.
1260 3249 1353 3309 Hi
1392 3253 1607 3310 nostro
1648 3249 1860 3310 labore
1895 3247 1999 3310 vel
2038 3270 2116 3311 ex
2156 3251 2346 3328 parte,
2378 3251 2527 3328 quid
2570 3270 2678 3312 eos
2720 3254 3045 3330 tantopere

644 3347 923 3424 delectet,
948 3347 1182 3408 discere
1208 3350 1520 3423 poterunt.
1595 3346 1924 3409 Postremo
1950 3350 2013 3408 et
2040 3350 2127 3422 tu,
2153 3348 2246 3408 mi
2275 3348 2526 3412 Corneli
2553 3348 2940 3426 suauissime,
2966 3368 3046 3409 ex

644 3445 761 3505 hoc
807 3447 1022 3505 nostro
1061 3445 1270 3506 studio
1313 3445 1552 3523 aliquid
1601 3448 1714 3507 aut
1752 3446 2065 3524 profectus
2103 3450 2212 3507 aut
2252 3450 2420 3508 certe
2461 3448 2803 3526 voluptatis
2842 3448 3048 3526 capies

558 3561 618 3612 55
644 3563 838 3620 spero,
925 3543 1039 3604 Sin
1081 3544 1246 3604 nihil
1295 3544 1512 3622 capies,
1557 3563 1670 3621 ego
1712 3547 1926 3605 tamen
1974 3544 2345 3606 amicissimi
2384 3546 2510 3606 viri
2552 3546 2752 3607 officio
2793 3546 3049 3607 functus

642 3641 835 3702 fuero·
919 3641 1079 3704 Vale
1105 3662 1345 3719 meque,
1376 3646 1450 3703 vt
1476 3642 1645 3718 facis,
1679 3662 1840 3703 ama.

1482 3804 1587 3870 31.
1675 3802 1772 3867 To
1817 3820 1863 3867 A
1909 3802 2202 3872 mem.

713 3886 853 3944 Vita
875 3885 1095 3943 Erasmi
1119 3906 1171 3959 p.
1205 3889 1318 3958 198.
2702 3887 2974 3961 (steyn.)

714 3975 883 4032 Lond.
910 3975 1062 4031 xxxi.
1089 3993 1192 4047 29:
1231 3974 1339 4030 LB.
1367 3976 1509 4048 App.
1542 3990 1656 4047 507.
2708 3975 2743 4047 <
2755 3980 2890 4047 1489
2907 3976 2976 4048 ?)

710 4097 864 4163 [This
885 4096 1048 4147 letter
1077 4099 1125 4146 is
1146 4098 1375 4161 perhaps
1405 4102 1820 4176 contemporary
1840 4098 1979 4147 with
2004 4097 2099 4160 ΕΡ.
2127 4113 2209 4160 30,
2236 4098 2419 4147 which
2443 4099 2491 4148 it
2513 4099 2812 4148 resembles
2843 4098 3050 4161 closely

642 4164 705 4211 in
738 4166 879 4214 tone.
968 4162 1144 4226 ‘Quae
1177 4164 1243 4214 de
1282 4162 1485 4213 litteris
1518 4162 1867 4227 scripsimus'
1903 4163 1964 4226 (1.
2000 4165 2087 4226 76)
2120 4178 2249 4226 may
2282 4164 2348 4212 be
2387 4164 2552 4214 taken
2585 4168 2642 4214 to
2676 4163 2819 4214 refer
2852 4168 2910 4213 to
2949 4164 3049 4213 the

641 4233 762 4278 Anto
754 4231 986 4290 barbam
1019 4228 1128 4278 and
1150 4230 1247 4278 the
1269 4230 1487 4279 words‘
1503 4228 1861 4279 liuidulorum
1883 4229 2147 4291 garritus’
2168 4229 2226 4294 (1.
2245 4230 2331 4292 46)
2359 4230 2524 4278 recall
2548 4230 2642 4280 the
2665 4229 2813 4279 lines
2842 4229 3047 4292 quoted

642 4293 783 4343 from
806 4294 900 4343 the
920 4296 1280 4354 Apoloqeticoni
1260 4311 1323 4344 ιιι
1346 4294 1439 4356 ΕΡ.
1466 4309 1548 4346 22.

704 4359 914 4409 There
899 4374 948 4408 is
970 4375 1041 4409 no
1070 4359 1189 4409 clue
1218 4361 1275 4408 to
1305 4361 1401 4409 the
1424 4360 1665 4423 identity
1686 4360 1746 4409 of
1770 4360 1866 4410 the
1895 4374 2089 4423 person
2113 4359 2421 4422 addi-essed,
2447 4361 2659 4424 beyond
2684 4360 2809 4411 that
2832 4358 2904 4409 he
2934 4374 3049 4410 was

640 4439 673 4474 a
725 4425 961 4475 married
1005 4440 1150 4487 man,
1195 4425 1306 4475 and
1351 4426 1459 4474 had
1502 4426 1696 4475 shown
1738 4426 1998 4476 Erasmus
2041 4441 2185 4475 some
2238 4377 2549 4476 ltindnesa.y
2607 4426 2741 4476 This
2787 4426 3047 4476 Erasmus

639 4488 1048 4554 acknowledges
1079 4492 1151 4555 by
1182 4491 1277 4541 the
1314 4490 1419 4554 gift
1458 4492 1518 4540 of
1549 4507 1583 4542 a
1614 4492 1952 4555 manuscript
1992 4491 2051 4543 of
2083 4492 2317 4541 Terence
2357 4494 2580 4541 written
2614 4492 2757 4542 with
2788 4491 2880 4541 his
2921 4506 3046 4540 own

642 4557 840 4622 hand]

711 4709 788 4754 40.
826 4692 916 4742 Nil
938 4691 1098 4756 bene]
1125 4690 1200 4743 Cf.
1230 4690 1385 4741 Mart.
1408 4704 1457 4743 ιι.
1484 4706 1529 4752 7.
1558 4705 1604 4753 7.
1841 4691 1922 4750 48.
1960 4689 2103 4739 male
2124 4688 2303 4753 parta]
2326 4690 2405 4742 Cf.
2432 4690 2542 4741 Cic.
2563 4694 2684 4740 Phil.
2711 4704 2760 4741 2.
2786 4705 2867 4751 27.
2894 4692 2979 4753 65.
