3355 5380
299 389 482 474 1507]
1014 392 1121 452 ΤΟ
1176 392 1463 455 ALDUS
1518 393 1970 456 MANUTIUS
2568 400 2687 457 439

288 550 487 629 plaria
529 549 657 611 iam
711 548 942 610 omnia.
1026 548 1263 610 Verum
1319 568 1447 610 non
1503 550 1655 612 satis
1701 551 2060 611 consultum
2106 553 2202 611 est
2245 551 2451 612 famae
2493 571 2684 627 meae,

289 669 484 728 vsque
527 648 681 710 adeo
729 647 976 709 mendis
1007 650 1252 708 scatent
1286 648 1512 723 omnia,
1549 652 1739 727 atque
1773 649 1952 710 offert
1995 648 2248 725 quidem
2287 648 2396 710 ille
2438 669 2691 728 operam

289 767 470 809 suam
504 750 576 808 vt
612 745 994 825 superiorem
1037 745 1377 806 editionem
1420 746 1761 824 posteriore
1804 747 2114 808 resarciat.
2199 745 2320 807 Sed
2363 765 2580 807 vereor
2609 766 2692 807 ne
2721 765 2785 815 3⁰

290 847 464 907 iuxta
492 845 908 923 Sophocleum
936 844 1231 923 adagium
1257 845 1497 906 malum
1526 846 1692 907 malo
1729 846 1974 908 sarciat.
2060 845 2497 906 Existimarim
2526 846 2693 906 lucu-

289 944 606 1006 brationes
654 964 826 1005 meas
877 942 1354 1004 immortalitate
1390 945 1669 1021 donatas,
1716 946 1771 1005 si
1814 945 1944 1006 tuis
1979 963 2236 1005 excusae
2289 943 2580 1005 formulis
2618 943 2690 1004 in

287 1044 494 1104 lucem
521 1041 803 1118 exierint,
826 1043 1101 1102 maxime
1134 1042 1584 1105 minutioribus
1611 1043 1744 1105 illis
1770 1044 2058 1104 omnium
2086 1042 2500 1104 nitidissimis.
2588 1043 2691 1104 Ita

288 1142 400 1203 fiet
439 1145 511 1203 vt
555 1140 854 1202 volumen
894 1141 979 1201 sit
1032 1141 1464 1219 perpusillum,
1512 1145 1575 1203 et
1606 1142 1828 1220 exiguo
1866 1145 2125 1220 sumptu
2168 1162 2267 1202 res
2302 1140 2685 1204 conficiatur.

289 1240 466 1315 Quod
494 1240 549 1300 si
574 1238 694 1300 tibi
719 1239 1038 1299 videbitur
1064 1240 1464 1300 commodum
1502 1241 1830 1318 negocium
1869 1240 2192 1318 suscipere,
2223 1259 2336 1318 ego
2371 1238 2692 1318 exemplar
2719 1257 2779 1306 35

286 1338 688 1399 emendatum
730 1337 894 1415 quod
943 1336 1131 1399 mitto
1166 1358 1277 1416 per
1318 1338 1487 1399 hunc
1529 1337 1825 1400 iuuenem
1864 1338 2060 1417 gratis
2092 1337 2515 1417 suppeditabo,
2563 1338 2690 1401 nisi

289 1436 453 1515 quod
481 1435 747 1513 paucula
771 1436 1097 1497 volumina
1124 1436 1376 1497 mittere
1401 1436 1674 1498 volueris
1701 1437 1921 1500 amicis
1948 1436 2254 1499 donanda.

367 1533 584 1612 Neque
610 1554 724 1611 ego
749 1554 995 1595 vererer
1030 1555 1164 1595 rem
1202 1554 1342 1596 meo
1382 1539 1643 1613 sumptu
1686 1555 1951 1614 meoque
1989 1535 2263 1615 periculo
2303 1534 2529 1610 moliri,
2561 1535 2686 1596 nisi

289 1631 449 1693 mihi
470 1635 634 1693 esset
672 1632 843 1693 intra
867 1651 1094 1710 paucos
1123 1653 1369 1694 menses
1408 1633 1597 1695 Italia
1622 1635 2054 1713 relinquenda.
2142 1634 2345 1710 Quare
2379 1633 2686 1712 peruelim

285 1751 420 1791 rem
449 1730 923 1809 quamprimum
950 1730 1207 1793 absolui.
1281 1732 1397 1792 Est
1433 1734 1646 1793 autem
1672 1732 1782 1793 vix
1812 1732 2022 1793 decem
2051 1732 2299 1792 dierum
2335 1732 2680 1808 negocium.
2712 1749 2777 1796 40

284 1829 459 1904 Quod
477 1829 534 1890 si
560 1829 766 1890 modis
793 1829 1088 1891 omnibus
1112 1830 1393 1907 postulas
1417 1832 1491 1891 vt
1531 1833 1785 1891 centum
1811 1833 1922 1892 aut
1958 1831 2225 1892 ducenta
2258 1831 2582 1892 volumina
2606 1830 2685 1892 ad

285 1946 389 1986 me
423 1926 734 2004 recipiam,
778 1926 1033 1988 tametsi
1074 1946 1204 1987 non
1246 1928 1407 1988 solet
1446 1928 1608 1988 mihi
1648 1928 1992 1990 admodum
2017 1927 2330 2007 propicius
2366 1948 2499 1990 esse
2531 1927 2685 1988 Mer-

284 2024 494 2085 curius
535 2025 644 2086 ille
674 2025 904 2105 κερδῷος
929 2030 994 2087 et
1036 2026 1690 2091 incommodissimum
1731 2028 1853 2088 erit
1897 2027 2206 2089 sarcinam
2252 2027 2677 2104 transportari,

283 2127 499 2183 tamen
527 2143 605 2183 ne
633 2124 699 2184 id
733 2125 987 2202 quidem
1017 2126 1337 2203 grauabor‚
1368 2126 1554 2186 modo
1580 2129 1654 2187 tu
1691 2146 1923 2204 equum
1957 2125 2340 2205 praescribas
2379 2124 2675 2204 precium.

282 2222 456 2297 Vale,
491 2222 846 2283 doctissime
871 2224 1053 2297 Alde,
1098 2226 1162 2284 et
1188 2224 1524 2285 Erasmum
1543 2224 1612 2284 in
1640 2244 1856 2286 eorum
1886 2243 2146 2285 numero
2181 2225 2399 2302 ponito
2425 2224 2537 2303 qui
2565 2223 2682 2285 tibi
2711 2240 2773 2289 45

282 2340 359 2382 ex
384 2320 598 2382 animo
625 2322 784 2382 bene
808 2323 1082 2400 cupiunt.

364 2419 434 2482 Si
462 2420 613 2497 quid
643 2423 738 2481 est
766 2420 836 2481 in
865 2421 1108 2482 officina
1135 2424 1246 2482 tua
1272 2440 1401 2482 non
1422 2422 1796 2484 vsitatorum
1826 2422 2182 2497 authorum,
2211 2425 2462 2498 gratum
2492 2421 2683 2483 facies

280 2517 336 2579 si
367 2516 710 2593 indicabis3
752 2538 903 2580 nam
931 2519 1097 2580 docti
1136 2519 1236 2580 illi
1283 2519 1581 2581 Britanni
1615 2519 1732 2580 hoc
1777 2519 1940 2580 mihi
1977 2518 2217 2597 negocii
2250 2521 2556 2581 dederunt
2583 2520 2681 2581 vti

279 2617 780 2697 peruestigarem.
891 2617 958 2679 Si
1001 2618 1079 2679 de
1115 2618 1553 2698 imprimendis
1595 2619 1957 2698 Tragoediis
2003 2637 2103 2679 res
2143 2618 2356 2680 animo
2399 2621 2509 2680 tuo
2549 2638 2678 2679 non

279 2717 450 2778 sedet
487 2717 763 2792 omnin0,
797 2716 1016 2777 reddes
1056 2718 1375 2795 exemplar
1409 2718 1553 2779 huic
1595 2717 1717 2796 ipsi
1755 2718 1865 2797 qui
1903 2719 2117 2779 attulit
2157 2718 2234 2778 ad
2282 2737 2384 2778 me
2416 2718 2680 2778 referen·
2704 2727 2770 2779 50

282 2814 455 2876 dum.
537 2815 878 2877 Bononiae.
965 2834 1023 2875 v.
1051 2815 1179 2878 Cal.
1212 2815 1550 2879 Nouembr.

366 2946 613 3024 (aldo)
633 2945 922 3007 Manutio
939 2946 1241 3023 Romano,
1261 2947 1398 3008 viro
1419 2946 1911 3025 (vnde)cunque
1928 2947 2308 3009 doctissimo.
2372 2947 2668 3009 venetiis.

911 3134 1057 3198 208.
1145 3131 1242 3196 To
1288 3132 1633 3197 WILLIAM
1679 3134 2034 3199 WARHAM.

351 3247 586 3305 Hecuba
609 3252 670 3307 et
693 3250 1000 3324 Iphigenia
1024 3251 1095 3306 f0.
1121 3252 1177 3308 d.
2141 3250 2487 3325 <Bologna.>

349 3336 523 3394 Lond.
546 3337 701 3395 xxix.
731 3353 829 3411 25:
868 3337 978 3395 LB.
1004 3338 1043 3395 i.
1075 3353 1224 3410 1153.
2021 3338 2378 3411 (November
2408 3340 2600 3413 1507.)

346 3457 486 3523 [The
508 3459 720 3521 prefaoe
742 3462 800 3509 to
820 3462 1072 3519 Iphiqma
1092 3460 1154 3508 in
1177 3458 1274 3508 the
1296 3461 1500 3509 reissue
1521 3460 1581 3509 of
1594 3463 1786 3510 Hecuba
1812 3465 1856 3509 a
1873 3465 2126 3520 Iphn‘oonia
2148 3466 2203 3510 in
2223 3466 2399 3511 Aulide
2420 3466 2677 3522 Euripidis

280 3528 540 3584 ίνασοοάίαο
561 3529 616 3572 in
635 3528 862 3573 Latinum
885 3529 1084 3574 tralatu
1112 3528 1316 3574 Eramno
1336 3529 1636 3574 Romame
1656 3530 1912 3587 interprm,
1938 3525 2151 3589 Venice,
2174 3527 2366 3592 Aldus,
2394 3527 2517 3578 Dec.
2550 3542 2673 3591 1507

284 3589 358 3651 (Β,
384 3603 443 3637 as
465 3590 524 3638 in
547 3590 642 3652 Ep.
675 3592 781 3650 188,
807 3590 991 3639 where
1014 3606 1047 3640 a
1067 3590 1160 3639 list
1184 3590 1245 3640 of
1260 3590 1496 3640 editions
1519 3592 1566 3640 is
1586 3592 1788 3653 given).
1859 3591 1914 3641 It
1938 3606 2050 3641 was
2071 3593 2294 3642 written
2326 3598 2383 3644 to
2416 3595 2542 3643 take
2574 3595 2673 3644 the

281 3653 433 3715 place
454 3655 512 3703 of
528 3655 626 3704 the
645 3656 895 3718 previous
912 3655 1137 3719 preface,
1160 3655 1254 3718 Ep.
1276 3656 1384 3719 198,
1399 3656 1459 3705 of
1468 3656 1652 3706 which
1676 3657 1723 3706 it
1744 3658 1792 3707 is
1811 3656 2024 3720 plainly
2044 3673 2117 3707 an
2139 3658 2548 3722 amplification,
2563 3658 2673 3709 and

282 3720 408 3767 sent
428 3719 566 3767 with
589 3719 688 3782 Ep.
712 3736 824 3783 209,
851 3735 909 3769 as
929 3735 1059 3771 soon
1081 3736 1141 3770 as
1160 3721 1336 3771 Aldus
1357 3722 1611 3785 accepted
1635 3723 1730 3771 the
1751 3723 1999 3786 proposal
2022 3723 2182 3773 made
2204 3725 2264 3773 in
2286 3724 2386 3788 Ep.
2412 3724 2552 3790 nov]

377 3850 739 3903 GVLIELMO
783 3851 1329 3901 ARcmEHscol’o
1373 3853 1890 3903 CANTVARIENSI
1937 3855 2251 3905 ERASMVS
2295 3857 2346 3905 S.
2392 3858 2453 3904 P.
2502 3857 2566 3905 D.

357 3972 783 4043 Pommqvu
826 3972 974 4033 huic
1017 3972 1366 4050 tragoediae
1409 3994 1635 4036 manus
1681 3974 1975 4036 admoliri
2020 3976 2376 4055 coepissem,
2424 3978 2673 4057 amplis·

275 4070 431 4130 sime
457 4070 737 4145 Praesul,
762 4070 1054 4149 protinus
1074 4070 1274 4131 alium
1301 4074 1612 4150 quendam
1632 4073 1936 4134 orationis
1954 4077 2210 4150 gustum
2238 4075 2673 4154 diuersamque

274 4168 573 4229 carminis
599 4169 877 4229 indolem
910 4169 1145 4229 sentire
1187 4168 1351 4229 mihi
1386 4189 1531 4247 sum
1556 4170 1747 4233 visus.
1814 4171 1981 4232 Nam
2025 4173 2116 4250 (ni
2155 4173 2359 4251 fallor)
2400 4177 2464 4234 et
2507 4175 2673 4252 plus-

278 4266 491 4327 culum
543 4266 729 4328 habet
770 4268 1057 4328 candoris
1110 4270 1174 4328 et
1214 4267 1411 4328 fusior
1454 4271 1550 4329 est
1604 4269 1812 4330 dictio.
1919 4270 2054 4346 Quo
2110 4271 2367 4348 quidem
2414 4271 2672 4331 nomine

277 4364 615 4440 Sophoclea
651 4366 854 4426 videri
882 4368 1108 4444 queat;
1148 4369 1214 4427 at
1240 4386 1458 4427 rursus
1496 4370 2006 4443 argumentorum
2034 4369 2338 4431 densitate
2373 4369 2671 4446 quasique
2699 4385 2727 4433 5

276 4460 712 4523 declamatoria
769 4465 1038 4541 quadam
1093 4464 1394 4526 suadendi
1443 4485 1511 4527 ac
1560 4466 1961 4528 dissuadendi
2002 4468 2295 4528 facultate
2342 4469 2669 4544 parentem

277 4556 642 4636 Euripidem
696 4563 897 4639 magis
954 4564 1161 4625 refert.
1256 4563 1626 4644 Quanquam
1695 4566 1824 4627 vtri
1876 4565 1961 4626 sit
2013 4564 2407 4627 inscribenda
2467 4584 2667 4643 neque

341 4687 453 4738 207.
474 4702 553 4750 3¹·
588 4689 973 4757 Sophocleum]
995 4696 1143 4757 Aiax,
1170 4694 1286 4755 362.
1584 4712 1663 4756 42.
1705 4696 2027 4761 Mercurius]
2053 4695 2131 4747 Cf.
2153 4697 2287 4759 Epp.
2314 4696 2401 4744 181
2420 4679 2533 4745 and
2550 4710 2663 4757 225.
