3355 5380
300 389 490 473 1499]
959 394 1067 455 'ro
1107 393 1576 456 ADOLPHus
1617 395 1726 456 OF
1763 395 2049 458 VERRE
2584 403 2698 458 231

291 550 633 628 perfectam
664 550 1030 628 prouexerit
1063 554 1135 609 vt
1172 569 1251 610 ne
1289 550 1355 611 id
1392 551 1645 629 quidem
1683 571 2053 629 recenseam,
2083 552 2247 630 qued
2284 552 2411 614 iam
2452 574 2618 616 nunc
2647 558 2710 617 te

290 649 591 727 puellum
605 656 761 726 qum
788 648 1069 726 plerique
1096 649 1399 727 primates
1424 648 1628 724 aulici,
1661 652 1802 711 tum
1828 650 2270 712 chrissimnsf
2252 671 2384 729 ipse
2420 653 2711 731 princeps

294 749 639 826 Philippus
689 749 978 809 certatim
1032 747 1210 810 fatali
1257 750 1530 826 quodam
1580 749 1794 809 fauore
1839 749 2186 826 studioque
2226 750 2703 874 prosequuntur,
2732 768 2795 819 35

294 846 460 908 nihil
491 866 620 908 non
653 846 792 908 ausi
817 846 938 908 sibi
966 847 1045 908 de
1069 849 1178 906 tua
1205 845 1414 907 indole
1441 846 1789 924 polliceri..

379 943 481 1029 [f0.
496 942 617 1026 A-⁴]
700 945 845 1006 Iam
892 964 1062 1006 nunc
1096 945 1447 1007 admodum
1487 944 1693 1007 adhuc
1742 963 1914 1022 puer,
1966 944 2146 1023 quasi
2188 944 2428 1023 gemini
2468 944 2708 1006 decoris

291 1044 611 1123 specimen
650 1043 840 1117 aedis,
872 1046 1024 1120 puta
1057 1046 1199 1104 tum
1233 1043 1433 1131 animi
1469 1043 1715 1120 pstemi
1746 1042 1899 1104 belli
1936 1043 2230 1121 pacisque
2260 1043 2708 1105 artibusiuxta

294 1141 654 1220 prestantis,
685 1146 828 1203 tum
864 1141 1133 1203 materni
1169 1141 1406 1220 ingenii
1440 1141 1510 1202 in
1537 1141 1719 1202 cuius
1744 1161 1814 1203 se
1846 1161 2051 1202 mores
2090 1140 2254 1201 nihil
2292 1140 2522 1202 habere
2548 1141 2707 1203 iuris

296 1240 436 1318 ipss
460 1259 706 1317 quoque
732 1239 984 1301 fortuna
1009 1240 1290 1301 miratur.
1364 1239 1449 1300 Et
1476 1239 1665 1301 illum
1693 1241 1951 1318 quidem
1973 1238 2242 1300 militiae
2271 1240 2491 1300 decora
2516 1242 2705 1319 atque
2728 1261 2793 1311 ⁴0

932 1338 1160 1399 ardens
1185 1338 1394 1399 euexit
1421 1340 1500 1400 ad
1527 1338 1781 1399 aethera
1805 1337 2053 1412 virtus3

292 1437 446 1498 haec
481 1439 692 1498 autem
730 1436 1050 1498 rarissimo
1085 1455 1343 1515 prorsus
1375 1436 1664 1513 exemplo
1692 1443 1838 1498 cum
1867 1436 2140 1496 femineo
2166 1456 2318 1497 sexu
2348 1437 2700 1498 masculum

286 1533 494 1595 animi
514 1534 749 1609 ashur,
790 1553 937 1597 cum
983 1536 1253 1596 summis
1302 1535 1473 1596 vitae
1520 1534 1766 1596 deliciis
1807 1535 1989 1613 (quas
2034 1534 2210 1595 illius
2260 1535 2524 1607 fortuna,
2574 1555 2701 1596 non

286 1632 564 1706 animus,
596 1632 897 1710 postulat)
936 1634 1394 1695 continentiam
1437 1632 1888 1706 incredibilem,
1921 1638 2064 1692 cum
2100 1632 2333 1693 eximia
2375 1633 2703 1694 nobilitate

291 1730 884 1808 superbissimisque
903 1732 1255 1792 stemmatis
1275 1731 1652 1792 modestiam
1679 1734 1745 1790 et
1765 1730 2123 1792 comitatem
2144 1751 2335 1808 prope
2363 1731 2698 1810 plusquam
2725 1752 2788 1800 45

292 1828 629 1904 plebeiam,
644 1829 914 1906 denique
932 1831 1009 1891 vt
1032 1828 1228 1889 semel
1255 1830 1647 1907 complectar,
1682 1849 1828 1888 cum
1846 1830 1996 1890 auls
2014 1828 2340 1889 Christum
2361 1828 2696 1905 copulauit.

290 1928 631 2004 Vtrunque
667 1927 861 2005 igitur
885 1931 1227 2004 parentem,
1259 1927 1563 2005 Adolphe,
1596 1927 1868 1987 alterum
1897 1925 2409 2003 inuictissimum,
2441 1927 2701 1988 alteram

289 2025 754 2102 pientissimsm
782 2025 1472 2103 modestissimamque
1454 2045 1579 2085 iam
1606 2045 1716 2103 spe
1749 2024 2020 2103 quadam
2056 2024 2147 2085 ita
2175 2025 2380 2099 refers,
2410 2029 2483 2086 vt
2511 2026 2703 2086 simul

290 2126 360 2183 et
397 2122 727 2184 Mauortiis
768 2122 994 2185 studiis
1038 2123 1317 2202 capiaris,
1365 2142 1567 2202 neque
1611 2142 1648 2181 a
1698 2122 2021 2183 Musarum
2072 2122 2377 2184 litterario
2419 2125 2551 2184 ocio
2600 2124 2702 2186 ab·

293 2221 377 2281 ho
551 2266 567 2282 .
600 2266 616 2282 .
649 2267 666 2284 .
699 2266 715 2282 .
2763 2244 2796 2278 0

378 2241 616 2400 {382⁸}
661 2319 828 2381 Illud
849 2324 1058 2382 autem
1076 2341 1252 2398 spem
1275 2321 1353 2381 de
1374 2325 1438 2382 te
1457 2325 1738 2383 nostram
1751 2319 1855 2381 vel
1873 2320 2149 2380 maxime
2166 2320 2512 2396 confirmat,
2537 2323 2701 2400 quod
2731 2243 2758 2292 ⁵

292 2422 538 2494 praeter
590 2419 779 2480 istam
835 2424 1093 2482 naturae
1148 2419 1493 2481 bonitatem
1552 2418 1726 2480 domi
1772 2418 2038 2496 contigit
2093 2417 2320 2479 hsbere
2373 2421 2702 2499 vti-iusque

290 2516 556 2578 virtutis
592 2518 927 2596 magistros
957 2519 1254 2597 egregios,
1285 2517 1543 2580 bellicae
1579 2516 1835 2595 quidem
1863 2535 2053 2577 auum
2084 2520 2286 2594 tuum,
2316 2518 2384 2578 in
2412 2540 2537 2596 quo
2564 2520 2703 2579 viro

289 2614 459 2676 nihil
484 2634 703 2676 eorum
733 2616 1064 2696 desyderes
1090 2636 1249 2694 quae
1276 2616 1482 2678 solent
1519 2636 1556 2677 a
1589 2615 1937 2677 fortissimo
1962 2615 2120 2676 duce
2147 2615 2398 2692 requiri,
2431 2617 2703 2694 philoso-

287 2714 479 2793 phiae
503 2734 653 2775 vero
678 2734 749 2775 ac
775 2715 977 2777 veluti
1003 2716 1273 2777 musices
1297 2715 1473 2777 illius
1500 2714 1866 2776 Platonicae
1892 2713 2191 2775 Iacobum
2209 2714 2487 2789 Battum,
2512 2716 2701 2776 deum
2726 2735 2789 2786 55

290 2812 735 2887 immortalem,
784 2833 973 2890 quam
1021 2833 1161 2874 rara
1207 2813 1503 2889 doctrina,
1551 2832 1739 2891 quam
1785 2812 2017 2873 eximia
2062 2813 2231 2874 vitae
2285 2813 2481 2872 totius
2528 2814 2703 2875 inno·

286 2912 513 2984 centia,
545 2931 737 2989 quam
762 2911 1068 2991 singulari
1095 2912 1388 2973 facundia
1411 2912 1639 2974 virum.
1668 2954 1686 2972 .
1718 2956 1735 2973 .
1766 2954 1783 2972 .

373 3005 560 3091 [ibid.
564 3004 589 3090 ]
672 3009 1214 3085 Quemadmodum
1262 3009 1550 3071 Phoenix
1596 3009 1707 3071 ille
1761 3009 2137 3072 Homericus
2192 3008 2428 3070 Achilli
2492 3010 2702 3086 puello

284 3108 495 3170 adhuc
520 3126 802 3214 peneque
826 3108 1142 3170 infantulo
1168 3110 1352 3170 datus
1379 3112 1475 3169 est

1451 3206 1843 3285 διδασκέμεναι
1868 3205 2001 3265 τάδε
2026 3208 2211 3266 πάντα
2724 3214 2792 3264 60

778 3303 969 3382 μύθων
992 3329 1053 3364 τε
1080 3304 1271 3382 ῥητῆρ’
1298 3305 1487 3382 ἔμεναι
1512 3306 1808 3382 πρηκτῆρά
1835 3329 1897 3364 τε
1924 3306 2115 3384 ἔργων,

287 3411 513 3472 itidem
568 3409 747 3471 tuam
800 3410 1135 3472 infantiam
1191 3411 1456 3473 vixdum
1509 3431 1548 3473 a
1597 3411 1758 3473 lacte
1815 3411 2142 3490 depulsam
2199 3411 2412 3470 statim
2469 3411 2701 3473 Battus

283 3509 573 3587 excepit3
612 3509 973 3570 nutricandi
999 3529 1232 3570 munus
1260 3529 1405 3571 cum
1434 3510 1789 3571 nutricibus
1814 3528 1890 3569 ex
1923 3505 2122 3586 aequo
2147 3508 2432 3586 partitus,
2457 3510 2531 3568 vt
2558 3509 2702 3572 illae

282 3606 729 3686 corpusculum
765 3605 950 3667 tuum
984 3610 1292 3684 curarent,
1322 3607 1427 3668 hic
1460 3608 1748 3668 animum
1786 3607 2068 3685 fingeret,
2099 3606 2391 3668 videlicet
2425 3605 2544 3667 hoc
2571 3607 2699 3667 iam

284 3710 429 3767 tum
459 3709 679 3783 agente
704 3708 922 3781 matre,
953 3709 1024 3766 vt
1050 3706 1187 3783 ipso
1225 3726 1417 3785 prope
1453 3726 1599 3767 cum
1626 3706 1788 3767 lacte
1815 3705 2113 3766 auriculis
2141 3704 2395 3767 tenellis
2421 3704 2700 3781 preclara
2725 3713 2788 3778 ⁶5

283 3805 399 3865 illa
418 3803 774 3881 sapientum
795 3803 1090 3882 dogmata
1107 3804 1467 3880 instillaret,
1494 3803 1847 3881 mentisque
1873 3806 2018 3864 tuae
2044 3806 2358 3864 recentem
2378 3802 2698 3877 testulam‚

281 3903 468 3964 cuius
495 3902 750 3963 odorem
776 3905 842 3963 et
868 3901 938 3963 in
964 3920 1217 3963 omnem
1243 3922 1442 3980 vsque
1466 3902 1671 3963 vitam
1702 3905 1865 3963 esset
1896 3901 2236 3977 redditura,
2269 3893 2700 3980 philosophiae

280 4001 571 4063 balsamo
604 3997 932 4077 imbueret,
966 4019 1167 4077 neque
1204 3999 1514 4079 lingulam
1545 4000 1734 4061 istam
1769 4001 2004 4061 sineret
2039 4000 2287 4079 vulgari
2319 3998 2701 4077 stribiligine

279 4096 491 4179 pollui
522 4096 630 4160 sed
665 4098 1003 4176 purissimo
1035 4097 1360 4158 Musarum
1396 4098 1684 4176 irrigaret
1720 4118 1920 4174 succo,
1953 4119 2024 4159 ac
2065 4098 2494 4177 pectusculum
2529 4096 2697 4158 istud

279 4196 442 4257 rude
500 4195 708 4256 adhuc
771 4199 835 4256 et
890 4195 959 4256 in
1020 4195 1307 4273 quemuis
1359 4195 1651 4257 habitum
1708 4216 1940 4275 sequax
1994 4198 2341 4275 praeceptis
2396 4193 2697 4257 formaret
2724 4214 2787 4265 70

278 4313 520 4355 amicis.
552 4337 569 4355 .
611 4333 630 4353 .
663 4339 681 4356 .

350 4415 432 4476 ⁴8·
467 4416 867 4478 pientissimam
891 4434 923 4464 α
944 4412 971 4466 x'
993 4417 1398 4479 integerrimam
1419 4419 1473 4472 β.
1594 4418 1676 4467 68.
1711 4420 1784 4473 βε
1815 4418 2151 4482 scribiligine
2174 4416 2220 4466 «ιιι
2246 4437 2258 4467 :
2291 4418 2605 4481 scribligine
2627 4416 2693 4464 αἳ.

348 4588 429 4632 ⁴1·
464 4574 691 4640 ardens]
706 4574 864 4637 Verg.
886 4578 1007 4624 Aen.
1030 4576 1080 4625 6.
1111 4589 1219 4636 ¹30·
1601 4576 1683 4635 58.
1721 4575 1987 4641 Phoenix]
2012 4581 2074 4628 ll.
2098 4591 2146 4639 9.
2172 4592 2286 4639 442,
2309 4591 2359 4638 3.

348 4655 432 4702 53.
465 4640 655 4705 auum]
689 4641 921 4702 Antony
942 4640 1001 4689 os
1028 4640 1331 4703 Burgundy
1356 4641 1427 4704 (p.
1603 4655 1683 4701 70.
1717 4642 2043 4707 praeceptis]
2082 4643 2160 4692 Cf.
2208 4643 2344 4692 Hor.
2383 4644 2504 4700 Epp.
2558 4655 2605 4689 2.
2648 4654 2690 4690 1.

277 4706 423 4769 208).
1539 4708 1649 4757 128.
