<?xml version="1.0" encoding="UTF-8"?>
<!DOCTYPE html PUBLIC "-//W3C//DTD XHTML 1.0 Transitional//EN"
    "http://www.w3.org/TR/xhtml1/DTD/xhtml1-transitional.dtd">
<html xmlns="http://www.w3.org/1999/xhtml" xml:lang="en" lang="en">
 <head>
  <title>
</title>
<meta http-equiv="Content-Type" content="text/html;charset=utf-8" />
  <meta name='ocr-system' content='tesseract 3.04.00' />
  <meta name='ocr-capabilities' content='ocr_page ocr_carea ocr_par ocr_line ocrx_word'/>
</head>
<body>
  <div class='ocr_page' id='page_1' title='image "./opusepistolarum00flowgoog_0218.png"; bbox 0 0 3355 5380; ppageno 0'>
   <div class='ocr_carea' id='block_1_1' title="bbox 715 357 3088 442">
    <p class='ocr_par' dir='ltr' id='par_1_1' title="bbox 715 357 3088 442">
     <span class='ocr_line' id='line_1_1' title="bbox 715 357 3088 442; baseline -0.001 -20"><span class='ocrx_word' id='word_1_1' title='bbox 715 367 828 425; x_wconf 80' lang='lat'><strong>186</strong></span> <span class='ocrx_word' id='word_1_2' title='bbox 1409 361 1784 423; x_wconf 67' lang='lat' dir='ltr'>LETTERS</span> <span class='ocrx_word' id='word_1_3' title='bbox 1837 362 1944 423; x_wconf 81' lang='lat' dir='ltr'><strong>OF</strong></span> <span class='ocrx_word' id='word_1_4' title='bbox 1997 361 2397 424; x_wconf 70' lang='lat' dir='ltr'>ERASMUS</span> <span class='ocrx_word' id='word_1_5' title='bbox 2903 357 3088 442; x_wconf 82' lang='lat'><strong>[1497</strong></span> 
     </span>
    </p>
   </div>
   <div class='ocr_carea' id='block_1_2' title="bbox 588 516 3135 4428">
    <p class='ocr_par' dir='ltr' id='par_1_2' title="bbox 588 516 3135 4428">
     <span class='ocr_line' id='line_1_2' title="bbox 710 516 3096 598; baseline -0.003 -16"><span class='ocrx_word' id='word_1_6' title='bbox 710 541 838 585; x_wconf 89' lang='lat' dir='ltr'><strong>non</strong></span> <span class='ocrx_word' id='word_1_7' title='bbox 863 521 1033 582; x_wconf 84' lang='lat' dir='ltr'><strong>idem</strong></span> <span class='ocrx_word' id='word_1_8' title='bbox 1063 519 1339 598; x_wconf 75' lang='lat' dir='ltr'><strong>proditor</strong></span> <span class='ocrx_word' id='word_1_9' title='bbox 1374 519 1460 581; x_wconf 88' lang='lat' dir='ltr'><strong>sit</strong></span> <span class='ocrx_word' id='word_1_10' title='bbox 1495 520 1810 581; x_wconf 86' lang='lat' dir='ltr'><strong>maximus</strong></span> <span class='ocrx_word' id='word_1_11' title='bbox 1829 522 1991 595; x_wconf 82' lang='lat' dir='ltr'><strong>3—-et</strong></span> <span class='ocrx_word' id='word_1_12' title='bbox 2017 539 2374 598; x_wconf 87' lang='lat' dir='ltr'><strong>quanquam</strong></span> <span class='ocrx_word' id='word_1_13' title='bbox 2402 518 2642 579; x_wconf 87' lang='lat' dir='ltr'><strong>nullius</strong></span> <span class='ocrx_word' id='word_1_14' title='bbox 2666 516 2961 579; x_wconf 86' lang='lat' dir='ltr'><strong>facinoris</strong></span> <span class='ocrx_word' id='word_1_15' title='bbox 2986 516 3096 577; x_wconf 89' lang='lat' dir='ltr'><strong>ille</strong></span> 
     </span>
     <span class='ocr_line' id='line_1_3' title="bbox 708 615 3099 697; baseline -0.002 -17"><span class='ocrx_word' id='word_1_16' title='bbox 708 619 884 681; x_wconf 88' lang='lat' dir='ltr'><strong>rudis</strong></span> <span class='ocrx_word' id='word_1_17' title='bbox 922 621 1101 693; x_wconf 87' lang='lat' dir='ltr'><strong>esset,</strong></span> <span class='ocrx_word' id='word_1_18' title='bbox 1140 617 1303 678; x_wconf 88' lang='lat' dir='ltr'><strong>hanc</strong></span> <span class='ocrx_word' id='word_1_19' title='bbox 1345 620 1561 678; x_wconf 88' lang='lat' dir='ltr'><strong>tamen</strong></span> <span class='ocrx_word' id='word_1_20' title='bbox 1607 618 1857 679; x_wconf 87' lang='lat' dir='ltr'><strong>laudem</strong></span> <span class='ocrx_word' id='word_1_21' title='bbox 1902 618 2024 679; x_wconf 88' lang='lat' dir='ltr'><strong>sibi</strong></span> <span class='ocrx_word' id='word_1_22' title='bbox 2078 619 2323 697; x_wconf 82' lang='lat' dir='ltr'>proprie</span> <span class='ocrx_word' id='word_1_23' title='bbox 2367 616 2738 693; x_wconf 79' lang='lat' dir='ltr'><strong>vindicabat,</strong></span> <span class='ocrx_word' id='word_1_24' title='bbox 2788 619 2863 677; x_wconf 82' lang='lat' dir='ltr'><strong>vt</strong></span> <span class='ocrx_word' id='word_1_25' title='bbox 2907 615 3099 676; x_wconf 85' lang='lat' dir='ltr'><strong>huius</strong></span> 
     </span>
     <span class='ocr_line' id='line_1_4' title="bbox 707 715 3098 795; baseline -0.002 -17"><span class='ocrx_word' id='word_1_26' title='bbox 707 716 1144 795; x_wconf 73' lang='lat' dir='ltr'><strong>appellationis</strong></span> <span class='ocrx_word' id='word_1_27' title='bbox 1177 716 1676 778; x_wconf 71' lang='lat' dir='ltr'><strong>antonomasiam</strong></span> <span class='ocrx_word' id='word_1_28' title='bbox 1714 717 2026 794; x_wconf 89' lang='lat' dir='ltr'><strong>quandam</strong></span> <span class='ocrx_word' id='word_1_29' title='bbox 2062 716 2183 777; x_wconf 91' lang='lat' dir='ltr'><strong>sibi</strong></span> <span class='ocrx_word' id='word_1_30' title='bbox 2220 716 2428 777; x_wconf 90' lang='lat' dir='ltr'><strong>deberi</strong></span> <span class='ocrx_word' id='word_1_31' title='bbox 2460 715 2752 793; x_wconf 65' lang='lat' dir='ltr'><strong>putaret!</strong></span> <span class='ocrx_word' id='word_1_32' title='bbox 2832 715 2994 775; x_wconf 82' lang='lat' dir='ltr'><strong>Tum</strong></span> <span class='ocrx_word' id='word_1_33' title='bbox 3024 716 3098 773; x_wconf 85' lang='lat' dir='ltr'><strong>tu</strong></span> 
     </span>
     <span class='ocr_line' id='line_1_5' title="bbox 591 812 3099 891; baseline 0.002 -22"><span class='ocrx_word' id='word_1_34' title='bbox 591 821 687 871; x_wconf 87' lang='lat'><strong>180</strong></span> <span class='ocrx_word' id='word_1_35' title='bbox 709 813 1145 879; x_wconf 86' lang='lat' dir='ltr'><strong>subhaesitans</strong></span> <span class='ocrx_word' id='word_1_36' title='bbox 1177 813 1423 890; x_wconf 87' lang='lat' dir='ltr'><strong>‘Atqui’</strong></span> <span class='ocrx_word' id='word_1_37' title='bbox 1450 812 1776 891; x_wconf 85' lang='lat' dir='ltr'><strong>inquiebas</strong></span> <span class='ocrx_word' id='word_1_38' title='bbox 1805 816 2192 891; x_wconf 71' lang='lat' dir='ltr'>‘portentum</span> <span class='ocrx_word' id='word_1_39' title='bbox 2229 814 2398 875; x_wconf 85' lang='lat' dir='ltr'><strong>istud</strong></span> <span class='ocrx_word' id='word_1_40' title='bbox 2437 814 2645 875; x_wconf 89' lang='lat' dir='ltr'><strong>nescio</strong></span> <span class='ocrx_word' id='word_1_41' title='bbox 2681 833 2764 875; x_wconf 90' lang='lat' dir='ltr'><strong>an</strong></span> <span class='ocrx_word' id='word_1_42' title='bbox 2791 812 3099 874; x_wconf 65' lang='lat' dir='ltr'><strong>viderim?</strong></span> 
     </span>
     <span class='ocr_line' id='line_1_6' title="bbox 712 911 3099 989; baseline -0.002 -14.946"><span class='ocrx_word' id='word_1_43' title='bbox 712 912 1158 974; x_wconf 84' lang='lat' dir='ltr'><strong>‘’Fortunatus</strong></span> <span class='ocrx_word' id='word_1_44' title='bbox 1197 912 1457 989; x_wconf 90' lang='lat' dir='ltr'><strong>inquam</strong></span> <span class='ocrx_word' id='word_1_45' title='bbox 1501 915 1621 987; x_wconf 82' lang='lat' dir='ltr'><strong>‘‚tu</strong></span> <span class='ocrx_word' id='word_1_46' title='bbox 1658 913 2027 988; x_wconf 83' lang='lat' dir='ltr'><strong>Christiane,</strong></span> <span class='ocrx_word' id='word_1_47' title='bbox 2070 913 2126 973; x_wconf 91' lang='lat' dir='ltr'><strong>si</strong></span> <span class='ocrx_word' id='word_1_48' title='bbox 2166 932 2295 973; x_wconf 89' lang='lat' dir='ltr'><strong>non</strong></span> <span class='ocrx_word' id='word_1_49' title='bbox 2328 913 2577 973; x_wconf 85' lang='lat' dir='ltr'><strong>visurus</strong></span> <span class='ocrx_word' id='word_1_50' title='bbox 2612 932 2697 973; x_wconf 89' lang='lat' dir='ltr'><strong>es.</strong></span> <span class='ocrx_word' id='word_1_51' title='bbox 2783 911 2949 971; x_wconf 85' lang='lat' dir='ltr'><strong>Nam</strong></span> <span class='ocrx_word' id='word_1_52' title='bbox 2984 928 3099 987; x_wconf 79' lang='lat' dir='ltr'><strong>ego</strong></span> 
     </span>
     <span class='ocr_line' id='line_1_7' title="bbox 708 1010 3100 1089; baseline -0.001 -18"><span class='ocrx_word' id='word_1_53' title='bbox 708 1011 998 1087; x_wconf 89' lang='lat' dir='ltr'><strong>quamuis</strong></span> <span class='ocrx_word' id='word_1_54' title='bbox 1043 1010 1273 1071; x_wconf 84' lang='lat' dir='ltr'><strong>furiam</strong></span> <span class='ocrx_word' id='word_1_55' title='bbox 1319 1028 1509 1087; x_wconf 86' lang='lat' dir='ltr'><strong>quam</strong></span> <span class='ocrx_word' id='word_1_56' title='bbox 1564 1010 1683 1070; x_wconf 91' lang='lat' dir='ltr'><strong>hoc</strong></span> <span class='ocrx_word' id='word_1_57' title='bbox 1731 1012 2049 1071; x_wconf 88' lang='lat' dir='ltr'><strong>ostentum</strong></span> <span class='ocrx_word' id='word_1_58' title='bbox 2096 1010 2315 1071; x_wconf 87' lang='lat' dir='ltr'><strong>malim</strong></span> <span class='ocrx_word' id='word_1_59' title='bbox 2360 1011 2643 1089; x_wconf 78' lang='lat' dir='ltr'><strong>aspicere.</strong></span> <span class='ocrx_word' id='word_1_60' title='bbox 2744 1010 2836 1070; x_wconf 89' lang='lat' dir='ltr'><strong>Vt</strong></span> <span class='ocrx_word' id='word_1_61' title='bbox 2886 1011 3100 1069; x_wconf 84' lang='lat' dir='ltr'><strong>autem</strong></span> 
     </span>
     <span class='ocr_line' id='line_1_8' title="bbox 707 1107 3101 1188; baseline -0 -20"><span class='ocrx_word' id='word_1_62' title='bbox 707 1108 1102 1188; x_wconf 81' lang='lat' dir='ltr'><strong>paucissimis</strong></span> <span class='ocrx_word' id='word_1_63' title='bbox 1142 1108 1260 1169; x_wconf 91' lang='lat' dir='ltr'><strong>tibi</strong></span> <span class='ocrx_word' id='word_1_64' title='bbox 1304 1107 1581 1169; x_wconf 87' lang='lat' dir='ltr'><strong>hominis</strong></span> <span class='ocrx_word' id='word_1_65' title='bbox 1627 1108 1894 1184; x_wconf 82' lang='lat' dir='ltr'><strong>effigiem</strong></span> <span class='ocrx_word' id='word_1_66' title='bbox 1941 1111 2433 1185; x_wconf 79' lang='lat' dir='ltr'><strong>repraesentem3</strong></span> <span class='ocrx_word' id='word_1_67' title='bbox 2489 1108 2783 1186; x_wconf 90' lang='lat' dir='ltr'><strong>quicquid</strong></span> <span class='ocrx_word' id='word_1_68' title='bbox 2823 1126 3101 1185; x_wconf 84' lang='lat' dir='ltr'><strong>vnquam</strong></span> 
     </span>
     <span class='ocr_line' id='line_1_9' title="bbox 707 1206 3098 1282; baseline -0 -14"><span class='ocrx_word' id='word_1_69' title='bbox 707 1210 957 1281; x_wconf 81' lang='lat' dir='ltr'><strong>tetrum,</strong></span> <span class='ocrx_word' id='word_1_70' title='bbox 1029 1207 1370 1282; x_wconf 88' lang='lat' dir='ltr'><strong>horridum,</strong></span> <span class='ocrx_word' id='word_1_71' title='bbox 1433 1208 1873 1281; x_wconf 88' lang='lat' dir='ltr'><strong>monstrosum,</strong></span> <span class='ocrx_word' id='word_1_72' title='bbox 1934 1207 2287 1281; x_wconf 83' lang='lat' dir='ltr'><strong>distortum,</strong></span> <span class='ocrx_word' id='word_1_73' title='bbox 2347 1207 2612 1280; x_wconf 84' lang='lat' dir='ltr'><strong>foedum,</strong></span> <span class='ocrx_word' id='word_1_74' title='bbox 2671 1206 2740 1266; x_wconf 90' lang='lat' dir='ltr'><strong>in</strong></span> <span class='ocrx_word' id='word_1_75' title='bbox 2809 1206 3098 1267; x_wconf 88' lang='lat' dir='ltr'><strong>omnium</strong></span> 
     </span>
     <span class='ocr_line' id='line_1_10' title="bbox 592 1304 3101 1382; baseline -0 -17"><span class='ocrx_word' id='word_1_76' title='bbox 592 1304 682 1365; x_wconf 86' lang='lat'><strong>185</strong></span> <span class='ocrx_word' id='word_1_77' title='bbox 709 1305 1043 1368; x_wconf 89' lang='lat' dir='ltr'><strong>hominum</strong></span> <span class='ocrx_word' id='word_1_78' title='bbox 1068 1304 1426 1382; x_wconf 74' lang='lat' dir='ltr'><strong>corporibus</strong></span> <span class='ocrx_word' id='word_1_79' title='bbox 1450 1305 1682 1365; x_wconf 81' lang='lat' dir='ltr'><strong>vidisse</strong></span> <span class='ocrx_word' id='word_1_80' title='bbox 1724 1305 2089 1380; x_wconf 75' lang='lat' dir='ltr'><strong>meministi,</strong></span> <span class='ocrx_word' id='word_1_81' title='bbox 2121 1305 2189 1365; x_wconf 90' lang='lat' dir='ltr'><strong>in</strong></span> <span class='ocrx_word' id='word_1_82' title='bbox 2217 1325 2417 1365; x_wconf 83' lang='lat' dir='ltr'><strong>vnum</strong></span> <span class='ocrx_word' id='word_1_83' title='bbox 2453 1304 2904 1367; x_wconf 87' lang='lat' dir='ltr'><strong>simulachrum</strong></span> <span class='ocrx_word' id='word_1_84' title='bbox 2940 1324 3101 1365; x_wconf 88' lang='lat' dir='ltr'><strong>com-</strong></span> 
     </span>
     <span class='ocr_line' id='line_1_11' title="bbox 707 1402 3098 1482; baseline -0.001 -18"><span class='ocrx_word' id='word_1_85' title='bbox 707 1403 910 1482; x_wconf 84' lang='lat' dir='ltr'><strong>pinge,</strong></span> <span class='ocrx_word' id='word_1_86' title='bbox 960 1406 1025 1464; x_wconf 87' lang='lat' dir='ltr'><strong>et</strong></span> <span class='ocrx_word' id='word_1_87' title='bbox 1072 1402 1263 1463; x_wconf 88' lang='lat' dir='ltr'><strong>habes</strong></span> <span class='ocrx_word' id='word_1_88' title='bbox 1307 1402 1504 1479; x_wconf 90' lang='lat' dir='ltr'><strong>ipsius</strong></span> <span class='ocrx_word' id='word_1_89' title='bbox 1556 1403 1726 1464; x_wconf 88' lang='lat' dir='ltr'><strong>senis</strong></span> <span class='ocrx_word' id='word_1_90' title='bbox 1771 1403 2153 1480; x_wconf 82' lang='lat' dir='ltr'><strong>ipsissimam</strong></span> <span class='ocrx_word' id='word_1_91' title='bbox 2202 1403 2559 1482; x_wconf 74' lang='lat' dir='ltr'><strong>imaginem.</strong></span> <span class='ocrx_word' id='word_1_92' title='bbox 2665 1403 2880 1480; x_wconf 82' lang='lat' dir='ltr'><strong>Neque</strong></span> <span class='ocrx_word' id='word_1_93' title='bbox 2925 1402 3098 1462; x_wconf 91' lang='lat' dir='ltr'><strong>enim</strong></span> 
     </span>
     <span class='ocr_line' id='line_1_12' title="bbox 710 1501 3103 1578; baseline 0 -17"><span class='ocrx_word' id='word_1_94' title='bbox 710 1501 949 1578; x_wconf 76' lang='lat' dir='ltr'><strong>aliquid</strong></span> <span class='ocrx_word' id='word_1_95' title='bbox 983 1502 1172 1562; x_wconf 87' lang='lat' dir='ltr'><strong>habet</strong></span> <span class='ocrx_word' id='word_1_96' title='bbox 1208 1501 1493 1574; x_wconf 88' lang='lat' dir='ltr'><strong>monstri,</strong></span> <span class='ocrx_word' id='word_1_97' title='bbox 1522 1501 1629 1562; x_wconf 89' lang='lat' dir='ltr'><strong>sed</strong></span> <span class='ocrx_word' id='word_1_98' title='bbox 1657 1503 1830 1562; x_wconf 89' lang='lat' dir='ltr'><strong>totus</strong></span> <span class='ocrx_word' id='word_1_99' title='bbox 1854 1521 1930 1561; x_wconf 85' lang='lat' dir='ltr'><strong>ex</strong></span> <span class='ocrx_word' id='word_1_100' title='bbox 1961 1503 2152 1562; x_wconf 88' lang='lat' dir='ltr'><strong>meris</strong></span> <span class='ocrx_word' id='word_1_101' title='bbox 2183 1502 2486 1563; x_wconf 73' lang='lat' dir='ltr'><strong>monstris</strong></span> <span class='ocrx_word' id='word_1_102' title='bbox 2510 1504 2752 1562; x_wconf 86' lang='lat' dir='ltr'><strong>constat</strong></span> <span class='ocrx_word' id='word_1_103' title='bbox 2777 1524 2791 1576; x_wconf 82' lang='lat'><em>3</em></span> <span class='ocrx_word' id='word_1_104' title='bbox 2830 1506 2901 1562; x_wconf 84' lang='lat' dir='ltr'><strong>vt</strong></span> <span class='ocrx_word' id='word_1_105' title='bbox 2938 1502 3103 1562; x_wconf 89' lang='lat' dir='ltr'><strong>sicut</strong></span> 
     </span>
     <span class='ocr_line' id='line_1_13' title="bbox 711 1598 3104 1676; baseline -0 -15"><span class='ocrx_word' id='word_1_106' title='bbox 711 1599 782 1661; x_wconf 90' lang='lat' dir='ltr'><strong>in</strong></span> <span class='ocrx_word' id='word_1_107' title='bbox 811 1600 1162 1661; x_wconf 87' lang='lat' dir='ltr'><strong>Pandoram</strong></span> <span class='ocrx_word' id='word_1_108' title='bbox 1198 1599 1377 1659; x_wconf 81' lang='lat' dir='ltr'><strong>illam</strong></span> <span class='ocrx_word' id='word_1_109' title='bbox 1411 1599 1717 1676; x_wconf 88' lang='lat' dir='ltr'><strong>poeticam</strong></span> <span class='ocrx_word' id='word_1_110' title='bbox 1750 1600 2037 1660; x_wconf 85' lang='lat' dir='ltr'><strong>omnium</strong></span> <span class='ocrx_word' id='word_1_111' title='bbox 2063 1600 2321 1660; x_wconf 90' lang='lat' dir='ltr'><strong>deorum</strong></span> <span class='ocrx_word' id='word_1_112' title='bbox 2348 1600 2561 1660; x_wconf 87' lang='lat' dir='ltr'><strong>omnia</strong></span> <span class='ocrx_word' id='word_1_113' title='bbox 2586 1619 2849 1660; x_wconf 90' lang='lat' dir='ltr'><strong>munera</strong></span> <span class='ocrx_word' id='word_1_114' title='bbox 2873 1598 3104 1660; x_wconf 83' lang='lat' dir='ltr'><strong>collata</strong></span> 
     </span>
     <span class='ocr_line' id='line_1_14' title="bbox 710 1697 3104 1770; baseline -0.001 -11"><span class='ocrx_word' id='word_1_115' title='bbox 710 1698 902 1759; x_wconf 87' lang='lat' dir='ltr'><strong>fuisse</strong></span> <span class='ocrx_word' id='word_1_116' title='bbox 948 1698 1173 1770; x_wconf 84' lang='lat' dir='ltr'><strong>ferunt,</strong></span> <span class='ocrx_word' id='word_1_117' title='bbox 1225 1697 1316 1756; x_wconf 88' lang='lat' dir='ltr'><strong>ita</strong></span> <span class='ocrx_word' id='word_1_118' title='bbox 1362 1697 1431 1757; x_wconf 91' lang='lat' dir='ltr'><strong>in</strong></span> <span class='ocrx_word' id='word_1_119' title='bbox 1480 1697 1650 1757; x_wconf 92' lang='lat' dir='ltr'><strong>hunc</strong></span> <span class='ocrx_word' id='word_1_120' title='bbox 1700 1698 1988 1758; x_wconf 89' lang='lat' dir='ltr'><strong>omnium</strong></span> <span class='ocrx_word' id='word_1_121' title='bbox 2034 1702 2460 1759; x_wconf 89' lang='lat' dir='ltr'><strong>monstrorum</strong></span> <span class='ocrx_word' id='word_1_122' title='bbox 2508 1702 2792 1759; x_wconf 87' lang='lat' dir='ltr'><strong>monstra</strong></span> <span class='ocrx_word' id='word_1_123' title='bbox 2835 1698 3104 1758; x_wconf 85' lang='lat' dir='ltr'><strong>conflata</strong></span> 
     </span>
     <span class='ocr_line' id='line_1_15' title="bbox 596 1795 3097 1875; baseline -0.001 -17"><span class='ocrx_word' id='word_1_124' title='bbox 596 1816 687 1867; x_wconf 84' lang='lat'><strong>190</strong></span> <span class='ocrx_word' id='word_1_125' title='bbox 714 1797 1126 1873; x_wconf 76' lang='lat' dir='ltr'><strong>compareant.</strong></span> <span class='ocrx_word' id='word_1_126' title='bbox 1212 1795 1408 1870; x_wconf 84' lang='lat' dir='ltr'><strong>Quem</strong></span> <span class='ocrx_word' id='word_1_127' title='bbox 1450 1796 1506 1856; x_wconf 89' lang='lat' dir='ltr'><strong>si</strong></span> <span class='ocrx_word' id='word_1_128' title='bbox 1552 1796 1874 1873; x_wconf 77' lang='lat' dir='ltr'><strong>aspiceres,</strong></span> <span class='ocrx_word' id='word_1_129' title='bbox 1920 1816 2116 1875; x_wconf 89' lang='lat' dir='ltr'><strong>neque</strong></span> <span class='ocrx_word' id='word_1_130' title='bbox 2155 1796 2498 1871; x_wconf 85' lang='lat' dir='ltr'><strong>hominem,</strong></span> <span class='ocrx_word' id='word_1_131' title='bbox 2542 1815 2740 1872; x_wconf 89' lang='lat' dir='ltr'><strong>neque</strong></span> <span class='ocrx_word' id='word_1_132' title='bbox 2779 1796 3097 1873; x_wconf 84' lang='lat' dir='ltr'><strong>pecudem,</strong></span> 
     </span>
     <span class='ocr_line' id='line_1_16' title="bbox 712 1893 3106 1971; baseline -0 -16"><span class='ocrx_word' id='word_1_133' title='bbox 712 1895 822 1955; x_wconf 91' lang='lat' dir='ltr'><strong>sed</strong></span> <span class='ocrx_word' id='word_1_134' title='bbox 863 1895 1065 1971; x_wconf 88' lang='lat' dir='ltr'><strong>ipsam</strong></span> <span class='ocrx_word' id='word_1_135' title='bbox 1107 1893 1417 1971; x_wconf 81' lang='lat' dir='ltr'><strong>Erinnym</strong></span> <span class='ocrx_word' id='word_1_136' title='bbox 1457 1912 1592 1954; x_wconf 89' lang='lat' dir='ltr'><strong>esse</strong></span> <span class='ocrx_word' id='word_1_137' title='bbox 1632 1894 1881 1955; x_wconf 88' lang='lat' dir='ltr'><strong>diceres.</strong></span> <span class='ocrx_word' id='word_1_138' title='bbox 1969 1895 2053 1957; x_wconf 87' lang='lat' dir='ltr'><strong>Et</strong></span> <span class='ocrx_word' id='word_1_139' title='bbox 2093 1916 2173 1955; x_wconf 90' lang='lat' dir='ltr'><strong>ne</strong></span> <span class='ocrx_word' id='word_1_140' title='bbox 2212 1898 2276 1956; x_wconf 89' lang='lat' dir='ltr'><strong>te</strong></span> <span class='ocrx_word' id='word_1_141' title='bbox 2315 1893 2565 1971; x_wconf 83' lang='lat' dir='ltr'><strong>longius</strong></span> <span class='ocrx_word' id='word_1_142' title='bbox 2603 1895 2866 1969; x_wconf 77' lang='lat' dir='ltr'><strong>traham,</strong></span> <span class='ocrx_word' id='word_1_143' title='bbox 2913 1895 2969 1954; x_wconf 92' lang='lat' dir='ltr'><strong>is</strong></span> <span class='ocrx_word' id='word_1_144' title='bbox 3008 1899 3106 1955; x_wconf 86' lang='lat' dir='ltr'><strong>est</strong></span> 
     </span>
     <span class='ocr_line' id='line_1_17' title="bbox 712 1991 3107 2053; baseline 0 0"><span class='ocrx_word' id='word_1_145' title='bbox 712 1992 1095 2053; x_wconf 85' lang='lat' dir='ltr'><strong>Semiscotus</strong></span> <span class='ocrx_word' id='word_1_146' title='bbox 1122 1991 1369 2051; x_wconf 85' lang='lat' dir='ltr'><strong>Erasmi</strong></span> <span class='ocrx_word' id='word_1_147' title='bbox 1409 1992 1608 2052; x_wconf 88' lang='lat' dir='ltr'><strong>nostri</strong></span> <span class='ocrx_word' id='word_1_148' title='bbox 1648 1993 1938 2053; x_wconf 83' lang='lat' dir='ltr'><strong>carnifex.</strong></span> <span class='ocrx_word' id='word_1_149' title='bbox 2027 1993 2195 2053; x_wconf 87' lang='lat' dir='ltr'><strong>Huic</strong></span> <span class='ocrx_word' id='word_1_150' title='bbox 2229 2013 2375 2053; x_wconf 88' lang='lat' dir='ltr'><strong>cum</strong></span> <span class='ocrx_word' id='word_1_151' title='bbox 2411 1993 2482 2052; x_wconf 90' lang='lat' dir='ltr'><strong>in</strong></span> <span class='ocrx_word' id='word_1_152' title='bbox 2512 1996 2791 2053; x_wconf 82' lang='lat' dir='ltr'><strong>mentem</strong></span> <span class='ocrx_word' id='word_1_153' title='bbox 2829 1992 3107 2053; x_wconf 82' lang='lat' dir='ltr'><strong>venisset</strong></span> 
     </span>
     <span class='ocr_line' id='line_1_18' title="bbox 710 2089 3104 2169; baseline 0.001 -20"><span class='ocrx_word' id='word_1_154' title='bbox 710 2109 933 2151; x_wconf 79' lang='lat' dir='ltr'><strong>vexare</strong></span> <span class='ocrx_word' id='word_1_155' title='bbox 947 2089 1176 2164; x_wconf 86' lang='lat' dir='ltr'><strong>literas,</strong></span> <span class='ocrx_word' id='word_1_156' title='bbox 1197 2089 1458 2166; x_wconf 83' lang='lat' dir='ltr'><strong>longum</strong></span> <span class='ocrx_word' id='word_1_157' title='bbox 1473 2093 1728 2150; x_wconf 86' lang='lat' dir='ltr'><strong>narratu</strong></span> <span class='ocrx_word' id='word_1_158' title='bbox 1744 2091 1948 2167; x_wconf 83' lang='lat' dir='ltr'><strong>fuerit,</strong></span> <span class='ocrx_word' id='word_1_159' title='bbox 1969 2090 2198 2169; x_wconf 88' lang='lat' dir='ltr'><strong>quibus</strong></span> <span class='ocrx_word' id='word_1_160' title='bbox 2215 2091 2454 2152; x_wconf 85' lang='lat' dir='ltr'><strong>artibus</strong></span> <span class='ocrx_word' id='word_1_161' title='bbox 2474 2091 2662 2152; x_wconf 90' lang='lat' dir='ltr'><strong>homo</strong></span> <span class='ocrx_word' id='word_1_162' title='bbox 2677 2090 3104 2152; x_wconf 78' lang='lat' dir='ltr'><strong>fucatissimus</strong></span> 
     </span>
     <span class='ocr_line' id='line_1_19' title="bbox 711 2187 1904 2266; baseline 0 -16"><span class='ocrx_word' id='word_1_163' title='bbox 711 2187 1063 2266; x_wconf 80' lang='lat' dir='ltr'><strong>simplicem</strong></span> <span class='ocrx_word' id='word_1_164' title='bbox 1089 2190 1151 2248; x_wconf 90' lang='lat' dir='ltr'><strong>et</strong></span> <span class='ocrx_word' id='word_1_165' title='bbox 1178 2188 1516 2248; x_wconf 85' lang='lat' dir='ltr'><strong>candidum</strong></span> <span class='ocrx_word' id='word_1_166' title='bbox 1541 2188 1904 2265; x_wconf 67' lang='lat' dir='ltr'><strong>pellexerit!</strong></span> 
     </span>
     <span class='ocr_line' id='line_1_20' title="bbox 595 2283 3108 2365; baseline -0.002 -15"><span class='ocrx_word' id='word_1_167' title='bbox 595 2300 684 2352; x_wconf 89' lang='lat'><strong>¹95</strong></span> <span class='ocrx_word' id='word_1_168' title='bbox 793 2283 957 2345; x_wconf 80' lang='lat' dir='ltr'><strong>&#39;rum</strong></span> <span class='ocrx_word' id='word_1_169' title='bbox 994 2288 1066 2345; x_wconf 92' lang='lat' dir='ltr'><strong>tu</strong></span> <span class='ocrx_word' id='word_1_170' title='bbox 1094 2305 1196 2346; x_wconf 91' lang='lat' dir='ltr'><strong>me</strong></span> <span class='ocrx_word' id='word_1_171' title='bbox 1222 2286 1474 2346; x_wconf 81' lang='lat' dir='ltr'><strong>veniam</strong></span> <span class='ocrx_word' id='word_1_172' title='bbox 1501 2286 1829 2364; x_wconf 85' lang='lat' dir='ltr'><strong>praefatus,</strong></span> <span class='ocrx_word' id='word_1_173' title='bbox 1861 2287 2272 2365; x_wconf 84' lang='lat' dir='ltr'><strong>interpellans</strong></span> <span class='ocrx_word' id='word_1_174' title='bbox 2303 2288 2417 2347; x_wconf 89' lang='lat' dir='ltr'><strong>‘At</strong></span> <span class='ocrx_word' id='word_1_175' title='bbox 2450 2286 2709 2363; x_wconf 82' lang='lat' dir='ltr'><strong>quinam</strong></span> <span class='ocrx_word' id='word_1_176' title='bbox 2728 2287 2744 2312; x_wconf 91' lang='grc'><strong><em>’</em></strong></span> <span class='ocrx_word' id='word_1_177' title='bbox 2778 2286 3108 2363; x_wconf 85' lang='lat' dir='ltr'><strong>inquiebas</strong></span> 
     </span>
     <span class='ocr_line' id='line_1_21' title="bbox 717 2383 3105 2463; baseline 0.001 -20"><span class='ocrx_word' id='word_1_178' title='bbox 717 2387 732 2416; x_wconf 81' lang='lat'><strong>⁴</strong></span> <span class='ocrx_word' id='word_1_179' title='bbox 746 2383 951 2461; x_wconf 87' lang='lat' dir='ltr'><strong>stipiti</strong></span> <span class='ocrx_word' id='word_1_180' title='bbox 985 2384 1094 2444; x_wconf 88' lang='lat' dir='ltr'><strong>isti</strong></span> <span class='ocrx_word' id='word_1_181' title='bbox 1119 2384 1410 2445; x_wconf 81' lang='lat' dir='ltr'><strong>veniebat</strong></span> <span class='ocrx_word' id='word_1_182' title='bbox 1442 2385 1510 2444; x_wconf 90' lang='lat' dir='ltr'><strong>in</strong></span> <span class='ocrx_word' id='word_1_183' title='bbox 1546 2388 1825 2445; x_wconf 86' lang='lat' dir='ltr'><strong>mentem</strong></span> <span class='ocrx_word' id='word_1_184' title='bbox 1854 2389 1925 2445; x_wconf 84' lang='lat' dir='ltr'><strong>vt</strong></span> <span class='ocrx_word' id='word_1_185' title='bbox 1958 2386 2034 2446; x_wconf 91' lang='lat' dir='ltr'><strong>de</strong></span> <span class='ocrx_word' id='word_1_186' title='bbox 2067 2384 2271 2446; x_wconf 87' lang='lat' dir='ltr'><strong>literis</strong></span> <span class='ocrx_word' id='word_1_187' title='bbox 2308 2386 2605 2463; x_wconf 83' lang='lat' dir='ltr'><strong>cogitaret</strong></span> <span class='ocrx_word' id='word_1_188' title='bbox 2619 2386 2653 2445; x_wconf 79' lang='lat'><strong>⁴?</strong></span> <span class='ocrx_word' id='word_1_189' title='bbox 2732 2385 2896 2460; x_wconf 79' lang='lat' dir='ltr'><strong>Quid</strong></span> <span class='ocrx_word' id='word_1_190' title='bbox 2933 2385 3105 2445; x_wconf 83' lang='lat' dir='ltr'><strong>enim</strong></span> 
     </span>
     <span class='ocr_line' id='line_1_22' title="bbox 712 2482 3106 2560; baseline 0 -18"><span class='ocrx_word' id='word_1_191' title='bbox 712 2482 974 2558; x_wconf 87' lang='lat' dir='ltr'><strong>homini,</strong></span> <span class='ocrx_word' id='word_1_192' title='bbox 1008 2482 1116 2560; x_wconf 88' lang='lat' dir='ltr'><strong>qui</strong></span> <span class='ocrx_word' id='word_1_193' title='bbox 1152 2502 1281 2542; x_wconf 94' lang='lat' dir='ltr'><strong>non</strong></span> <span class='ocrx_word' id='word_1_194' title='bbox 1323 2482 1507 2543; x_wconf 91' lang='lat' dir='ltr'><strong>modo</strong></span> <span class='ocrx_word' id='word_1_195' title='bbox 1543 2483 1986 2558; x_wconf 76' lang='lat' dir='ltr'><strong>consenuisset,</strong></span> <span class='ocrx_word' id='word_1_196' title='bbox 2027 2483 2438 2544; x_wconf 78' lang='lat' dir='ltr'><strong>verumetiam</strong></span> <span class='ocrx_word' id='word_1_197' title='bbox 2479 2483 2550 2542; x_wconf 92' lang='lat' dir='ltr'><strong>in</strong></span> <span class='ocrx_word' id='word_1_198' title='bbox 2590 2482 2765 2543; x_wconf 82' lang='lat' dir='ltr'><strong>omni</strong></span> <span class='ocrx_word' id='word_1_199' title='bbox 2802 2483 3106 2543; x_wconf 81' lang='lat' dir='ltr'><strong>vitiorum</strong></span> 
     </span>
     <span class='ocr_line' id='line_1_23' title="bbox 713 2579 3106 2658; baseline -0.001 -16"><span class='ocrx_word' id='word_1_200' title='bbox 713 2601 900 2643; x_wconf 90' lang='lat' dir='ltr'><strong>coeno</strong></span> <span class='ocrx_word' id='word_1_201' title='bbox 928 2581 1361 2656; x_wconf 76' lang='lat' dir='ltr'><strong>consenuisset,</strong></span> <span class='ocrx_word' id='word_1_202' title='bbox 1392 2583 1708 2658; x_wconf 84' lang='lat' dir='ltr'><strong>praeterea</strong></span> <span class='ocrx_word' id='word_1_203' title='bbox 1734 2581 2045 2658; x_wconf 89' lang='lat' dir='ltr'><strong>plumbeis</strong></span> <span class='ocrx_word' id='word_1_204' title='bbox 2071 2581 2457 2658; x_wconf 86' lang='lat' dir='ltr'><strong>praecordiis,</strong></span> <span class='ocrx_word' id='word_1_205' title='bbox 2480 2583 2689 2641; x_wconf 80' lang='lat' dir='ltr'><strong>mente</strong></span> <span class='ocrx_word' id='word_1_206' title='bbox 2706 2579 2836 2639; x_wconf 91' lang='lat' dir='ltr'><strong>iam</strong></span> <span class='ocrx_word' id='word_1_207' title='bbox 2853 2579 3106 2653; x_wconf 57' lang='lat' dir='ltr'><strong>fanianu,</strong></span> 
     </span>
     <span class='ocr_line' id='line_1_24' title="bbox 712 2678 3114 2758; baseline 0 -17"><span class='ocrx_word' id='word_1_208' title='bbox 712 2700 856 2741; x_wconf 91' lang='lat' dir='ltr'><strong>cum</strong></span> <span class='ocrx_word' id='word_1_209' title='bbox 895 2679 1142 2741; x_wconf 86' lang='lat' dir='ltr'><strong>literis‘?</strong></span> <span class='ocrx_word' id='word_1_210' title='bbox 1159 2680 1173 2706; x_wconf 93' lang='lat'>’</span> <span class='ocrx_word' id='word_1_211' title='bbox 1264 2679 1373 2740; x_wconf 91' lang='lat' dir='ltr'><strong>‘Id</strong></span> <span class='ocrx_word' id='word_1_212' title='bbox 1413 2700 1665 2757; x_wconf 88' lang='lat' dir='ltr'><strong>prorsus</strong></span> <span class='ocrx_word' id='word_1_213' title='bbox 1684 2680 1700 2705; x_wconf 88' lang='lat'>’</span> <span class='ocrx_word' id='word_1_214' title='bbox 1744 2680 2000 2757; x_wconf 87' lang='lat' dir='ltr'><strong>inquam</strong></span> <span class='ocrx_word' id='word_1_215' title='bbox 2035 2682 2050 2712; x_wconf 81' lang='lat'><em>⁴</em></span> <span class='ocrx_word' id='word_1_216' title='bbox 2066 2681 2225 2758; x_wconf 91' lang='lat' dir='ltr'><strong>quod</strong></span> <span class='ocrx_word' id='word_1_217' title='bbox 2266 2679 2441 2740; x_wconf 88' lang='lat' dir='ltr'><strong>asino</strong></span> <span class='ocrx_word' id='word_1_218' title='bbox 2485 2699 2627 2739; x_wconf 90' lang='lat' dir='ltr'><strong>cum</strong></span> <span class='ocrx_word' id='word_1_219' title='bbox 2665 2679 2815 2756; x_wconf 82' lang='lat' dir='ltr'><strong>lyra,</strong></span> <span class='ocrx_word' id='word_1_220' title='bbox 2855 2678 3114 2756; x_wconf 85' lang='lat' dir='ltr'><strong>graculo</strong></span> 
     </span>
     <span class='ocr_line' id='line_1_25' title="bbox 592 2778 3115 2855; baseline 0.001 -19"><span class='ocrx_word' id='word_1_221' title='bbox 592 2801 688 2837; x_wconf 84' lang='lat'><strong>200</strong></span> <span class='ocrx_word' id='word_1_222' title='bbox 713 2799 857 2839; x_wconf 93' lang='lat' dir='ltr'><strong>cum</strong></span> <span class='ocrx_word' id='word_1_223' title='bbox 892 2779 1139 2853; x_wconf 88' lang='lat' dir='ltr'><strong>fidibus,</strong></span> <span class='ocrx_word' id='word_1_224' title='bbox 1182 2778 1328 2838; x_wconf 90' lang='lat' dir='ltr'><strong>boui</strong></span> <span class='ocrx_word' id='word_1_225' title='bbox 1364 2798 1509 2838; x_wconf 91' lang='lat' dir='ltr'><strong>cum</strong></span> <span class='ocrx_word' id='word_1_226' title='bbox 1542 2780 1864 2855; x_wconf 87' lang='lat' dir='ltr'><strong>palaestra,</strong></span> <span class='ocrx_word' id='word_1_227' title='bbox 1902 2778 2139 2839; x_wconf 89' lang='lat' dir='ltr'><strong>camelo</strong></span> <span class='ocrx_word' id='word_1_228' title='bbox 2175 2799 2319 2839; x_wconf 91' lang='lat' dir='ltr'><strong>cum</strong></span> <span class='ocrx_word' id='word_1_229' title='bbox 2356 2778 2736 2855; x_wconf 88' lang='lat' dir='ltr'><strong>histrionica,</strong></span> <span class='ocrx_word' id='word_1_230' title='bbox 2772 2780 2880 2838; x_wconf 90' lang='lat' dir='ltr'><strong>aut</strong></span> <span class='ocrx_word' id='word_1_231' title='bbox 2916 2779 3115 2854; x_wconf 88' lang='lat' dir='ltr'><strong>paulo</strong></span> 
     </span>
     <span class='ocr_line' id='line_1_26' title="bbox 712 2875 3113 2955; baseline -0.001 -16"><span class='ocrx_word' id='word_1_232' title='bbox 712 2878 904 2939; x_wconf 84' lang='lat' dir='ltr'><strong>etiam</strong></span> <span class='ocrx_word' id='word_1_233' title='bbox 930 2878 1160 2938; x_wconf 84' lang='lat' dir='ltr'><strong>minus.</strong></span> <span class='ocrx_word' id='word_1_234' title='bbox 1250 2876 1411 2937; x_wconf 86' lang='lat' dir='ltr'><strong>Nam</strong></span> <span class='ocrx_word' id='word_1_235' title='bbox 1438 2877 1775 2954; x_wconf 88' lang='lat' dir='ltr'><strong>procliuius</strong></span> <span class='ocrx_word' id='word_1_236' title='bbox 1804 2897 1919 2955; x_wconf 83' lang='lat' dir='ltr'><strong>ego</strong></span> <span class='ocrx_word' id='word_1_237' title='bbox 1945 2878 2097 2955; x_wconf 87' lang='lat' dir='ltr'><strong>puto</strong></span> <span class='ocrx_word' id='word_1_238' title='bbox 2116 2876 2217 2937; x_wconf 84' lang='lat' dir='ltr'><strong>vel</strong></span> <span class='ocrx_word' id='word_1_239' title='bbox 2244 2898 2279 2936; x_wconf 91' lang='lat' dir='ltr'><strong>e</strong></span> <span class='ocrx_word' id='word_1_240' title='bbox 2305 2896 2416 2937; x_wconf 88' lang='lat' dir='ltr'><strong>sue</strong></span> <span class='ocrx_word' id='word_1_241' title='bbox 2442 2875 2888 2953; x_wconf 89' lang='lat' dir='ltr'><strong>philosophum</strong></span> <span class='ocrx_word' id='word_1_242' title='bbox 2908 2876 3113 2936; x_wconf 83' lang='lat' dir='ltr'><strong>facere</strong></span> 
     </span>
     <span class='ocr_line' id='line_1_27' title="bbox 714 2974 3117 3052; baseline 0 -17"><span class='ocrx_word' id='word_1_243' title='bbox 714 2994 904 3052; x_wconf 89' lang='lat' dir='ltr'><strong>quam</strong></span> <span class='ocrx_word' id='word_1_244' title='bbox 940 2995 1016 3035; x_wconf 81' lang='lat' dir='ltr'><strong>ex</strong></span> <span class='ocrx_word' id='word_1_245' title='bbox 1052 2975 1163 3036; x_wconf 85' lang='lat' dir='ltr'><strong>illo</strong></span> <span class='ocrx_word' id='word_1_246' title='bbox 1199 2975 1519 3036; x_wconf 86' lang='lat' dir='ltr'><strong>literatum</strong></span> <span class='ocrx_word' id='word_1_247' title='bbox 1567 2975 1903 3049; x_wconf 90' lang='lat' dir='ltr'><strong>hominem,</strong></span> <span class='ocrx_word' id='word_1_248' title='bbox 1942 2975 2052 3052; x_wconf 82' lang='lat' dir='ltr'><strong>qui</strong></span> <span class='ocrx_word' id='word_1_249' title='bbox 2097 2994 2176 3034; x_wconf 90' lang='lat' dir='ltr'><strong>ne</strong></span> <span class='ocrx_word' id='word_1_250' title='bbox 2219 2975 2486 3051; x_wconf 84' lang='lat' dir='ltr'><strong>figuram</strong></span> <span class='ocrx_word' id='word_1_251' title='bbox 2530 2974 2783 3052; x_wconf 87' lang='lat' dir='ltr'><strong>quidem</strong></span> <span class='ocrx_word' id='word_1_252' title='bbox 2826 2974 3117 3035; x_wconf 86' lang='lat' dir='ltr'><strong>hominis</strong></span> 
     </span>
     <span class='ocr_line' id='line_1_28' title="bbox 713 3072 3115 3151; baseline -0.001 -17"><span class='ocrx_word' id='word_1_253' title='bbox 713 3073 918 3146; x_wconf 88' lang='lat' dir='ltr'><strong>habet,</strong></span> <span class='ocrx_word' id='word_1_254' title='bbox 951 3077 1229 3134; x_wconf 85' lang='lat' dir='ltr'><strong>mentem</strong></span> <span class='ocrx_word' id='word_1_255' title='bbox 1257 3093 1404 3134; x_wconf 83' lang='lat' dir='ltr'><strong>vero</strong></span> <span class='ocrx_word' id='word_1_256' title='bbox 1433 3073 1752 3132; x_wconf 88' lang='lat' dir='ltr'><strong>furiarum.</strong></span> <span class='ocrx_word' id='word_1_257' title='bbox 1838 3073 1960 3133; x_wconf 86' lang='lat' dir='ltr'><strong>Sed</strong></span> <span class='ocrx_word' id='word_1_258' title='bbox 1988 3073 2257 3134; x_wconf 84' lang='lat' dir='ltr'><strong>stultum</strong></span> <span class='ocrx_word' id='word_1_259' title='bbox 2284 3077 2379 3133; x_wconf 90' lang='lat' dir='ltr'><strong>est</strong></span> <span class='ocrx_word' id='word_1_260' title='bbox 2414 3092 2633 3151; x_wconf 83' lang='lat' dir='ltr'><strong>rogare</strong></span> <span class='ocrx_word' id='word_1_261' title='bbox 2673 3072 2823 3150; x_wconf 91' lang='lat' dir='ltr'><strong>quid</strong></span> <span class='ocrx_word' id='word_1_262' title='bbox 2861 3072 3115 3134; x_wconf 88' lang='lat' dir='ltr'><strong>homini</strong></span> 
     </span>
     <span class='ocr_line' id='line_1_29' title="bbox 713 3169 3115 3247; baseline 0 -17"><span class='ocrx_word' id='word_1_263' title='bbox 713 3169 946 3231; x_wconf 89' lang='lat' dir='ltr'><strong>furioso</strong></span> <span class='ocrx_word' id='word_1_264' title='bbox 967 3171 1035 3230; x_wconf 93' lang='lat' dir='ltr'><strong>in</strong></span> <span class='ocrx_word' id='word_1_265' title='bbox 1056 3173 1331 3231; x_wconf 89' lang='lat' dir='ltr'><strong>mentem</strong></span> <span class='ocrx_word' id='word_1_266' title='bbox 1352 3170 1609 3231; x_wconf 86' lang='lat' dir='ltr'><strong>venerit.</strong></span> <span class='ocrx_word' id='word_1_267' title='bbox 1697 3169 1765 3229; x_wconf 86' lang='lat' dir='ltr'><strong>Si</strong></span> <span class='ocrx_word' id='word_1_268' title='bbox 1793 3171 1943 3247; x_wconf 89' lang='lat' dir='ltr'><strong>quid</strong></span> <span class='ocrx_word' id='word_1_269' title='bbox 1973 3172 2185 3244; x_wconf 89' lang='lat' dir='ltr'><strong>sensit,</strong></span> <span class='ocrx_word' id='word_1_270' title='bbox 2211 3170 2377 3231; x_wconf 90' lang='lat' dir='ltr'><strong>nihil</strong></span> <span class='ocrx_word' id='word_1_271' title='bbox 2403 3171 2576 3232; x_wconf 91' lang='lat' dir='ltr'><strong>aliud</strong></span> <span class='ocrx_word' id='word_1_272' title='bbox 2604 3170 2704 3231; x_wconf 90' lang='lat' dir='ltr'><strong>illi</strong></span> <span class='ocrx_word' id='word_1_273' title='bbox 2731 3171 2800 3231; x_wconf 91' lang='lat' dir='ltr'><strong>in</strong></span> <span class='ocrx_word' id='word_1_274' title='bbox 2827 3175 3115 3232; x_wconf 79' lang='lat' dir='ltr'><strong>mentem</strong></span> 
     </span>
     <span class='ocr_line' id='line_1_30' title="bbox 595 3267 3118 3346; baseline 0.003 -24"><span class='ocrx_word' id='word_1_275' title='bbox 595 3285 686 3333; x_wconf 84' lang='lat'><strong>205</strong></span> <span class='ocrx_word' id='word_1_276' title='bbox 713 3267 959 3328; x_wconf 84' lang='lat' dir='ltr'><strong>venisse</strong></span> <span class='ocrx_word' id='word_1_277' title='bbox 986 3270 1156 3344; x_wconf 88' lang='lat' dir='ltr'><strong>puto,</strong></span> <span class='ocrx_word' id='word_1_278' title='bbox 1186 3268 1313 3328; x_wconf 90' lang='lat' dir='ltr'><strong>nisi</strong></span> <span class='ocrx_word' id='word_1_279' title='bbox 1340 3273 1409 3327; x_wconf 86' lang='lat' dir='ltr'><strong>vt</strong></span> <span class='ocrx_word' id='word_1_280' title='bbox 1435 3268 1645 3328; x_wconf 82' lang='lat' dir='ltr'><strong>literas</strong></span> <span class='ocrx_word' id='word_1_281' title='bbox 1670 3268 2008 3344; x_wconf 85' lang='lat' dir='ltr'><strong>diuexaret,</strong></span> <span class='ocrx_word' id='word_1_282' title='bbox 2041 3271 2106 3330; x_wconf 88' lang='lat' dir='ltr'><strong>et</strong></span> <span class='ocrx_word' id='word_1_283' title='bbox 2130 3268 2398 3330; x_wconf 84' lang='lat' dir='ltr'><strong>literatis</strong></span> <span class='ocrx_word' id='word_1_284' title='bbox 2429 3268 2808 3343; x_wconf 89' lang='lat' dir='ltr'><strong>hominibus,</strong></span> <span class='ocrx_word' id='word_1_285' title='bbox 2841 3288 3118 3346; x_wconf 84' lang='lat' dir='ltr'><strong>quorum</strong></span> 
     </span>
     <span class='ocr_line' id='line_1_31' title="bbox 714 3365 3122 3445; baseline 0.001 -20"><span class='ocrx_word' id='word_1_286' title='bbox 714 3365 848 3426; x_wconf 88' lang='lat' dir='ltr'><strong>ocio</strong></span> <span class='ocrx_word' id='word_1_287' title='bbox 906 3369 1260 3427; x_wconf 86' lang='lat' dir='ltr'><strong>monstrum</strong></span> <span class='ocrx_word' id='word_1_288' title='bbox 1320 3366 1899 3427; x_wconf 84' lang='lat' dir='ltr'><strong>inuidentissimum</strong></span> <span class='ocrx_word' id='word_1_289' title='bbox 1959 3367 2297 3444; x_wconf 82' lang='lat' dir='ltr'><strong>inuidebat,</strong></span> <span class='ocrx_word' id='word_1_290' title='bbox 2360 3368 2688 3445; x_wconf 86' lang='lat' dir='ltr'><strong>negocium</strong></span> <span class='ocrx_word' id='word_1_291' title='bbox 2743 3369 3122 3428; x_wconf 65' lang='lat' dir='ltr'><strong>facesseret.³</strong></span> 
     </span>
     <span class='ocr_line' id='line_1_32' title="bbox 719 3463 3122 3542; baseline 0 -18"><span class='ocrx_word' id='word_1_292' title='bbox 719 3466 734 3494; x_wconf 86' lang='lat'>‘</span> <span class='ocrx_word' id='word_1_293' title='bbox 752 3463 806 3524; x_wconf 92' lang='grc' dir='ltr'><strong>Ο</strong></span> <span class='ocrx_word' id='word_1_294' title='bbox 850 3464 1110 3525; x_wconf 86' lang='lat' dir='ltr'><strong>miseras</strong></span> <span class='ocrx_word' id='word_1_295' title='bbox 1126 3465 1141 3490; x_wconf 89' lang='lat'>’</span> <span class='ocrx_word' id='word_1_296' title='bbox 1187 3464 1511 3541; x_wconf 89' lang='lat' dir='ltr'><strong>inquiebas</strong></span> <span class='ocrx_word' id='word_1_297' title='bbox 1559 3466 1574 3494; x_wconf 86' lang='lat'>‘</span> <span class='ocrx_word' id='word_1_298' title='bbox 1595 3464 1807 3525; x_wconf 87' lang='lat' dir='ltr'><strong>literas</strong></span> <span class='ocrx_word' id='word_1_299' title='bbox 1849 3468 2109 3541; x_wconf 86' lang='lat' dir='ltr'><strong>nostras,</strong></span> <span class='ocrx_word' id='word_1_300' title='bbox 2157 3465 2267 3526; x_wconf 84' lang='lat' dir='ltr'><strong>vbi</strong></span> <span class='ocrx_word' id='word_1_301' title='bbox 2310 3485 2348 3526; x_wconf 88' lang='lat' dir='ltr'><strong>a</strong></span> <span class='ocrx_word' id='word_1_302' title='bbox 2389 3466 2622 3526; x_wconf 88' lang='lat' dir='ltr'><strong>talibus</strong></span> <span class='ocrx_word' id='word_1_303' title='bbox 2663 3464 2967 3542; x_wconf 80' lang='lat' dir='ltr'><strong>prodigiis</strong></span> <span class='ocrx_word' id='word_1_304' title='bbox 3007 3465 3122 3525; x_wconf 78' lang='lat' dir='ltr'><strong>vel</strong></span> 
     </span>
     <span class='ocr_line' id='line_1_33' title="bbox 712 3560 3117 3640; baseline -0 -18"><span class='ocrx_word' id='word_1_305' title='bbox 712 3561 1028 3623; x_wconf 90' lang='lat' dir='ltr'><strong>nominari</strong></span> <span class='ocrx_word' id='word_1_306' title='bbox 1048 3563 1400 3640; x_wconf 63' lang='lat' dir='ltr'><strong>coeperint!</strong></span> <span class='ocrx_word' id='word_1_307' title='bbox 1466 3565 1481 3594; x_wconf 91' lang='lat'>‘</span> <span class='ocrx_word' id='word_1_308' title='bbox 1502 3562 1642 3622; x_wconf 91' lang='lat' dir='ltr'><strong>Hoc</strong></span> <span class='ocrx_word' id='word_1_309' title='bbox 1659 3564 1826 3622; x_wconf 90' lang='lat' dir='ltr'><strong>tum&#39;</strong></span> <span class='ocrx_word' id='word_1_310' title='bbox 1846 3563 2106 3640; x_wconf 86' lang='lat' dir='ltr'><strong>inquam</strong></span> <span class='ocrx_word' id='word_1_311' title='bbox 2134 3562 2416 3624; x_wconf 86' lang='lat' dir='ltr'><strong>‘demum</strong></span> <span class='ocrx_word' id='word_1_312' title='bbox 2437 3565 2716 3638; x_wconf 86' lang='lat' dir='ltr'><strong>sentires,</strong></span> <span class='ocrx_word' id='word_1_313' title='bbox 2737 3560 3117 3634; x_wconf 75' lang='lat' dir='ltr'><strong>Christiane,</strong></span> 
     </span>
     <span class='ocr_line' id='line_1_34' title="bbox 716 3660 3121 3738; baseline 0 -18"><span class='ocrx_word' id='word_1_314' title='bbox 716 3660 773 3720; x_wconf 89' lang='lat' dir='ltr'><strong>si</strong></span> <span class='ocrx_word' id='word_1_315' title='bbox 791 3660 1040 3722; x_wconf 86' lang='lat' dir='ltr'><strong>asinum</strong></span> <span class='ocrx_word' id='word_1_316' title='bbox 1061 3661 1245 3722; x_wconf 88' lang='lat' dir='ltr'><strong>illum</strong></span> <span class='ocrx_word' id='word_1_317' title='bbox 1267 3662 1345 3722; x_wconf 90' lang='lat' dir='ltr'><strong>ad</strong></span> <span class='ocrx_word' id='word_1_318' title='bbox 1367 3661 1570 3738; x_wconf 85' lang='lat' dir='ltr'><strong>lyram</strong></span> <span class='ocrx_word' id='word_1_319' title='bbox 1592 3662 2024 3737; x_wconf 85' lang='lat' dir='ltr'><strong>conspexisses.</strong></span> <span class='ocrx_word' id='word_1_320' title='bbox 2098 3660 2364 3723; x_wconf 83' lang='lat' dir='ltr'><strong>Sedebat</strong></span> <span class='ocrx_word' id='word_1_321' title='bbox 2385 3662 2573 3723; x_wconf 91' lang='lat' dir='ltr'><strong>homo</strong></span> <span class='ocrx_word' id='word_1_322' title='bbox 2593 3680 2801 3734; x_wconf 89' lang='lat' dir='ltr'><strong>canus,</strong></span> <span class='ocrx_word' id='word_1_323' title='bbox 2828 3678 3121 3736; x_wconf 83' lang='lat' dir='ltr'><strong>rugosus,</strong></span> 
     </span>
     <span class='ocr_line' id='line_1_35' title="bbox 588 3758 3125 3837; baseline -0.001 -17"><span class='ocrx_word' id='word_1_324' title='bbox 588 3776 618 3810; x_wconf 79' lang='lat'><em>2</em></span> <span class='ocrx_word' id='word_1_325' title='bbox 631 3775 690 3811; x_wconf 88' lang='lat'><strong>10</strong></span> <span class='ocrx_word' id='word_1_326' title='bbox 716 3758 915 3820; x_wconf 89' lang='lat' dir='ltr'><strong>saliua</strong></span> <span class='ocrx_word' id='word_1_327' title='bbox 953 3759 1024 3819; x_wconf 89' lang='lat' dir='ltr'><strong>in</strong></span> <span class='ocrx_word' id='word_1_328' title='bbox 1062 3759 1293 3820; x_wconf 86' lang='lat' dir='ltr'><strong>hirtam</strong></span> <span class='ocrx_word' id='word_1_329' title='bbox 1336 3759 1594 3821; x_wconf 87' lang='lat' dir='ltr'><strong>barbam</strong></span> <span class='ocrx_word' id='word_1_330' title='bbox 1629 3758 1952 3834; x_wconf 83' lang='lat' dir='ltr'><strong>defluente,</strong></span> <span class='ocrx_word' id='word_1_331' title='bbox 1995 3778 2107 3837; x_wconf 92' lang='lat' dir='ltr'><strong>per</strong></span> <span class='ocrx_word' id='word_1_332' title='bbox 2142 3761 2473 3837; x_wconf 86' lang='lat' dir='ltr'><strong>supercilia</strong></span> <span class='ocrx_word' id='word_1_333' title='bbox 2507 3758 2758 3836; x_wconf 83' lang='lat' dir='ltr'><strong>syluosa</strong></span> <span class='ocrx_word' id='word_1_334' title='bbox 2793 3758 3125 3819; x_wconf 86' lang='lat' dir='ltr'><strong>doctorem</strong></span> 
     </span>
     <span class='ocr_line' id='line_1_36' title="bbox 709 3855 3132 3936; baseline -0 -17"><span class='ocrx_word' id='word_1_335' title='bbox 709 3859 913 3931; x_wconf 56' lang='lat' dir='ltr'><strong>⁴oculis</strong></span> <span class='ocrx_word' id='word_1_336' title='bbox 942 3857 1074 3919; x_wconf 90' lang='lat' dir='ltr'><strong>illis</strong></span> <span class='ocrx_word' id='word_1_337' title='bbox 1106 3858 1376 3919; x_wconf 88' lang='lat' dir='ltr'><strong>beluinis</strong></span> <span class='ocrx_word' id='word_1_338' title='bbox 1410 3857 1731 3935; x_wconf 90' lang='lat' dir='ltr'><strong>aspiciens,</strong></span> <span class='ocrx_word' id='word_1_339' title='bbox 1764 3858 1961 3936; x_wconf 77' lang='lat' dir='ltr'><strong>capite</strong></span> <span class='ocrx_word' id='word_1_340' title='bbox 1987 3858 2272 3931; x_wconf 87' lang='lat' dir='ltr'><strong>tremulo,</strong></span> <span class='ocrx_word' id='word_1_341' title='bbox 2304 3857 2495 3919; x_wconf 88' lang='lat' dir='ltr'><strong>labris</strong></span> <span class='ocrx_word' id='word_1_342' title='bbox 2530 3855 2890 3931; x_wconf 88' lang='lat' dir='ltr'><strong>liuentibus,</strong></span> <span class='ocrx_word' id='word_1_343' title='bbox 2917 3856 3132 3918; x_wconf 88' lang='lat' dir='ltr'><strong>denti-</strong></span> 
     </span>
     <span class='ocr_line' id='line_1_37' title="bbox 718 3952 3129 4034; baseline 0.001 -19"><span class='ocrx_word' id='word_1_344' title='bbox 718 3955 834 4017; x_wconf 87' lang='lat' dir='ltr'><strong>bus</strong></span> <span class='ocrx_word' id='word_1_345' title='bbox 852 3956 1258 4034; x_wconf 81' lang='lat' dir='ltr'><strong>rubiginosis3</strong></span> <span class='ocrx_word' id='word_1_346' title='bbox 1292 3977 1368 4017; x_wconf 83' lang='lat' dir='ltr'><strong>ex</strong></span> <span class='ocrx_word' id='word_1_347' title='bbox 1388 3956 1810 4034; x_wconf 90' lang='lat' dir='ltr'><strong>spurcissimis</strong></span> <span class='ocrx_word' id='word_1_348' title='bbox 1835 3955 1967 4016; x_wconf 84' lang='lat' dir='ltr'><strong>ilh&#39;s</strong></span> <span class='ocrx_word' id='word_1_349' title='bbox 1985 3955 2269 4016; x_wconf 77' lang='lat' dir='ltr'><strong>faucibus</strong></span> <span class='ocrx_word' id='word_1_350' title='bbox 2286 3959 2625 4016; x_wconf 86' lang='lat' dir='ltr'><strong>tartareum</strong></span> <span class='ocrx_word' id='word_1_351' title='bbox 2645 3955 2822 4016; x_wconf 83' lang='lat' dir='ltr'><strong>virus</strong></span> <span class='ocrx_word' id='word_1_352' title='bbox 2840 3952 3129 4017; x_wconf 82' lang='lat' dir='ltr'><strong>efflabat.</strong></span> 
     </span>
     <span class='ocr_line' id='line_1_38' title="bbox 720 4051 3124 4132; baseline 0 -19"><span class='ocrx_word' id='word_1_353' title='bbox 720 4054 803 4114; x_wconf 86' lang='lat' dir='ltr'><strong>Et</strong></span> <span class='ocrx_word' id='word_1_354' title='bbox 856 4074 979 4132; x_wconf 86' lang='lat' dir='ltr'><strong>quo</strong></span> <span class='ocrx_word' id='word_1_355' title='bbox 1032 4056 1234 4132; x_wconf 86' lang='lat' dir='ltr'><strong>magis</strong></span> <span class='ocrx_word' id='word_1_356' title='bbox 1280 4055 1543 4129; x_wconf 75' lang='lat' dir='ltr'><strong>mireriS,</strong></span> <span class='ocrx_word' id='word_1_357' title='bbox 1599 4055 1667 4114; x_wconf 89' lang='lat' dir='ltr'><strong>in</strong></span> <span class='ocrx_word' id='word_1_358' title='bbox 1717 4054 1928 4115; x_wconf 88' lang='lat' dir='ltr'><strong>animo</strong></span> <span class='ocrx_word' id='word_1_359' title='bbox 1975 4053 2099 4114; x_wconf 89' lang='lat' dir='ltr'><strong>sibi</strong></span> <span class='ocrx_word' id='word_1_360' title='bbox 2151 4073 2283 4114; x_wconf 87' lang='lat' dir='ltr'><strong>esse</strong></span> <span class='ocrx_word' id='word_1_361' title='bbox 2331 4053 2573 4114; x_wconf 89' lang='lat' dir='ltr'><strong>dicebat</strong></span> <span class='ocrx_word' id='word_1_362' title='bbox 2614 4053 2808 4113; x_wconf 87' lang='lat' dir='ltr'><strong>sacris</strong></span> <span class='ocrx_word' id='word_1_363' title='bbox 2852 4051 3124 4114; x_wconf 84' lang='lat' dir='ltr'><strong>initiari.</strong></span> 
     </span>
     <span class='ocr_line' id='line_1_39' title="bbox 723 4151 3132 4230; baseline 0 -18"><span class='ocrx_word' id='word_1_364' title='bbox 723 4151 946 4213; x_wconf 85' lang='lat' dir='ltr'><strong>Nonne</strong></span> <span class='ocrx_word' id='word_1_365' title='bbox 972 4153 1092 4214; x_wconf 88' lang='lat' dir='ltr'><strong>tibi</strong></span> <span class='ocrx_word' id='word_1_366' title='bbox 1118 4153 1330 4214; x_wconf 86' lang='lat' dir='ltr'><strong>fabula</strong></span> <span class='ocrx_word' id='word_1_367' title='bbox 1356 4154 1603 4214; x_wconf 82' lang='lat' dir='ltr'><strong>videtur</strong></span> <span class='ocrx_word' id='word_1_368' title='bbox 1628 4152 1745 4230; x_wconf 87' lang='lat' dir='ltr'><strong>agi,</strong></span> <span class='ocrx_word' id='word_1_369' title='bbox 1773 4173 1894 4230; x_wconf 89' lang='lat' dir='ltr'><strong>qua</strong></span> <span class='ocrx_word' id='word_1_370' title='bbox 1914 4151 2102 4229; x_wconf 87' lang='lat' dir='ltr'><strong>vulgo</strong></span> <span class='ocrx_word' id='word_1_371' title='bbox 2131 4152 2641 4213; x_wconf 88' lang='lat' dir='ltr'><strong>cacodaemonem</strong></span> <span class='ocrx_word' id='word_1_372' title='bbox 2669 4152 2975 4212; x_wconf 88' lang='lat' dir='ltr'><strong>inducunt</strong></span> <span class='ocrx_word' id='word_1_373' title='bbox 2999 4154 3132 4228; x_wconf 87' lang='lat' dir='ltr'><strong>qui</strong></span> 
     </span>
     <span class='ocr_line' id='line_1_40' title="bbox 598 4249 3135 4329; baseline 0.001 -20"><span class='ocrx_word' id='word_1_374' title='bbox 598 4266 689 4319; x_wconf 82' lang='lat'><strong>215</strong></span> <span class='ocrx_word' id='word_1_375' title='bbox 719 4251 785 4310; x_wconf 90' lang='lat' dir='ltr'><strong>in</strong></span> <span class='ocrx_word' id='word_1_376' title='bbox 816 4251 1033 4312; x_wconf 90' lang='lat' dir='ltr'><strong>morbo</strong></span> <span class='ocrx_word' id='word_1_377' title='bbox 1061 4253 1437 4312; x_wconf 88' lang='lat' dir='ltr'><strong>monachum</strong></span> <span class='ocrx_word' id='word_1_378' title='bbox 1466 4273 1530 4312; x_wconf 88' lang='lat' dir='ltr'><strong>se</strong></span> <span class='ocrx_word' id='word_1_379' title='bbox 1557 4251 1696 4312; x_wconf 87' lang='lat' dir='ltr'><strong>fieri</strong></span> <span class='ocrx_word' id='word_1_380' title='bbox 1720 4251 1881 4312; x_wconf 80' lang='lat' dir='ltr'><strong>velle</strong></span> <span class='ocrx_word' id='word_1_381' title='bbox 1906 4251 2089 4327; x_wconf 86' lang='lat' dir='ltr'><strong>fingit</strong></span> <span class='ocrx_word' id='word_1_382' title='bbox 2105 4253 2138 4310; x_wconf 73' lang='lat'><strong>⁴?</strong></span> <span class='ocrx_word' id='word_1_383' title='bbox 2219 4251 2303 4310; x_wconf 88' lang='lat' dir='ltr'><strong>Et</strong></span> <span class='ocrx_word' id='word_1_384' title='bbox 2330 4250 2592 4311; x_wconf 87' lang='lat' dir='ltr'><strong>Erasmo</strong></span> <span class='ocrx_word' id='word_1_385' title='bbox 2619 4249 2871 4329; x_wconf 91' lang='lat' dir='ltr'><strong>quidem</strong></span> <span class='ocrx_word' id='word_1_386' title='bbox 2898 4252 3135 4311; x_wconf 87' lang='lat' dir='ltr'><strong>nostro</strong></span> 
     </span>
     <span class='ocr_line' id='line_1_41' title="bbox 719 4347 3130 4428; baseline 0.001 -18"><span class='ocrx_word' id='word_1_387' title='bbox 719 4349 890 4411; x_wconf 87' lang='lat' dir='ltr'><strong>canis</strong></span> <span class='ocrx_word' id='word_1_388' title='bbox 930 4351 1061 4412; x_wconf 88' lang='lat' dir='ltr'><strong>suis</strong></span> <span class='ocrx_word' id='word_1_389' title='bbox 1103 4370 1173 4411; x_wconf 89' lang='lat' dir='ltr'><strong>ac</strong></span> <span class='ocrx_word' id='word_1_390' title='bbox 1213 4351 1569 4428; x_wconf 84' lang='lat' dir='ltr'><strong>lachrymis,</strong></span> <span class='ocrx_word' id='word_1_391' title='bbox 1611 4370 1765 4428; x_wconf 86' lang='lat' dir='ltr'><strong>quas</strong></span> <span class='ocrx_word' id='word_1_392' title='bbox 1801 4350 2198 4411; x_wconf 84' lang='lat' dir='ltr'><strong>meretricum</strong></span> <span class='ocrx_word' id='word_1_393' title='bbox 2243 4369 2415 4411; x_wconf 88' lang='lat' dir='ltr'><strong>more</strong></span> <span class='ocrx_word' id='word_1_394' title='bbox 2459 4350 2527 4409; x_wconf 90' lang='lat' dir='ltr'><strong>in</strong></span> <span class='ocrx_word' id='word_1_395' title='bbox 2568 4350 2863 4427; x_wconf 91' lang='lat' dir='ltr'><strong>promptu</strong></span> <span class='ocrx_word' id='word_1_396' title='bbox 2902 4347 3130 4427; x_wconf 77' lang='lat' dir='ltr'><strong>habet,</strong></span> 
     </span>
    </p>
   </div>
   <div class='ocr_carea' id='block_1_3' title="bbox 724 4429 3136 4678">
    <p class='ocr_par' dir='ltr' id='par_1_3' title="bbox 724 4429 3136 4678">
     <span class='ocr_line' id='line_1_42' title="bbox 725 4429 3136 4510; baseline 0 -14"><span class='ocrx_word' id='word_1_397' title='bbox 725 4463 830 4509; x_wconf 91' lang='lat'><strong>177</strong></span> <span class='ocrx_word' id='word_1_398' title='bbox 866 4448 1151 4509; x_wconf 81' lang='lat' dir='ltr'><strong>maximus,</strong></span> <span class='ocrx_word' id='word_1_399' title='bbox 1175 4462 1485 4510; x_wconf 85' lang='lat' dir='ltr'><strong>quanquam</strong></span> <span class='ocrx_word' id='word_1_400' title='bbox 1506 4452 1572 4498; x_wconf 88' lang='lat' dir='ltr'><strong>H.</strong></span> <span class='ocrx_word' id='word_1_401' title='bbox 1741 4449 1849 4508; x_wconf 84' lang='lat'><strong>187.</strong></span> <span class='ocrx_word' id='word_1_402' title='bbox 1887 4450 1946 4495; x_wconf 85' lang='lat' dir='ltr'><strong>vt</strong></span> <span class='ocrx_word' id='word_1_403' title='bbox 1969 4463 2057 4498; x_wconf 83' lang='lat' dir='ltr'><strong>om.</strong></span> <span class='ocrx_word' id='word_1_404' title='bbox 2085 4451 2141 4496; x_wconf 85' lang='lat' dir='ltr'><strong>F.</strong></span> <span class='ocrx_word' id='word_1_405' title='bbox 2317 4461 2437 4508; x_wconf 77' lang='lat'><strong>205.</strong></span> <span class='ocrx_word' id='word_1_406' title='bbox 2470 4449 2628 4496; x_wconf 84' lang='lat' dir='ltr'><em>ELB:</em></span> <span class='ocrx_word' id='word_1_407' title='bbox 2661 4445 2937 4494; x_wconf 83' lang='lat' dir='ltr'><strong>diuexarit</strong></span> <span class='ocrx_word' id='word_1_408' title='bbox 2956 4429 3136 4497; x_wconf 70' lang='lat' dir='ltr'><strong>Zona.</strong></span> 
     </span>
     <span class='ocr_line' id='line_1_43' title="bbox 724 4544 3135 4678; baseline -0 -15"><span class='ocrx_word' id='word_1_409' title='bbox 724 4564 907 4676; x_wconf 47' lang='lat'><strong>..131⁹</strong></span> <span class='ocrx_word' id='word_1_410' title='bbox 934 4546 1199 4678; x_wconf 46' lang='lat' dir='ltr'><strong>{seta</strong></span> <span class='ocrx_word' id='word_1_411' title='bbox 1219 4547 1360 4672; x_wconf 67' lang='lat'><strong>25.</strong></span> <span class='ocrx_word' id='word_1_412' title='bbox 1349 4549 1674 4663; x_wconf 50' lang='lat' dir='ltr'><strong>ww</strong></span> <span class='ocrx_word' id='word_1_413' title='bbox 1719 4549 1869 4602; x_wconf 56' lang='lat' dir='ltr'><strong>m</strong></span> <span class='ocrx_word' id='word_1_414' title='bbox 1970 4546 2365 4674; x_wconf 55' lang='grc' dir='ltr'>ῖὲ,.”“;,ει,-ιι</span> <span class='ocrx_word' id='word_1_415' title='bbox 2368 4544 3135 4673; x_wconf 41' lang='lat' dir='ltr'><strong>..theramenem</strong></span> 
     </span>
    </p>
   </div>
   <div class='ocr_carea' id='block_1_4' title="bbox 786 4675 3105 4742">
    <p class='ocr_par' dir='ltr' id='par_1_4' title="bbox 786 4675 3105 4742">
     <span class='ocr_line' id='line_1_44' title="bbox 786 4675 3105 4742; baseline 0 -15.016"><span class='ocrx_word' id='word_1_416' title='bbox 786 4694 895 4740; x_wconf 82' lang='lat'><strong>2.14</strong></span> <span class='ocrx_word' id='word_1_417' title='bbox 936 4678 1140 4742; x_wconf 84' lang='lat' dir='ltr'><strong>fabula]</strong></span> <span class='ocrx_word' id='word_1_418' title='bbox 1166 4679 1279 4728; x_wconf 84' lang='lat' dir='ltr'><strong>The</strong></span> <span class='ocrx_word' id='word_1_419' title='bbox 1305 4678 1523 4728; x_wconf 80' lang='lat' dir='ltr'><strong>earliest</strong></span> <span class='ocrx_word' id='word_1_420' title='bbox 1549 4678 1674 4727; x_wconf 78' lang='lat' dir='ltr'><strong>date</strong></span> <span class='ocrx_word' id='word_1_421' title='bbox 1707 4678 1869 4741; x_wconf 76' lang='lat' dir='ltr'><strong>given</strong></span> <span class='ocrx_word' id='word_1_422' title='bbox 1969 4681 2112 4741; x_wconf 64' lang='lat' dir='ltr'><strong>Brit„</strong></span> <span class='ocrx_word' id='word_1_423' title='bbox 2137 4680 2329 4741; x_wconf 83' lang='lat' dir='ltr'><strong>quotes</strong></span> <span class='ocrx_word' id='word_1_424' title='bbox 2350 4677 2464 4727; x_wconf 76' lang='lat' dir='ltr'><strong>also</strong></span> <span class='ocrx_word' id='word_1_425' title='bbox 2487 4692 2520 4727; x_wconf 84' lang='lat' dir='ltr'><strong>a</strong></span> <span class='ocrx_word' id='word_1_426' title='bbox 2543 4677 2652 4726; x_wconf 83' lang='lat' dir='ltr'><strong>late</strong></span> <span class='ocrx_word' id='word_1_427' title='bbox 2675 4676 2833 4726; x_wconf 81' lang='lat' dir='ltr'><strong>Latin</strong></span> <span class='ocrx_word' id='word_1_428' title='bbox 2857 4675 3105 4740; x_wconf 79' lang='lat' dir='ltr'><strong>couplet.</strong></span> 
     </span>
    </p>
   </div>
  </div>
 </body>
</html>
