<?xml version="1.0" encoding="UTF-8"?>
<!DOCTYPE html PUBLIC "-//W3C//DTD XHTML 1.0 Transitional//EN"
    "http://www.w3.org/TR/xhtml1/DTD/xhtml1-transitional.dtd">
<html xmlns="http://www.w3.org/1999/xhtml" xml:lang="en" lang="en">
 <head>
  <title>
</title>
<meta http-equiv="Content-Type" content="text/html;charset=utf-8" />
  <meta name='ocr-system' content='tesseract 3.04.00' />
  <meta name='ocr-capabilities' content='ocr_page ocr_carea ocr_par ocr_line ocrx_word'/>
</head>
<body>
  <div class='ocr_page' id='page_1' title='image "./opusepistolarum00flowgoog_0392.png"; bbox 0 0 3355 5380; ppageno 0'>
   <div class='ocr_carea' id='block_1_1' title="bbox 645 359 3035 443">
    <p class='ocr_par' dir='ltr' id='par_1_1' title="bbox 645 359 3035 443">
     <span class='ocr_line' id='line_1_1' title="bbox 645 359 3035 443; baseline 0 -21"><span class='ocrx_word' id='word_1_1' title='bbox 645 366 760 422; x_wconf 88' lang='grc'><strong>358</strong></span> <span class='ocrx_word' id='word_1_2' title='bbox 1345 361 1722 424; x_wconf 82' lang='lat' dir='ltr'>LETTERS</span> <span class='ocrx_word' id='word_1_3' title='bbox 1777 363 1884 424; x_wconf 85' lang='lat' dir='ltr'><strong>OF</strong></span> <span class='ocrx_word' id='word_1_4' title='bbox 1940 361 2338 423; x_wconf 73' lang='lat' dir='ltr'>ERASMUS</span> <span class='ocrx_word' id='word_1_5' title='bbox 2848 359 3035 443; x_wconf 85' lang='lat'><strong>[1501</strong></span> 
     </span>
    </p>
   </div>
   <div class='ocr_carea' id='block_1_2' title="bbox 637 514 3043 973">
    <p class='ocr_par' dir='ltr' id='par_1_2' title="bbox 637 514 3042 777">
     <span class='ocr_line' id='line_1_2' title="bbox 641 514 3041 580; baseline 0 -12"><span class='ocrx_word' id='word_1_6' title='bbox 641 532 868 580; x_wconf 81' lang='lat' dir='ltr'><strong>suppose</strong></span> <span class='ocrx_word' id='word_1_7' title='bbox 912 517 1034 567; x_wconf 85' lang='lat' dir='ltr'><strong>that</strong></span> <span class='ocrx_word' id='word_1_8' title='bbox 1073 517 1236 566; x_wconf 82' lang='lat' dir='ltr'><strong>Louia</strong></span> <span class='ocrx_word' id='word_1_9' title='bbox 1273 531 1386 566; x_wconf 81' lang='lat' dir='ltr'><strong>was</strong></span> <span class='ocrx_word' id='word_1_10' title='bbox 1419 520 1543 566; x_wconf 84' lang='lat' dir='ltr'><strong>sent</strong></span> <span class='ocrx_word' id='word_1_11' title='bbox 1587 517 1659 578; x_wconf 82' lang='lat' dir='ltr'><strong>by</strong></span> <span class='ocrx_word' id='word_1_12' title='bbox 1700 518 1795 566; x_wconf 86' lang='lat' dir='ltr'><strong>the</strong></span> <span class='ocrx_word' id='word_1_13' title='bbox 1840 516 2043 579; x_wconf 80' lang='lat' dir='ltr'><strong>Bishop</strong></span> <span class='ocrx_word' id='word_1_14' title='bbox 2085 516 2204 566; x_wconf 72' lang='lat' dir='ltr'><strong>into</strong></span> <span class='ocrx_word' id='word_1_15' title='bbox 2247 514 2489 566; x_wconf 84' lang='lat' dir='ltr'><strong>Helland</strong></span> <span class='ocrx_word' id='word_1_16' title='bbox 2533 516 2653 579; x_wconf 84' lang='lat' dir='ltr'><strong>(Ep.</strong></span> <span class='ocrx_word' id='word_1_17' title='bbox 2702 518 2836 579; x_wconf 86' lang='lat'><strong>157),</strong></span> <span class='ocrx_word' id='word_1_18' title='bbox 2876 518 3041 569; x_wconf 80' lang='lat' dir='ltr'><strong>when</strong></span> 
     </span>
     <span class='ocr_line' id='line_1_3' title="bbox 641 582 3041 644; baseline 0.001 -12"><span class='ocrx_word' id='word_1_19' title='bbox 641 585 898 632; x_wconf 79' lang='lat' dir='ltr'><strong>Erasmus</strong></span> <span class='ocrx_word' id='word_1_20' title='bbox 931 597 1041 630; x_wconf 81' lang='lat' dir='ltr'><strong>was</strong></span> <span class='ocrx_word' id='word_1_21' title='bbox 1074 582 1189 632; x_wconf 87' lang='lat' dir='ltr'><strong>still</strong></span> <span class='ocrx_word' id='word_1_22' title='bbox 1224 583 1284 630; x_wconf 91' lang='lat' dir='ltr'><strong>in</strong></span> <span class='ocrx_word' id='word_1_23' title='bbox 1317 582 1485 631; x_wconf 87' lang='lat' dir='ltr'><strong>Paris.</strong></span> <span class='ocrx_word' id='word_1_24' title='bbox 1553 582 1665 631; x_wconf 84' lang='lat' dir='ltr'><strong>The</strong></span> <span class='ocrx_word' id='word_1_25' title='bbox 1702 583 1905 631; x_wconf 87' lang='lat' dir='ltr'><strong>former</strong></span> <span class='ocrx_word' id='word_1_26' title='bbox 1936 583 2203 644; x_wconf 80' lang='lat' dir='ltr'><strong>difficulty</strong></span> <span class='ocrx_word' id='word_1_27' title='bbox 2230 597 2405 630; x_wconf 83' lang='lat' dir='ltr'><strong>seems</strong></span> <span class='ocrx_word' id='word_1_28' title='bbox 2438 584 2495 631; x_wconf 90' lang='lat' dir='ltr'><strong>to</strong></span> <span class='ocrx_word' id='word_1_29' title='bbox 2527 596 2617 630; x_wconf 86' lang='lat' dir='ltr'><strong>me</strong></span> <span class='ocrx_word' id='word_1_30' title='bbox 2648 582 2744 631; x_wconf 85' lang='lat' dir='ltr'><strong>the</strong></span> <span class='ocrx_word' id='word_1_31' title='bbox 2776 584 2951 632; x_wconf 77' lang='lat' dir='ltr'><strong>eaaier</strong></span> <span class='ocrx_word' id='word_1_32' title='bbox 2984 588 3041 634; x_wconf 83' lang='lat' dir='ltr'><strong>to</strong></span> 
     </span>
     <span class='ocr_line' id='line_1_4' title="bbox 640 647 3042 712; baseline 0 -15"><span class='ocrx_word' id='word_1_33' title='bbox 640 650 945 710; x_wconf 85' lang='lat' dir='ltr'><strong>surmount,</strong></span> <span class='ocrx_word' id='word_1_34' title='bbox 975 649 1046 709; x_wconf 78' lang='lat' dir='ltr'><strong>by</strong></span> <span class='ocrx_word' id='word_1_35' title='bbox 1068 649 1360 710; x_wconf 83' lang='lat' dir='ltr'><strong>supposing</strong></span> <span class='ocrx_word' id='word_1_36' title='bbox 1381 647 1504 697; x_wconf 85' lang='lat' dir='ltr'><strong>that</strong></span> <span class='ocrx_word' id='word_1_37' title='bbox 1530 649 1787 696; x_wconf 85' lang='lat' dir='ltr'><strong>Erasmus</strong></span> <span class='ocrx_word' id='word_1_38' title='bbox 1808 648 2033 710; x_wconf 82' lang='lat' dir='ltr'><strong>writing</strong></span> <span class='ocrx_word' id='word_1_39' title='bbox 2053 648 2113 696; x_wconf 89' lang='lat' dir='ltr'><strong>in</strong></span> <span class='ocrx_word' id='word_1_40' title='bbox 2136 647 2289 696; x_wconf 84' lang='lat' dir='ltr'><strong>haste</strong></span> <span class='ocrx_word' id='word_1_41' title='bbox 2315 647 2438 712; x_wconf 87' lang='lat' dir='ltr'><strong>(Ep.</strong></span> <span class='ocrx_word' id='word_1_42' title='bbox 2468 648 2582 709; x_wconf 84' lang='lat'>155)</span> <span class='ocrx_word' id='word_1_43' title='bbox 2606 647 2779 711; x_wconf 81' lang='lat' dir='ltr'><strong>forgot</strong></span> <span class='ocrx_word' id='word_1_44' title='bbox 2801 648 2927 698; x_wconf 83' lang='lat' dir='ltr'><strong>that</strong></span> <span class='ocrx_word' id='word_1_45' title='bbox 2951 648 3042 699; x_wconf 84' lang='lat' dir='ltr'><strong>his</strong></span> 
     </span>
     <span class='ocr_line' id='line_1_5' title="bbox 637 713 2132 777; baseline -0.001 -13"><span class='ocrx_word' id='word_1_46' title='bbox 637 714 1087 777; x_wconf 79' lang='lat' dir='ltr'><strong>correspondents</strong></span> <span class='ocrx_word' id='word_1_47' title='bbox 1106 714 1324 775; x_wconf 71' lang='lat' dir='ltr'><strong>already</strong></span> <span class='ocrx_word' id='word_1_48' title='bbox 1341 714 1502 763; x_wconf 82' lang='lat' dir='ltr'><strong>knew</strong></span> <span class='ocrx_word' id='word_1_49' title='bbox 1523 714 1619 762; x_wconf 90' lang='lat' dir='ltr'><strong>the</strong></span> <span class='ocrx_word' id='word_1_50' title='bbox 1643 714 1779 762; x_wconf 77' lang='lat' dir='ltr'><strong>facts</strong></span> <span class='ocrx_word' id='word_1_51' title='bbox 1799 713 2132 763; x_wconf 84' lang='lat' dir='ltr'><strong>mentioned.</strong></span> 
     </span>
    </p>

    <p class='ocr_par' dir='ltr' id='par_1_3' title="bbox 640 778 3043 973">
     <span class='ocr_line' id='line_1_6' title="bbox 703 778 3041 841; baseline 0 -12"><span class='ocrx_word' id='word_1_52' title='bbox 703 781 738 828; x_wconf 86' lang='lat' dir='ltr'><strong>J</strong></span> <span class='ocrx_word' id='word_1_53' title='bbox 739 794 888 829; x_wconf 86' lang='lat' dir='ltr'><strong>ames</strong></span> <span class='ocrx_word' id='word_1_54' title='bbox 912 780 1214 828; x_wconf 84' lang='lat' dir='ltr'><strong>Anthonisz</strong></span> <span class='ocrx_word' id='word_1_55' title='bbox 1234 794 1346 827; x_wconf 79' lang='lat' dir='ltr'><strong>was</strong></span> <span class='ocrx_word' id='word_1_56' title='bbox 1362 793 1392 823; x_wconf 78' lang='lat' dir='ltr'><strong>a</strong></span> <span class='ocrx_word' id='word_1_57' title='bbox 1413 781 1595 827; x_wconf 78' lang='lat' dir='ltr'><strong>native</strong></span> <span class='ocrx_word' id='word_1_58' title='bbox 1626 779 1686 827; x_wconf 77' lang='lat' dir='ltr'><strong>of</strong></span> <span class='ocrx_word' id='word_1_59' title='bbox 1703 779 2059 841; x_wconf 76' lang='lat' dir='ltr'><strong>Middelburg‚</strong></span> <span class='ocrx_word' id='word_1_60' title='bbox 2085 779 2195 828; x_wconf 88' lang='lat' dir='ltr'><strong>and</strong></span> <span class='ocrx_word' id='word_1_61' title='bbox 2227 779 2427 827; x_wconf 90' lang='lat' dir='ltr'><strong>Doctor</strong></span> <span class='ocrx_word' id='word_1_62' title='bbox 2449 779 2510 827; x_wconf 79' lang='lat' dir='ltr'><strong>of</strong></span> <span class='ocrx_word' id='word_1_63' title='bbox 2525 778 2708 827; x_wconf 86' lang='lat' dir='ltr'><strong>Canon</strong></span> <span class='ocrx_word' id='word_1_64' title='bbox 2734 779 2877 830; x_wconf 76' lang='lat' dir='ltr'><strong>Law,</strong></span> <span class='ocrx_word' id='word_1_65' title='bbox 2952 780 3041 830; x_wconf 84' lang='lat' dir='ltr'><strong>He</strong></span> 
     </span>
     <span class='ocr_line' id='line_1_7' title="bbox 641 843 3042 910; baseline 0 -16"><span class='ocrx_word' id='word_1_66' title='bbox 641 861 752 895; x_wconf 80' lang='lat' dir='ltr'><strong>was</strong></span> <span class='ocrx_word' id='word_1_67' title='bbox 789 845 1203 894; x_wconf 72' lang='lat' dir='ltr'><strong>Vicat-General</strong></span> <span class='ocrx_word' id='word_1_68' title='bbox 1250 847 1308 892; x_wconf 85' lang='lat' dir='ltr'><strong>to</strong></span> <span class='ocrx_word' id='word_1_69' title='bbox 1347 844 1540 907; x_wconf 79' lang='lat' dir='ltr'><strong>Hem-y</strong></span> <span class='ocrx_word' id='word_1_70' title='bbox 1579 844 1640 891; x_wconf 80' lang='lat' dir='ltr'><strong>of</strong></span> <span class='ocrx_word' id='word_1_71' title='bbox 1673 845 1902 906; x_wconf 75' lang='lat' dir='ltr'><strong>Ber-gen,</strong></span> <span class='ocrx_word' id='word_1_72' title='bbox 1943 844 2040 906; x_wconf 89' lang='lat' dir='ltr'><strong>Bp.</strong></span> <span class='ocrx_word' id='word_1_73' title='bbox 2082 844 2143 892; x_wconf 78' lang='lat' dir='ltr'><strong>of</strong></span> <span class='ocrx_word' id='word_1_74' title='bbox 2176 844 2455 907; x_wconf 77' lang='lat' dir='ltr'><strong>Cambray,</strong></span> <span class='ocrx_word' id='word_1_75' title='bbox 2496 844 2617 892; x_wconf 68' lang='lat' dir='ltr'><strong>and⁴</strong></span> <span class='ocrx_word' id='word_1_76' title='bbox 2644 843 2752 893; x_wconf 85' lang='lat' dir='ltr'><strong>had</strong></span> <span class='ocrx_word' id='word_1_77' title='bbox 2792 846 3042 910; x_wconf 80' lang='lat' dir='ltr'><strong>recently</strong></span> 
     </span>
     <span class='ocr_line' id='line_1_8' title="bbox 640 908 3043 973; baseline 0.001 -14"><span class='ocrx_word' id='word_1_78' title='bbox 640 912 924 973; x_wconf 73' lang='lat' dir='ltr'><strong>composed</strong></span> <span class='ocrx_word' id='word_1_79' title='bbox 940 927 973 961; x_wconf 83' lang='lat' dir='ltr'><strong>a</strong></span> <span class='ocrx_word' id='word_1_80' title='bbox 993 911 1211 960; x_wconf 81' lang='lat' dir='ltr'><strong>treatise</strong></span> <span class='ocrx_word' id='word_1_81' title='bbox 1239 913 1309 958; x_wconf 85' lang='lat' dir='ltr'><strong>De</strong></span> <span class='ocrx_word' id='word_1_82' title='bbox 1334 913 1631 969; x_wconf 50' lang='lat' dir='ltr'><strong>precellentes</strong></span> <span class='ocrx_word' id='word_1_83' title='bbox 1641 915 1879 970; x_wconf 72' lang='lat' dir='ltr'><strong>potestatis</strong></span> <span class='ocrx_word' id='word_1_84' title='bbox 1899 914 2223 968; x_wconf 59' lang='lat' dir='ltr'><strong>imperatoriae</strong></span> <span class='ocrx_word' id='word_1_85' title='bbox 2247 910 2370 971; x_wconf 82' lang='lat' dir='ltr'><strong>(Ep.</strong></span> <span class='ocrx_word' id='word_1_86' title='bbox 2391 909 2505 971; x_wconf 72' lang='lat'><strong>173)</strong></span> <span class='ocrx_word' id='word_1_87' title='bbox 2528 908 2818 959; x_wconf 72' lang='lat' dir='ltr'><strong>addreeood</strong></span> <span class='ocrx_word' id='word_1_88' title='bbox 2852 912 2912 960; x_wconf 73' lang='lat' dir='ltr'><strong>to</strong></span> <span class='ocrx_word' id='word_1_89' title='bbox 2943 913 3043 961; x_wconf 77' lang='lat' dir='ltr'><strong>the</strong></span> 
     </span>
    </p>
   </div>
   <div class='ocr_carea' id='block_1_3' title="bbox 637 975 3043 1290">
    <p class='ocr_par' dir='ltr' id='par_1_4' title="bbox 637 975 3043 1170">
     <span class='ocr_line' id='line_1_9' title="bbox 641 975 3043 1039; baseline 0.001 -14"><span class='ocrx_word' id='word_1_90' title='bbox 641 978 864 1038; x_wconf 88' lang='lat' dir='ltr'><strong>Bishop,</strong></span> <span class='ocrx_word' id='word_1_91' title='bbox 888 977 982 1025; x_wconf 91' lang='lat' dir='ltr'><strong>the</strong></span> <span class='ocrx_word' id='word_1_92' title='bbox 1017 976 1324 1039; x_wconf 84' lang='lat' dir='ltr'><strong>peroration</strong></span> <span class='ocrx_word' id='word_1_93' title='bbox 1358 975 1419 1025; x_wconf 74' lang='lat' dir='ltr'><strong>of</strong></span> <span class='ocrx_word' id='word_1_94' title='bbox 1445 975 1625 1025; x_wconf 81' lang='lat' dir='ltr'><strong>which</strong></span> <span class='ocrx_word' id='word_1_95' title='bbox 1659 977 1707 1024; x_wconf 85' lang='lat' dir='ltr'><strong>is</strong></span> <span class='ocrx_word' id='word_1_96' title='bbox 1739 976 1901 1023; x_wconf 83' lang='lat' dir='ltr'><strong>dated</strong></span> <span class='ocrx_word' id='word_1_97' title='bbox 1936 975 2075 1024; x_wconf 83' lang='lat' dir='ltr'><strong>from</strong></span> <span class='ocrx_word' id='word_1_98' title='bbox 2110 975 2371 1036; x_wconf 82' lang='lat' dir='ltr'><strong>Brussels,</strong></span> <span class='ocrx_word' id='word_1_99' title='bbox 2398 990 2460 1037; x_wconf 84' lang='lat'><strong>31</strong></span> <span class='ocrx_word' id='word_1_100' title='bbox 2487 975 2712 1024; x_wconf 82' lang='lat' dir='ltr'><strong>October</strong></span> <span class='ocrx_word' id='word_1_101' title='bbox 2738 989 2882 1038; x_wconf 83' lang='lat'><strong>1500.</strong></span> <span class='ocrx_word' id='word_1_102' title='bbox 2954 978 3043 1027; x_wconf 85' lang='lat' dir='ltr'><strong>He</strong></span> 
     </span>
     <span class='ocr_line' id='line_1_10' title="bbox 637 1040 3024 1094; baseline 0.001 -3"><span class='ocrx_word' id='word_1_103' title='bbox 637 1041 909 1091; x_wconf 72' lang='lat' dir='ltr'><strong>describes</strong></span> <span class='ocrx_word' id='word_1_104' title='bbox 930 1041 1158 1090; x_wconf 79' lang='lat' dir='ltr'>himself</span> <span class='ocrx_word' id='word_1_105' title='bbox 1169 1041 1325 1089; x_wconf 89' lang='lat' dir='ltr'><strong>there</strong></span> <span class='ocrx_word' id='word_1_106' title='bbox 1345 1056 1404 1089; x_wconf 87' lang='lat' dir='ltr'><strong>as</strong></span> <span class='ocrx_word' id='word_1_107' title='bbox 1433 1042 1447 1069; x_wconf 89' lang='lat'>‘</span> <span class='ocrx_word' id='word_1_108' title='bbox 1460 1041 1692 1089; x_wconf 84' lang='lat' dir='ltr'><strong>humilis</strong></span> <span class='ocrx_word' id='word_1_109' title='bbox 1712 1044 1901 1090; x_wconf 87' lang='lat' dir='ltr'><strong>cantor</strong></span> <span class='ocrx_word' id='word_1_110' title='bbox 1922 1041 2145 1089; x_wconf 81' lang='lat' dir='ltr'><strong>ecclesie</strong></span> <span class='ocrx_word' id='word_1_111' title='bbox 2178 1041 2374 1089; x_wconf 88' lang='lat' dir='ltr'><strong>Sancte</strong></span> <span class='ocrx_word' id='word_1_112' title='bbox 2396 1040 2608 1090; x_wconf 86' lang='lat' dir='ltr'><strong>Gudule</strong></span> <span class='ocrx_word' id='word_1_113' title='bbox 2630 1040 3024 1094; x_wconf 84' lang='lat' dir='ltr'><strong>Bruxellensis.</strong></span> 
     </span>
     <span class='ocr_line' id='line_1_11' title="bbox 640 1106 2643 1170; baseline 0 -13"><span class='ocrx_word' id='word_1_114' title='bbox 640 1108 710 1157; x_wconf 91' lang='lat' dir='ltr'><strong>In</strong></span> <span class='ocrx_word' id='word_1_115' title='bbox 732 1109 830 1169; x_wconf 82' lang='lat' dir='ltr'><strong>Ep.</strong></span> <span class='ocrx_word' id='word_1_116' title='bbox 858 1122 965 1169; x_wconf 84' lang='lat'><strong>173.</strong></span> <span class='ocrx_word' id='word_1_117' title='bbox 989 1122 1071 1169; x_wconf 83' lang='lat'><strong>53,</strong></span> <span class='ocrx_word' id='word_1_118' title='bbox 1095 1124 1125 1168; x_wconf 87' lang='lat'>4</span> <span class='ocrx_word' id='word_1_119' title='bbox 1150 1108 1406 1156; x_wconf 83' lang='lat' dir='ltr'><strong>Erasmus</strong></span> <span class='ocrx_word' id='word_1_120' title='bbox 1427 1107 1616 1170; x_wconf 79' lang='lat' dir='ltr'><strong>speaks</strong></span> <span class='ocrx_word' id='word_1_121' title='bbox 1638 1107 1699 1155; x_wconf 79' lang='lat' dir='ltr'><strong>of</strong></span> <span class='ocrx_word' id='word_1_122' title='bbox 1714 1107 1834 1155; x_wconf 86' lang='lat' dir='ltr'><strong>him</strong></span> <span class='ocrx_word' id='word_1_123' title='bbox 1856 1121 1915 1156; x_wconf 79' lang='lat' dir='ltr'><strong>aa</strong></span> <span class='ocrx_word' id='word_1_124' title='bbox 1939 1108 1954 1136; x_wconf 87' lang='lat'>‘</span> <span class='ocrx_word' id='word_1_125' title='bbox 1970 1107 2030 1155; x_wconf 89' lang='lat' dir='ltr'><strong>in</strong></span> <span class='ocrx_word' id='word_1_126' title='bbox 2053 1109 2228 1155; x_wconf 78' lang='lat' dir='ltr'><strong>aetate</strong></span> <span class='ocrx_word' id='word_1_127' title='bbox 2249 1109 2365 1155; x_wconf 86' lang='lat' dir='ltr'><strong>tam</strong></span> <span class='ocrx_word' id='word_1_128' title='bbox 2386 1106 2643 1170; x_wconf 57' lang='lat' dir='ltr'><strong>gundil]</strong></span> 
     </span>
    </p>

    <p class='ocr_par' dir='ltr' id='par_1_5' title="bbox 771 1238 2908 1290">
     <span class='ocr_line' id='line_1_12' title="bbox 771 1238 2908 1290; baseline 0 -2"><span class='ocrx_word' id='word_1_129' title='bbox 771 1239 1125 1290; x_wconf 76' lang='lat' dir='ltr'><strong>OBNATISS.</strong></span> <span class='ocrx_word' id='word_1_130' title='bbox 1174 1239 1240 1287; x_wconf 89' lang='lat' dir='ltr'><strong>D.</strong></span> <span class='ocrx_word' id='word_1_131' title='bbox 1287 1238 1534 1286; x_wconf 80' lang='lat' dir='ltr'>IAOOBO</span> <span class='ocrx_word' id='word_1_132' title='bbox 1580 1239 1868 1287; x_wconf 76' lang='lat' dir='ltr'>VICARIO</span> <span class='ocrx_word' id='word_1_133' title='bbox 1913 1239 1978 1285; x_wconf 80' lang='lat' dir='ltr'><strong>R.</strong></span> <span class='ocrx_word' id='word_1_134' title='bbox 2026 1239 2550 1288; x_wconf 75' lang='lat' dir='ltr'>GAMERAOENSIS</span> <span class='ocrx_word' id='word_1_135' title='bbox 2594 1239 2908 1289; x_wconf 85' lang='lat' dir='ltr'>EPISCOPI</span> 
     </span>
    </p>
   </div>
   <div class='ocr_carea' id='block_1_4' title="bbox 1577 1341 2096 1391">
    <p class='ocr_par' dir='ltr' id='par_1_6' title="bbox 1577 1341 2096 1391">
     <span class='ocr_line' id='line_1_13' title="bbox 1577 1341 2096 1391; baseline 0.002 -3"><span class='ocrx_word' id='word_1_136' title='bbox 1577 1341 1890 1391; x_wconf 76' lang='lat' dir='ltr'><strong>ERASMVS</strong></span> <span class='ocrx_word' id='word_1_137' title='bbox 1933 1343 1987 1390; x_wconf 81' lang='lat' dir='ltr'><strong>S.</strong></span> <span class='ocrx_word' id='word_1_138' title='bbox 2035 1342 2096 1389; x_wconf 90' lang='lat' dir='ltr'><strong>D.</strong></span> 
     </span>
    </p>
   </div>
   <div class='ocr_carea' id='block_1_5' title="bbox 545 1463 3043 4195">
    <p class='ocr_par' dir='ltr' id='par_1_7' title="bbox 632 1463 3043 1839">
     <span class='ocr_line' id='line_1_14' title="bbox 717 1463 3041 1541; baseline 0.002 -14"><span class='ocrx_word' id='word_1_139' title='bbox 717 1467 857 1527; x_wconf 70' lang='lat' dir='ltr'><strong>Cvu</strong></span> <span class='ocrx_word' id='word_1_140' title='bbox 888 1466 1139 1526; x_wconf 90' lang='lat' dir='ltr'><strong>nullum</strong></span> <span class='ocrx_word' id='word_1_141' title='bbox 1171 1464 1429 1525; x_wconf 90' lang='lat' dir='ltr'><strong>omnino</strong></span> <span class='ocrx_word' id='word_1_142' title='bbox 1458 1484 1671 1524; x_wconf 91' lang='lat' dir='ltr'><strong>meum</strong></span> <span class='ocrx_word' id='word_1_143' title='bbox 1700 1464 1770 1524; x_wconf 92' lang='lat' dir='ltr'><strong>in</strong></span> <span class='ocrx_word' id='word_1_144' title='bbox 1798 1466 1862 1524; x_wconf 89' lang='lat' dir='ltr'><strong>te</strong></span> <span class='ocrx_word' id='word_1_145' title='bbox 1888 1463 2159 1525; x_wconf 90' lang='lat' dir='ltr'><strong>officium</strong></span> <span class='ocrx_word' id='word_1_146' title='bbox 2192 1467 2431 1527; x_wconf 87' lang='lat' dir='ltr'><strong>extaret</strong></span> <span class='ocrx_word' id='word_1_147' title='bbox 2457 1465 2673 1541; x_wconf 87' lang='lat' dir='ltr'><strong>adhuc,</strong></span> <span class='ocrx_word' id='word_1_148' title='bbox 2700 1466 2803 1528; x_wconf 82' lang='lat' dir='ltr'><strong>vir</strong></span> <span class='ocrx_word' id='word_1_149' title='bbox 2830 1469 3041 1532; x_wconf 87' lang='lat' dir='ltr'><strong>nescio</strong></span> 
     </span>
     <span class='ocr_line' id='line_1_15' title="bbox 633 1561 3043 1644; baseline 0.002 -19"><span class='ocrx_word' id='word_1_150' title='bbox 633 1563 1050 1625; x_wconf 89' lang='lat' dir='ltr'><strong>humaniorne</strong></span> <span class='ocrx_word' id='word_1_151' title='bbox 1096 1583 1180 1623; x_wconf 92' lang='lat' dir='ltr'><strong>an</strong></span> <span class='ocrx_word' id='word_1_152' title='bbox 1220 1562 1536 1637; x_wconf 82' lang='lat' dir='ltr'>eruditior,</span> <span class='ocrx_word' id='word_1_153' title='bbox 1585 1561 1846 1623; x_wconf 91' lang='lat' dir='ltr'><strong>omnino</strong></span> <span class='ocrx_word' id='word_1_154' title='bbox 1883 1561 2298 1638; x_wconf 88' lang='lat' dir='ltr'><strong>ornatissime,</strong></span> <span class='ocrx_word' id='word_1_155' title='bbox 2345 1566 2540 1641; x_wconf 89' lang='lat' dir='ltr'><strong>tuque</strong></span> <span class='ocrx_word' id='word_1_156' title='bbox 2574 1564 2631 1625; x_wconf 88' lang='lat' dir='ltr'><strong>is</strong></span> <span class='ocrx_word' id='word_1_157' title='bbox 2676 1585 2825 1644; x_wconf 88' lang='lat' dir='ltr'><strong>erga</strong></span> <span class='ocrx_word' id='word_1_158' title='bbox 2871 1567 3043 1629; x_wconf 91' lang='lat' dir='ltr'><strong>hunc</strong></span> 
     </span>
     <span class='ocr_line' id='line_1_16' title="bbox 632 1661 3042 1739; baseline 0.001 -16"><span class='ocrx_word' id='word_1_159' title='bbox 632 1661 1118 1725; x_wconf 81' lang='lat' dir='ltr'><strong>homuncionem</strong></span> <span class='ocrx_word' id='word_1_160' title='bbox 1166 1661 1361 1722; x_wconf 89' lang='lat' dir='ltr'><strong>fueris</strong></span> <span class='ocrx_word' id='word_1_161' title='bbox 1420 1663 1492 1721; x_wconf 84' lang='lat' dir='ltr'><strong>vt</strong></span> <span class='ocrx_word' id='word_1_162' title='bbox 1539 1680 1641 1721; x_wconf 92' lang='lat' dir='ltr'><strong>me</strong></span> <span class='ocrx_word' id='word_1_163' title='bbox 1688 1680 1879 1739; x_wconf 90' lang='lat' dir='ltr'><strong>prope</strong></span> <span class='ocrx_word' id='word_1_164' title='bbox 1925 1661 2277 1721; x_wconf 80' lang='lat' dir='ltr'><strong>incredibili</strong></span> <span class='ocrx_word' id='word_1_165' title='bbox 2325 1662 2594 1739; x_wconf 90' lang='lat' dir='ltr'><strong>quadam</strong></span> <span class='ocrx_word' id='word_1_166' title='bbox 2642 1662 3042 1727; x_wconf 82' lang='lat' dir='ltr'><strong>humanitate</strong></span> 
     </span>
     <span class='ocr_line' id='line_1_17' title="bbox 632 1758 3039 1839; baseline 0 -15"><span class='ocrx_word' id='word_1_167' title='bbox 632 1766 741 1824; x_wconf 85' lang='lat' dir='ltr'><strong>tua</strong></span> <span class='ocrx_word' id='word_1_168' title='bbox 781 1760 1078 1822; x_wconf 79' lang='lat' dir='ltr'><strong>maximis</strong></span> <span class='ocrx_word' id='word_1_169' title='bbox 1115 1758 1433 1820; x_wconf 89' lang='lat' dir='ltr'><strong>beneficiis</strong></span> <span class='ocrx_word' id='word_1_170' title='bbox 1471 1759 1672 1820; x_wconf 84' lang='lat' dir='ltr'><strong>veluti</strong></span> <span class='ocrx_word' id='word_1_171' title='bbox 1714 1758 1956 1820; x_wconf 89' lang='lat' dir='ltr'><strong>sarcina</strong></span> <span class='ocrx_word' id='word_1_172' title='bbox 2002 1758 2286 1837; x_wconf 87' lang='lat' dir='ltr'><strong>grauiore</strong></span> <span class='ocrx_word' id='word_1_173' title='bbox 2328 1758 2623 1835; x_wconf 89' lang='lat' dir='ltr'><strong>obrueris,</strong></span> <span class='ocrx_word' id='word_1_174' title='bbox 2685 1761 3039 1839; x_wconf 87' lang='lat' dir='ltr'><strong>gaudebam</strong></span> 
     </span>
    </p>

    <p class='ocr_par' dir='ltr' id='par_1_8' title="bbox 573 1856 3043 2328">
     <span class='ocr_line' id='line_1_18' title="bbox 573 1856 3037 1940; baseline 0 -18"><span class='ocrx_word' id='word_1_175' title='bbox 573 1878 603 1927; x_wconf 89' lang='lat'><strong>5</strong></span> <span class='ocrx_word' id='word_1_176' title='bbox 631 1861 954 1940; x_wconf 87' lang='lat' dir='ltr'><strong>impendio</strong></span> <span class='ocrx_word' id='word_1_177' title='bbox 980 1858 1082 1919; x_wconf 85' lang='lat' dir='ltr'><strong>vel</strong></span> <span class='ocrx_word' id='word_1_178' title='bbox 1119 1857 1376 1918; x_wconf 88' lang='lat' dir='ltr'><strong>tandem</strong></span> <span class='ocrx_word' id='word_1_179' title='bbox 1418 1856 1721 1919; x_wconf 88' lang='lat' dir='ltr'><strong>obiectam</strong></span> <span class='ocrx_word' id='word_1_180' title='bbox 1762 1856 1923 1917; x_wconf 83' lang='lat' dir='ltr'><strong>mihi</strong></span> <span class='ocrx_word' id='word_1_181' title='bbox 1950 1857 2445 1935; x_wconf 75' lang='lat' dir='ltr'><strong>qualemcunque</strong></span> <span class='ocrx_word' id='word_1_182' title='bbox 2481 1860 3037 1936; x_wconf 68' lang='lat' dir='ltr'><strong>opportunitatem,</strong></span> 
     </span>
     <span class='ocr_line' id='line_1_19' title="bbox 631 1955 3041 2038; baseline 0.001 -18"><span class='ocrx_word' id='word_1_183' title='bbox 631 1979 754 2038; x_wconf 89' lang='lat' dir='ltr'><strong>qua</strong></span> <span class='ocrx_word' id='word_1_184' title='bbox 791 1977 1037 2037; x_wconf 86' lang='lat' dir='ltr'><strong>possem</strong></span> <span class='ocrx_word' id='word_1_185' title='bbox 1079 1955 1134 2016; x_wconf 88' lang='lat' dir='ltr'><strong>si</strong></span> <span class='ocrx_word' id='word_1_186' title='bbox 1177 1976 1306 2017; x_wconf 89' lang='lat' dir='ltr'><strong>non</strong></span> <span class='ocrx_word' id='word_1_187' title='bbox 1347 1957 1574 2015; x_wconf 88' lang='lat' dir='ltr'><strong>referre</strong></span> <span class='ocrx_word' id='word_1_188' title='bbox 1612 1955 1894 2033; x_wconf 79' lang='lat' dir='ltr'><strong>gratiam,</strong></span> <span class='ocrx_word' id='word_1_189' title='bbox 1941 1957 2106 2016; x_wconf 90' lang='lat' dir='ltr'><strong>certe</strong></span> <span class='ocrx_word' id='word_1_190' title='bbox 2144 1975 2520 2034; x_wconf 74' lang='lat' dir='ltr'><strong>propensam</strong></span> <span class='ocrx_word' id='word_1_191' title='bbox 2560 1963 3041 2038; x_wconf 77' lang='lat' dir='ltr'><strong>promptamque</strong></span> 
     </span>
     <span class='ocr_line' id='line_1_20' title="bbox 632 2053 3043 2136; baseline 0.002 -19"><span class='ocrx_word' id='word_1_192' title='bbox 632 2056 832 2118; x_wconf 90' lang='lat' dir='ltr'><strong>animi</strong></span> <span class='ocrx_word' id='word_1_193' title='bbox 871 2055 1264 2116; x_wconf 78' lang='lat' dir='ltr'><strong>voluntatem</strong></span> <span class='ocrx_word' id='word_1_194' title='bbox 1314 2053 1483 2131; x_wconf 86' lang='lat' dir='ltr'><strong>quali</strong></span> <span class='ocrx_word' id='word_1_195' title='bbox 1531 2054 1703 2130; x_wconf 90' lang='lat' dir='ltr'><strong>quali</strong></span> <span class='ocrx_word' id='word_1_196' title='bbox 1751 2053 2014 2115; x_wconf 89' lang='lat' dir='ltr'><strong>officiolo</strong></span> <span class='ocrx_word' id='word_1_197' title='bbox 2062 2073 2201 2114; x_wconf 92' lang='lat' dir='ltr'><strong>meo</strong></span> <span class='ocrx_word' id='word_1_198' title='bbox 2251 2053 2576 2116; x_wconf 87' lang='lat' dir='ltr'><strong>declarare.</strong></span> <span class='ocrx_word' id='word_1_199' title='bbox 2668 2055 2814 2118; x_wconf 85' lang='lat' dir='ltr'><strong>Non</strong></span> <span class='ocrx_word' id='word_1_200' title='bbox 2863 2060 3043 2136; x_wconf 88' lang='lat' dir='ltr'><strong>potui</strong></span> 
     </span>
     <span class='ocr_line' id='line_1_21' title="bbox 632 2151 3041 2232; baseline 0.002 -17"><span class='ocrx_word' id='word_1_201' title='bbox 632 2175 761 2216; x_wconf 90' lang='lat' dir='ltr'><strong>non</strong></span> <span class='ocrx_word' id='word_1_202' title='bbox 788 2152 1269 2231; x_wconf 74' lang='lat' dir='ltr'><strong>implacabiliter</strong></span> <span class='ocrx_word' id='word_1_203' title='bbox 1294 2151 1672 2212; x_wconf 83' lang='lat' dir='ltr'><strong>commoneri</strong></span> <span class='ocrx_word' id='word_1_204' title='bbox 1702 2151 1868 2229; x_wconf 91' lang='lat' dir='ltr'><strong>quod</strong></span> <span class='ocrx_word' id='word_1_205' title='bbox 1895 2172 2049 2230; x_wconf 88' lang='lat' dir='ltr'><strong>puer</strong></span> <span class='ocrx_word' id='word_1_206' title='bbox 2082 2172 2275 2225; x_wconf 87' lang='lat' dir='ltr'><strong>meus,</strong></span> <span class='ocrx_word' id='word_1_207' title='bbox 2316 2151 2546 2213; x_wconf 77' lang='lat' dir='ltr'><strong>iterum</strong></span> <span class='ocrx_word' id='word_1_208' title='bbox 2581 2156 2768 2232; x_wconf 89' lang='lat' dir='ltr'><strong>atque</strong></span> <span class='ocrx_word' id='word_1_209' title='bbox 2806 2156 3041 2219; x_wconf 83' lang='lat' dir='ltr'><strong>iterum</strong></span> 
     </span>
     <span class='ocr_line' id='line_1_22' title="bbox 632 2249 3042 2328; baseline 0.002 -15"><span class='ocrx_word' id='word_1_210' title='bbox 632 2251 994 2313; x_wconf 89' lang='lat' dir='ltr'><strong>admonitus</strong></span> <span class='ocrx_word' id='word_1_211' title='bbox 1037 2254 1103 2310; x_wconf 90' lang='lat' dir='ltr'><strong>et</strong></span> <span class='ocrx_word' id='word_1_212' title='bbox 1150 2251 1403 2328; x_wconf 91' lang='lat' dir='ltr'><strong>quidem</strong></span> <span class='ocrx_word' id='word_1_213' title='bbox 1450 2249 1927 2326; x_wconf 80' lang='lat' dir='ltr'><strong>accuratissime,</strong></span> <span class='ocrx_word' id='word_1_214' title='bbox 1980 2249 2271 2311; x_wconf 90' lang='lat' dir='ltr'><strong>libellum</strong></span> <span class='ocrx_word' id='word_1_215' title='bbox 2324 2253 2507 2311; x_wconf 89' lang='lat' dir='ltr'><strong>tuum</strong></span> <span class='ocrx_word' id='word_1_216' title='bbox 2562 2254 3042 2317; x_wconf 83' lang='lat' dir='ltr'><strong>ornatissimum</strong></span> 
     </span>
    </p>

    <p class='ocr_par' dir='ltr' id='par_1_9' title="bbox 547 2348 3041 2825">
     <span class='ocr_line' id='line_1_23' title="bbox 547 2348 3039 2429; baseline -0 -17"><span class='ocrx_word' id='word_1_217' title='bbox 547 2365 608 2402; x_wconf 78' lang='lat'><strong>¹0</strong></span> <span class='ocrx_word' id='word_1_218' title='bbox 633 2350 773 2412; x_wconf 84' lang='lat' dir='ltr'><strong>istic</strong></span> <span class='ocrx_word' id='word_1_219' title='bbox 813 2349 1171 2429; x_wconf 88' lang='lat' dir='ltr'><strong>reliquerit;</strong></span> <span class='ocrx_word' id='word_1_220' title='bbox 1221 2369 1419 2426; x_wconf 88' lang='lat' dir='ltr'><strong>neque</strong></span> <span class='ocrx_word' id='word_1_221' title='bbox 1458 2348 1522 2409; x_wconf 93' lang='lat' dir='ltr'><strong>id</strong></span> <span class='ocrx_word' id='word_1_222' title='bbox 1560 2348 1983 2426; x_wconf 79' lang='lat' dir='ltr'><strong>persensimus</strong></span> <span class='ocrx_word' id='word_1_223' title='bbox 2009 2348 2371 2427; x_wconf 81' lang='lat' dir='ltr'><strong>priusquam</strong></span> <span class='ocrx_word' id='word_1_224' title='bbox 2398 2349 2859 2428; x_wconf 85' lang='lat' dir='ltr'><strong>Antuuerpiam</strong></span> <span class='ocrx_word' id='word_1_225' title='bbox 2908 2353 3039 2414; x_wconf 83' lang='lat' dir='ltr'><strong>iam</strong></span> 
     </span>
     <span class='ocr_line' id='line_1_24' title="bbox 631 2446 3038 2527; baseline 0.001 -18"><span class='ocrx_word' id='word_1_226' title='bbox 631 2452 1007 2527; x_wconf 88' lang='lat' dir='ltr'><strong>peruentum</strong></span> <span class='ocrx_word' id='word_1_227' title='bbox 1046 2452 1224 2509; x_wconf 89' lang='lat' dir='ltr'><strong>esset.</strong></span> <span class='ocrx_word' id='word_1_228' title='bbox 1316 2447 1434 2507; x_wconf 85' lang='lat' dir='ltr'><strong>Sed</strong></span> <span class='ocrx_word' id='word_1_229' title='bbox 1478 2447 2005 2507; x_wconf 79' lang='lat' dir='ltr'><strong>humanissimam</strong></span> <span class='ocrx_word' id='word_1_230' title='bbox 2052 2446 2495 2524; x_wconf 84' lang='lat' dir='ltr'><strong>paternitatem</strong></span> <span class='ocrx_word' id='word_1_231' title='bbox 2545 2450 2722 2510; x_wconf 85' lang='lat' dir='ltr'><strong>tuam</strong></span> <span class='ocrx_word' id='word_1_232' title='bbox 2763 2470 2877 2527; x_wconf 86' lang='lat' dir='ltr'><strong>per</strong></span> <span class='ocrx_word' id='word_1_233' title='bbox 2923 2455 3038 2512; x_wconf 74' lang='lat' dir='ltr'><strong>tua</strong></span> 
     </span>
     <span class='ocr_line' id='line_1_25' title="bbox 630 2544 3035 2624; baseline 0.001 -17"><span class='ocrx_word' id='word_1_234' title='bbox 630 2549 698 2607; x_wconf 92' lang='lat' dir='ltr'><strong>in</strong></span> <span class='ocrx_word' id='word_1_235' title='bbox 742 2568 843 2607; x_wconf 92' lang='lat' dir='ltr'><strong>me</strong></span> <span class='ocrx_word' id='word_1_236' title='bbox 885 2547 1111 2607; x_wconf 89' lang='lat' dir='ltr'><strong>merita</strong></span> <span class='ocrx_word' id='word_1_237' title='bbox 1149 2566 1380 2624; x_wconf 89' lang='lat' dir='ltr'><strong>perque</strong></span> <span class='ocrx_word' id='word_1_238' title='bbox 1422 2565 1632 2605; x_wconf 89' lang='lat' dir='ltr'><strong>meum</strong></span> <span class='ocrx_word' id='word_1_239' title='bbox 1675 2545 1845 2605; x_wconf 92' lang='lat' dir='ltr'><strong>hunc</strong></span> <span class='ocrx_word' id='word_1_240' title='bbox 1884 2544 1951 2605; x_wconf 92' lang='lat' dir='ltr'><strong>in</strong></span> <span class='ocrx_word' id='word_1_241' title='bbox 2015 2547 2079 2605; x_wconf 89' lang='lat' dir='ltr'><strong>te</strong></span> <span class='ocrx_word' id='word_1_242' title='bbox 2117 2544 2405 2605; x_wconf 86' lang='lat' dir='ltr'><strong>animum</strong></span> <span class='ocrx_word' id='word_1_243' title='bbox 2445 2545 2734 2623; x_wconf 83' lang='lat' dir='ltr'><strong>obtestor,</strong></span> <span class='ocrx_word' id='word_1_244' title='bbox 2770 2550 2844 2609; x_wconf 80' lang='lat' dir='ltr'><strong>vt</strong></span> <span class='ocrx_word' id='word_1_245' title='bbox 2882 2548 3035 2609; x_wconf 80' lang='lat' dir='ltr'><strong>huic</strong></span> 
     </span>
     <span class='ocr_line' id='line_1_26' title="bbox 633 2642 3036 2727; baseline 0.001 -21"><span class='ocrx_word' id='word_1_246' title='bbox 633 2645 740 2724; x_wconf 90' lang='lat' dir='ltr'><strong>qui</strong></span> <span class='ocrx_word' id='word_1_247' title='bbox 769 2648 883 2708; x_wconf 90' lang='lat' dir='ltr'><strong>has</strong></span> <span class='ocrx_word' id='word_1_248' title='bbox 910 2646 1122 2707; x_wconf 85' lang='lat' dir='ltr'><strong>literas</strong></span> <span class='ocrx_word' id='word_1_249' title='bbox 1149 2643 1437 2718; x_wconf 85' lang='lat' dir='ltr'><strong>reddidit,</strong></span> <span class='ocrx_word' id='word_1_250' title='bbox 1470 2642 1744 2705; x_wconf 86' lang='lat' dir='ltr'><strong>codicem</strong></span> <span class='ocrx_word' id='word_1_251' title='bbox 1776 2643 1854 2705; x_wconf 92' lang='lat' dir='ltr'><strong>ad</strong></span> <span class='ocrx_word' id='word_1_252' title='bbox 1883 2663 1998 2706; x_wconf 86' lang='lat' dir='ltr'><strong>nos</strong></span> <span class='ocrx_word' id='word_1_253' title='bbox 2022 2643 2463 2722; x_wconf 84' lang='lat' dir='ltr'><strong>perferendum</strong></span> <span class='ocrx_word' id='word_1_254' title='bbox 2499 2644 2745 2707; x_wconf 83' lang='lat' dir='ltr'><strong>tradas:</strong></span> <span class='ocrx_word' id='word_1_255' title='bbox 2791 2645 3036 2727; x_wconf 82' lang='lat' dir='ltr'><strong>aliquot</strong></span> 
     </span>
     <span class='ocr_line' id='line_1_27' title="bbox 632 2743 3041 2825; baseline 0.001 -19"><span class='ocrx_word' id='word_1_256' title='bbox 632 2765 882 2806; x_wconf 88' lang='lat' dir='ltr'><strong>menses</strong></span> <span class='ocrx_word' id='word_1_257' title='bbox 908 2745 1012 2806; x_wconf 92' lang='lat' dir='ltr'><strong>hic</strong></span> <span class='ocrx_word' id='word_1_258' title='bbox 1039 2745 1249 2805; x_wconf 89' lang='lat' dir='ltr'><strong>sedere</strong></span> <span class='ocrx_word' id='word_1_259' title='bbox 1276 2743 1608 2804; x_wconf 89' lang='lat' dir='ltr'><strong>consilium</strong></span> <span class='ocrx_word' id='word_1_260' title='bbox 1636 2746 1750 2804; x_wconf 85' lang='lat' dir='ltr'><strong>est.</strong></span> <span class='ocrx_word' id='word_1_261' title='bbox 1829 2743 1946 2803; x_wconf 86' lang='lat' dir='ltr'><strong>Est</strong></span> <span class='ocrx_word' id='word_1_262' title='bbox 1972 2746 2182 2804; x_wconf 87' lang='lat' dir='ltr'><strong>autem</strong></span> <span class='ocrx_word' id='word_1_263' title='bbox 2214 2743 2335 2803; x_wconf 83' lang='lat' dir='ltr'><strong>iste</strong></span> <span class='ocrx_word' id='word_1_264' title='bbox 2362 2743 2441 2804; x_wconf 90' lang='lat' dir='ltr'><strong>de</strong></span> <span class='ocrx_word' id='word_1_265' title='bbox 2465 2763 2649 2822; x_wconf 82' lang='lat' dir='ltr'><strong>grege</strong></span> <span class='ocrx_word' id='word_1_266' title='bbox 2675 2744 3041 2825; x_wconf 79' lang='lat' dir='ltr'><strong>familiaque</strong></span> 
     </span>
    </p>

    <p class='ocr_par' dir='ltr' id='par_1_10' title="bbox 548 2840 3040 3316">
     <span class='ocr_line' id='line_1_28' title="bbox 548 2840 3036 2921; baseline -0 -15"><span class='ocrx_word' id='word_1_267' title='bbox 548 2856 605 2906; x_wconf 85' lang='lat'><strong>15</strong></span> <span class='ocrx_word' id='word_1_268' title='bbox 634 2844 961 2906; x_wconf 87' lang='lat' dir='ltr'><strong>clarissimi</strong></span> <span class='ocrx_word' id='word_1_269' title='bbox 981 2844 1280 2921; x_wconf 88' lang='lat' dir='ltr'><strong>principis</strong></span> <span class='ocrx_word' id='word_1_270' title='bbox 1305 2841 1574 2903; x_wconf 84' lang='lat' dir='ltr'><strong>Antonii</strong></span> <span class='ocrx_word' id='word_1_271' title='bbox 1603 2840 1815 2916; x_wconf 85' lang='lat' dir='ltr'><strong>Nothi.</strong></span> <span class='ocrx_word' id='word_1_272' title='bbox 1841 2840 2088 2901; x_wconf 91' lang='lat' dir='ltr'><strong>iuuenis</strong></span> <span class='ocrx_word' id='word_1_273' title='bbox 2116 2842 2238 2901; x_wconf 83' lang='lat' dir='ltr'><strong>fide</strong></span> <span class='ocrx_word' id='word_1_274' title='bbox 2266 2840 2713 2920; x_wconf 78' lang='lat' dir='ltr'><strong>diligentiaque</strong></span> <span class='ocrx_word' id='word_1_275' title='bbox 2739 2847 3036 2921; x_wconf 83' lang='lat' dir='ltr'><strong>spectata,</strong></span> 
     </span>
     <span class='ocr_line' id='line_1_29' title="bbox 633 2939 3040 3016; baseline 0 -13"><span class='ocrx_word' id='word_1_276' title='bbox 633 2962 882 3004; x_wconf 88' lang='lat' dir='ltr'><strong>summo</strong></span> <span class='ocrx_word' id='word_1_277' title='bbox 909 2944 978 3002; x_wconf 90' lang='lat' dir='ltr'><strong>in</strong></span> <span class='ocrx_word' id='word_1_278' title='bbox 1005 2962 1122 3003; x_wconf 93' lang='lat' dir='ltr'><strong>nos</strong></span> <span class='ocrx_word' id='word_1_279' title='bbox 1148 2940 1390 3014; x_wconf 86' lang='lat' dir='ltr'><strong>studio;</strong></span> <span class='ocrx_word' id='word_1_280' title='bbox 1432 2939 1719 3016; x_wconf 89' lang='lat' dir='ltr'><strong>mihiipsi</strong></span> <span class='ocrx_word' id='word_1_281' title='bbox 1750 2958 1878 2999; x_wconf 93' lang='lat' dir='ltr'><strong>non</strong></span> <span class='ocrx_word' id='word_1_282' title='bbox 1908 2939 2136 3000; x_wconf 87' lang='lat' dir='ltr'><strong>rectius</strong></span> <span class='ocrx_word' id='word_1_283' title='bbox 2173 2939 2241 2998; x_wconf 92' lang='lat' dir='ltr'><strong>in</strong></span> <span class='ocrx_word' id='word_1_284' title='bbox 2272 2959 2498 3000; x_wconf 89' lang='lat' dir='ltr'><strong>manus</strong></span> <span class='ocrx_word' id='word_1_285' title='bbox 2531 2939 2799 3002; x_wconf 88' lang='lat' dir='ltr'><strong>dederis.</strong></span> <span class='ocrx_word' id='word_1_286' title='bbox 2877 2943 3040 3005; x_wconf 84' lang='lat' dir='ltr'><strong>Tan·</strong></span> 
     </span>
     <span class='ocr_line' id='line_1_30' title="bbox 633 3036 3039 3120; baseline 0 -18"><span class='ocrx_word' id='word_1_287' title='bbox 633 3044 773 3102; x_wconf 90' lang='lat' dir='ltr'><strong>tum</strong></span> <span class='ocrx_word' id='word_1_288' title='bbox 820 3041 1006 3101; x_wconf 86' lang='lat' dir='ltr'><strong>facito</strong></span> <span class='ocrx_word' id='word_1_289' title='bbox 1045 3043 1116 3102; x_wconf 85' lang='lat' dir='ltr'><strong>vt</strong></span> <span class='ocrx_word' id='word_1_290' title='bbox 1159 3039 1269 3100; x_wconf 93' lang='lat' dir='ltr'><strong>ille</strong></span> <span class='ocrx_word' id='word_1_291' title='bbox 1329 3038 1640 3116; x_wconf 84' lang='lat' dir='ltr'><strong>intelligat</strong></span> <span class='ocrx_word' id='word_1_292' title='bbox 1685 3056 1819 3098; x_wconf 90' lang='lat' dir='ltr'><strong>rem</strong></span> <span class='ocrx_word' id='word_1_293' title='bbox 1865 3057 1994 3097; x_wconf 90' lang='lat' dir='ltr'><strong>non</strong></span> <span class='ocrx_word' id='word_1_294' title='bbox 2039 3036 2277 3098; x_wconf 80' lang='lat' dir='ltr'><strong>nullius</strong></span> <span class='ocrx_word' id='word_1_295' title='bbox 2312 3057 2450 3098; x_wconf 89' lang='lat' dir='ltr'><strong>esse</strong></span> <span class='ocrx_word' id='word_1_296' title='bbox 2486 3039 2794 3100; x_wconf 89' lang='lat' dir='ltr'><strong>momenti</strong></span> <span class='ocrx_word' id='word_1_297' title='bbox 2831 3060 3039 3120; x_wconf 89' lang='lat' dir='ltr'><strong>neque</strong></span> 
     </span>
     <span class='ocr_line' id='line_1_31' title="bbox 632 3135 3040 3217; baseline 0.001 -18"><span class='ocrx_word' id='word_1_298' title='bbox 632 3141 784 3201; x_wconf 89' lang='lat' dir='ltr'><strong>citra</strong></span> <span class='ocrx_word' id='word_1_299' title='bbox 823 3140 1172 3217; x_wconf 90' lang='lat' dir='ltr'><strong>periculum</strong></span> <span class='ocrx_word' id='word_1_300' title='bbox 1213 3137 1446 3216; x_wconf 80' lang='lat' dir='ltr'><strong>negligi</strong></span> <span class='ocrx_word' id='word_1_301' title='bbox 1488 3155 1687 3214; x_wconf 88' lang='lat' dir='ltr'><strong>posse.</strong></span> <span class='ocrx_word' id='word_1_302' title='bbox 1797 3135 2080 3196; x_wconf 84' lang='lat' dir='ltr'><strong>Efficiam</strong></span> <span class='ocrx_word' id='word_1_303' title='bbox 2122 3140 2194 3197; x_wconf 85' lang='lat' dir='ltr'><strong>vt</strong></span> <span class='ocrx_word' id='word_1_304' title='bbox 2240 3137 2318 3197; x_wconf 88' lang='lat' dir='ltr'><strong>ad</strong></span> <span class='ocrx_word' id='word_1_305' title='bbox 2367 3139 2431 3196; x_wconf 84' lang='lat' dir='ltr'><strong>te</strong></span> <span class='ocrx_word' id='word_1_306' title='bbox 2478 3139 2589 3197; x_wconf 90' lang='lat' dir='ltr'><strong>aut</strong></span> <span class='ocrx_word' id='word_1_307' title='bbox 2635 3157 2886 3199; x_wconf 92' lang='lat' dir='ltr'><strong>mecum</strong></span> <span class='ocrx_word' id='word_1_308' title='bbox 2928 3145 3040 3201; x_wconf 87' lang='lat' dir='ltr'><strong>aut</strong></span> 
     </span>
     <span class='ocr_line' id='line_1_32' title="bbox 631 3233 2027 3316; baseline -0.004 -16"><span class='ocrx_word' id='word_1_309' title='bbox 631 3241 796 3300; x_wconf 88' lang='lat' dir='ltr'><strong>certe</strong></span> <span class='ocrx_word' id='word_1_310' title='bbox 835 3258 947 3316; x_wconf 88' lang='lat' dir='ltr'><strong>per</strong></span> <span class='ocrx_word' id='word_1_311' title='bbox 983 3236 1303 3297; x_wconf 89' lang='lat' dir='ltr'><strong>hominem</strong></span> <span class='ocrx_word' id='word_1_312' title='bbox 1344 3233 1760 3297; x_wconf 89' lang='lat' dir='ltr'><strong>certissimum</strong></span> <span class='ocrx_word' id='word_1_313' title='bbox 1800 3234 2027 3295; x_wconf 81' lang='lat' dir='ltr'><strong>redeat.</strong></span> 
     </span>
    </p>

    <p class='ocr_par' dir='ltr' id='par_1_11' title="bbox 545 3332 3039 3805">
     <span class='ocr_line' id='line_1_33' title="bbox 545 3332 3037 3413; baseline 0.003 -24"><span class='ocrx_word' id='word_1_314' title='bbox 545 3354 608 3390; x_wconf 80' lang='lat'><strong>20</strong></span> <span class='ocrx_word' id='word_1_315' title='bbox 711 3336 900 3413; x_wconf 89' lang='lat' dir='ltr'><strong>Apud</strong></span> <span class='ocrx_word' id='word_1_316' title='bbox 921 3333 1381 3412; x_wconf 81' lang='lat' dir='ltr'><strong>amplissimum</strong></span> <span class='ocrx_word' id='word_1_317' title='bbox 1402 3335 1638 3410; x_wconf 88' lang='lat' dir='ltr'><strong>patrem</strong></span> <span class='ocrx_word' id='word_1_318' title='bbox 1661 3334 2121 3409; x_wconf 82' lang='lat' dir='ltr'><strong>patronumque</strong></span> <span class='ocrx_word' id='word_1_319' title='bbox 2136 3352 2349 3392; x_wconf 91' lang='lat' dir='ltr'><strong>meum</strong></span> <span class='ocrx_word' id='word_1_320' title='bbox 2366 3332 2729 3393; x_wconf 85' lang='lat' dir='ltr'><strong>Praesulem</strong></span> <span class='ocrx_word' id='word_1_321' title='bbox 2745 3334 3037 3396; x_wconf 84' lang='lat' dir='ltr'><strong>Gamera-</strong></span> 
     </span>
     <span class='ocr_line' id='line_1_34' title="bbox 631 3429 3039 3508; baseline 0 -14"><span class='ocrx_word' id='word_1_322' title='bbox 631 3454 878 3494; x_wconf 89' lang='lat' dir='ltr'><strong>censem</strong></span> <span class='ocrx_word' id='word_1_323' title='bbox 926 3452 1168 3493; x_wconf 89' lang='lat' dir='ltr'><strong>morem</strong></span> <span class='ocrx_word' id='word_1_324' title='bbox 1217 3431 1468 3492; x_wconf 87' lang='lat' dir='ltr'><strong>obsecro</strong></span> <span class='ocrx_word' id='word_1_325' title='bbox 1512 3430 1846 3508; x_wconf 91' lang='lat' dir='ltr'><strong>antiquum</strong></span> <span class='ocrx_word' id='word_1_326' title='bbox 1901 3429 2201 3505; x_wconf 83' lang='lat' dir='ltr'><strong>obtineas,</strong></span> <span class='ocrx_word' id='word_1_327' title='bbox 2252 3433 2323 3491; x_wconf 88' lang='lat' dir='ltr'><strong>vt</strong></span> <span class='ocrx_word' id='word_1_328' title='bbox 2369 3430 2466 3491; x_wconf 91' lang='lat' dir='ltr'><strong>illi</strong></span> <span class='ocrx_word' id='word_1_329' title='bbox 2519 3451 2636 3492; x_wconf 86' lang='lat' dir='ltr'><strong>nos</strong></span> <span class='ocrx_word' id='word_1_330' title='bbox 2681 3435 2794 3492; x_wconf 89' lang='lat' dir='ltr'><strong>aut</strong></span> <span class='ocrx_word' id='word_1_331' title='bbox 2847 3433 3039 3496; x_wconf 84' lang='lat' dir='ltr'><strong>facias</strong></span> 
     </span>
     <span class='ocr_line' id='line_1_35' title="bbox 632 3526 3037 3609; baseline 0.001 -18"><span class='ocrx_word' id='word_1_332' title='bbox 632 3530 1202 3605; x_wconf 84' lang='lat' dir='ltr'><strong>commendatiores,</strong></span> <span class='ocrx_word' id='word_1_333' title='bbox 1237 3529 1292 3589; x_wconf 91' lang='lat' dir='ltr'><strong>si</strong></span> <span class='ocrx_word' id='word_1_334' title='bbox 1319 3530 1499 3588; x_wconf 85' lang='lat' dir='ltr'><strong>vetus</strong></span> <span class='ocrx_word' id='word_1_335' title='bbox 1538 3527 1648 3587; x_wconf 90' lang='lat' dir='ltr'><strong>illa</strong></span> <span class='ocrx_word' id='word_1_336' title='bbox 1684 3526 1887 3603; x_wconf 86' lang='lat' dir='ltr'><strong>gratia</strong></span> <span class='ocrx_word' id='word_1_337' title='bbox 1921 3528 2269 3588; x_wconf 85' lang='lat' dir='ltr'><strong>etiamnum</strong></span> <span class='ocrx_word' id='word_1_338' title='bbox 2296 3527 2472 3605; x_wconf 82' lang='lat' dir='ltr'><strong>viuit,</strong></span> <span class='ocrx_word' id='word_1_339' title='bbox 2516 3533 2625 3590; x_wconf 87' lang='lat' dir='ltr'><strong>aut</strong></span> <span class='ocrx_word' id='word_1_340' title='bbox 2649 3529 2719 3590; x_wconf 90' lang='lat' dir='ltr'><strong>in</strong></span> <span class='ocrx_word' id='word_1_341' title='bbox 2763 3533 3037 3609; x_wconf 76' lang='lat' dir='ltr'><strong>gratiam</strong></span> 
     </span>
     <span class='ocr_line' id='line_1_36' title="bbox 633 3625 3039 3708; baseline 0.002 -20"><span class='ocrx_word' id='word_1_342' title='bbox 633 3648 908 3706; x_wconf 77' lang='lat' dir='ltr'><strong>reponaS‚</strong></span> <span class='ocrx_word' id='word_1_343' title='bbox 942 3628 998 3687; x_wconf 81' lang='grc' dir='ltr'><strong>εἰ</strong></span> <span class='ocrx_word' id='word_1_344' title='bbox 1024 3627 1280 3688; x_wconf 80' lang='lat' dir='ltr'><strong>refrixit.</strong></span> <span class='ocrx_word' id='word_1_345' title='bbox 1359 3627 1563 3686; x_wconf 90' lang='lat' dir='ltr'><strong>Deum</strong></span> <span class='ocrx_word' id='word_1_346' title='bbox 1584 3626 1914 3703; x_wconf 87' lang='lat' dir='ltr'><strong>Optimum</strong></span> <span class='ocrx_word' id='word_1_347' title='bbox 1933 3625 2403 3704; x_wconf 83' lang='lat' dir='ltr'><strong>Maximumque</strong></span> <span class='ocrx_word' id='word_1_348' title='bbox 2429 3630 2640 3704; x_wconf 83' lang='lat' dir='ltr'><strong>testor,</strong></span> <span class='ocrx_word' id='word_1_349' title='bbox 2674 3628 2784 3706; x_wconf 82' lang='lat' dir='ltr'><strong>qui</strong></span> <span class='ocrx_word' id='word_1_350' title='bbox 2812 3650 3039 3708; x_wconf 85' lang='lat' dir='ltr'><strong>specus</strong></span> 
     </span>
     <span class='ocr_line' id='line_1_37' title="bbox 633 3723 3038 3805; baseline 0.002 -19"><span class='ocrx_word' id='word_1_351' title='bbox 633 3727 839 3787; x_wconf 88' lang='lat' dir='ltr'><strong>omnis</strong></span> <span class='ocrx_word' id='word_1_352' title='bbox 857 3726 1120 3786; x_wconf 90' lang='lat' dir='ltr'><strong>humani</strong></span> <span class='ocrx_word' id='word_1_353' title='bbox 1139 3725 1409 3803; x_wconf 87' lang='lat' dir='ltr'><strong>pectoris</strong></span> <span class='ocrx_word' id='word_1_354' title='bbox 1426 3724 1725 3802; x_wconf 90' lang='lat' dir='ltr'><strong>perspicit</strong></span> <span class='ocrx_word' id='word_1_355' title='bbox 1745 3723 2150 3800; x_wconf 84' lang='lat' dir='ltr'><strong>penitissime,</strong></span> <span class='ocrx_word' id='word_1_356' title='bbox 2176 3744 2278 3784; x_wconf 91' lang='lat' dir='ltr'><strong>me</strong></span> <span class='ocrx_word' id='word_1_357' title='bbox 2297 3744 2428 3785; x_wconf 90' lang='lat' dir='ltr'><strong>non</strong></span> <span class='ocrx_word' id='word_1_358' title='bbox 2456 3725 2669 3786; x_wconf 88' lang='lat' dir='ltr'><strong>minus</strong></span> <span class='ocrx_word' id='word_1_359' title='bbox 2695 3726 3038 3805; x_wconf 65' lang='lat' dir='ltr'><strong>flagranter</strong></span> 
     </span>
    </p>

    <p class='ocr_par' dir='ltr' id='par_1_12' title="bbox 545 3822 3039 4195">
     <span class='ocr_line' id='line_1_38' title="bbox 545 3822 3039 3903; baseline 0.003 -23"><span class='ocrx_word' id='word_1_360' title='bbox 545 3847 604 3897; x_wconf 80' lang='lat'><strong>25</strong></span> <span class='ocrx_word' id='word_1_361' title='bbox 631 3844 837 3886; x_wconf 90' lang='lat' dir='ltr'><strong>amare</strong></span> <span class='ocrx_word' id='word_1_362' title='bbox 887 3824 1071 3884; x_wconf 91' lang='lat' dir='ltr'><strong>illum</strong></span> <span class='ocrx_word' id='word_1_363' title='bbox 1119 3844 1307 3902; x_wconf 90' lang='lat' dir='ltr'><strong>quam</strong></span> <span class='ocrx_word' id='word_1_364' title='bbox 1354 3823 1575 3901; x_wconf 91' lang='lat' dir='ltr'><strong>primis</strong></span> <span class='ocrx_word' id='word_1_365' title='bbox 1619 3822 1750 3882; x_wconf 90' lang='lat' dir='ltr'><strong>illis</strong></span> <span class='ocrx_word' id='word_1_366' title='bbox 1799 3822 2135 3898; x_wconf 85' lang='lat' dir='ltr'><strong>mensibus,</strong></span> <span class='ocrx_word' id='word_1_367' title='bbox 2179 3843 2323 3883; x_wconf 89' lang='lat' dir='ltr'><strong>cum</strong></span> <span class='ocrx_word' id='word_1_368' title='bbox 2369 3826 2435 3884; x_wconf 92' lang='lat' dir='ltr'><strong>et</strong></span> <span class='ocrx_word' id='word_1_369' title='bbox 2480 3823 2589 3886; x_wconf 90' lang='lat' dir='ltr'><strong>ille</strong></span> <span class='ocrx_word' id='word_1_370' title='bbox 2630 3844 2735 3885; x_wconf 87' lang='lat' dir='ltr'><strong>me</strong></span> <span class='ocrx_word' id='word_1_371' title='bbox 2776 3830 3039 3903; x_wconf 83' lang='lat' dir='ltr'><strong>paterna</strong></span> 
     </span>
     <span class='ocr_line' id='line_1_39' title="bbox 633 3920 3037 4000; baseline 0.002 -19"><span class='ocrx_word' id='word_1_372' title='bbox 633 3923 903 4000; x_wconf 87' lang='lat' dir='ltr'><strong>quadam</strong></span> <span class='ocrx_word' id='word_1_373' title='bbox 950 3922 1180 3998; x_wconf 84' lang='lat' dir='ltr'><strong>pietate</strong></span> <span class='ocrx_word' id='word_1_374' title='bbox 1235 3920 1746 3998; x_wconf 86' lang='lat' dir='ltr'><strong>complecteretur</strong></span> <span class='ocrx_word' id='word_1_375' title='bbox 1810 3922 1872 3979; x_wconf 91' lang='lat' dir='ltr'><strong>et</strong></span> <span class='ocrx_word' id='word_1_376' title='bbox 1924 3939 2039 3998; x_wconf 91' lang='lat' dir='ltr'><strong>ego</strong></span> <span class='ocrx_word' id='word_1_377' title='bbox 2094 3920 2280 3981; x_wconf 88' lang='lat' dir='ltr'><strong>illum</strong></span> <span class='ocrx_word' id='word_1_378' title='bbox 2335 3941 2524 3999; x_wconf 88' lang='lat' dir='ltr'><strong>supra</strong></span> <span class='ocrx_word' id='word_1_379' title='bbox 2577 3923 2837 3984; x_wconf 89' lang='lat' dir='ltr'><strong>modum</strong></span> <span class='ocrx_word' id='word_1_380' title='bbox 2892 3929 3037 3985; x_wconf 80' lang='lat' dir='ltr'><strong>tum</strong></span> 
     </span>
     <span class='ocr_line' id='line_1_40' title="bbox 633 4018 3037 4101; baseline 0.002 -21"><span class='ocrx_word' id='word_1_381' title='bbox 633 4021 892 4080; x_wconf 88' lang='lat' dir='ltr'><strong>mirarer</strong></span> <span class='ocrx_word' id='word_1_382' title='bbox 936 4022 1075 4080; x_wconf 91' lang='lat' dir='ltr'><strong>tum</strong></span> <span class='ocrx_word' id='word_1_383' title='bbox 1124 4032 1417 4080; x_wconf 86' lang='lat' dir='ltr'><strong>amarem.</strong></span> <span class='ocrx_word' id='word_1_384' title='bbox 1523 4018 1660 4093; x_wconf 79' lang='lat' dir='ltr'><strong>Quo</strong></span> <span class='ocrx_word' id='word_1_385' title='bbox 1707 4018 1906 4096; x_wconf 87' lang='lat' dir='ltr'><strong>magis</strong></span> <span class='ocrx_word' id='word_1_386' title='bbox 1952 4018 2136 4096; x_wconf 90' lang='lat' dir='ltr'><strong>cupio</strong></span> <span class='ocrx_word' id='word_1_387' title='bbox 2182 4024 2291 4080; x_wconf 91' lang='lat' dir='ltr'><strong>tuo</strong></span> <span class='ocrx_word' id='word_1_388' title='bbox 2340 4019 2410 4080; x_wconf 90' lang='lat' dir='ltr'><strong>in</strong></span> <span class='ocrx_word' id='word_1_389' title='bbox 2455 4020 2616 4082; x_wconf 89' lang='lat' dir='ltr'><strong>libro</strong></span> <span class='ocrx_word' id='word_1_390' title='bbox 2664 4041 2872 4083; x_wconf 88' lang='lat' dir='ltr'><strong>meam</strong></span> <span class='ocrx_word' id='word_1_391' title='bbox 2920 4043 3037 4101; x_wconf 85' lang='lat' dir='ltr'><strong>pro</strong></span> 
     </span>
     <span class='ocr_line' id='line_1_41' title="bbox 632 4115 3035 4195; baseline 0.001 -18"><span class='ocrx_word' id='word_1_392' title='bbox 632 4117 800 4178; x_wconf 80' lang='lat' dir='ltr'><strong>virili</strong></span> <span class='ocrx_word' id='word_1_393' title='bbox 827 4136 1056 4178; x_wconf 89' lang='lat' dir='ltr'><strong>nauare</strong></span> <span class='ocrx_word' id='word_1_394' title='bbox 1083 4136 1353 4195; x_wconf 84' lang='lat' dir='ltr'><strong>operam,</strong></span> <span class='ocrx_word' id='word_1_395' title='bbox 1375 4116 1538 4194; x_wconf 89' lang='lat' dir='ltr'><strong>quod</strong></span> <span class='ocrx_word' id='word_1_396' title='bbox 1567 4115 1751 4194; x_wconf 86' lang='lat' dir='ltr'><strong>plane</strong></span> <span class='ocrx_word' id='word_1_397' title='bbox 1779 4115 2062 4195; x_wconf 78' lang='lat' dir='ltr'><strong>intelligo</strong></span> <span class='ocrx_word' id='word_1_398' title='bbox 2084 4117 2346 4194; x_wconf 84' lang='lat' dir='ltr'><strong>gloriam</strong></span> <span class='ocrx_word' id='word_1_399' title='bbox 2373 4117 2576 4195; x_wconf 87' lang='lat' dir='ltr'><strong>istam,</strong></span> <span class='ocrx_word' id='word_1_400' title='bbox 2599 4119 2730 4179; x_wconf 93' lang='lat' dir='ltr'><strong>imo</strong></span> <span class='ocrx_word' id='word_1_401' title='bbox 2756 4119 3035 4180; x_wconf 81' lang='lat' dir='ltr'><strong>fructum</strong></span> 
     </span>
    </p>
   </div>
   <div class='ocr_carea' id='block_1_6' title="bbox 634 4274 3034 4404">
    <p class='ocr_par' dir='ltr' id='par_1_13' title="bbox 634 4274 3034 4404">
     <span class='ocr_line' id='line_1_42' title="bbox 700 4274 3034 4339; baseline 0.002 -16"><span class='ocrx_word' id='word_1_402' title='bbox 700 4290 746 4323; x_wconf 83' lang='lat'><strong>2.</strong></span> <span class='ocrx_word' id='word_1_403' title='bbox 773 4277 996 4324; x_wconf 87' lang='lat' dir='ltr'><strong>omnino</strong></span> <span class='ocrx_word' id='word_1_404' title='bbox 1022 4277 1093 4323; x_wconf 81' lang='lat' dir='ltr'><strong>E:</strong></span> <span class='ocrx_word' id='word_1_405' title='bbox 1126 4277 1271 4324; x_wconf 88' lang='lat' dir='ltr'><strong>certe</strong></span> <span class='ocrx_word' id='word_1_406' title='bbox 1294 4278 1350 4322; x_wconf 84' lang='lat' dir='ltr'><strong>F.</strong></span> <span class='ocrx_word' id='word_1_407' title='bbox 1532 4287 1608 4323; x_wconf 84' lang='lat'><strong>11.</strong></span> <span class='ocrx_word' id='word_1_408' title='bbox 1632 4274 2023 4336; x_wconf 77' lang='lat' dir='ltr'><strong>paternitatem</strong></span> <span class='ocrx_word' id='word_1_409' title='bbox 2041 4277 2113 4324; x_wconf 71' lang='lat' dir='ltr'><strong>E:</strong></span> <span class='ocrx_word' id='word_1_410' title='bbox 2147 4274 2529 4325; x_wconf 85' lang='lat' dir='ltr'><strong>celsitudinem</strong></span> <span class='ocrx_word' id='word_1_411' title='bbox 2555 4279 2611 4324; x_wconf 73' lang='lat' dir='ltr'><strong>F.</strong></span> <span class='ocrx_word' id='word_1_412' title='bbox 2779 4291 2860 4339; x_wconf 69' lang='lat'><strong>23,</strong></span> <span class='ocrx_word' id='word_1_413' title='bbox 2890 4277 3034 4327; x_wconf 72' lang='lat' dir='ltr'><strong>Max.</strong></span> 
     </span>
     <span class='ocr_line' id='line_1_43' title="bbox 634 4338 2210 4404; baseline -0.001 -14"><span class='ocrx_word' id='word_1_414' title='bbox 634 4356 741 4404; x_wconf 88' lang='lat' dir='ltr'><strong>que</strong></span> <span class='ocrx_word' id='word_1_415' title='bbox 762 4345 834 4392; x_wconf 75' lang='lat' dir='ltr'><strong>E:</strong></span> <span class='ocrx_word' id='word_1_416' title='bbox 870 4341 1010 4392; x_wconf 76' lang='lat' dir='ltr'><strong>Max.</strong></span> <span class='ocrx_word' id='word_1_417' title='bbox 1038 4344 1101 4390; x_wconf 89' lang='lat' dir='ltr'><strong>H.</strong></span> <span class='ocrx_word' id='word_1_418' title='bbox 1315 4340 1395 4389; x_wconf 82' lang='lat'><strong>28.</strong></span> <span class='ocrx_word' id='word_1_419' title='bbox 1423 4338 1651 4401; x_wconf 84' lang='lat' dir='ltr'><strong>gloriam</strong></span> <span class='ocrx_word' id='word_1_420' title='bbox 1675 4344 1761 4388; x_wconf 86' lang='lat' dir='ltr'><strong>H:</strong></span> <span class='ocrx_word' id='word_1_421' title='bbox 1793 4355 1882 4389; x_wconf 91' lang='lat' dir='ltr'><strong>me</strong></span> <span class='ocrx_word' id='word_1_422' title='bbox 1901 4340 2129 4403; x_wconf 83' lang='lat' dir='ltr'><strong>gloriam</strong></span> <span class='ocrx_word' id='word_1_423' title='bbox 2152 4344 2210 4388; x_wconf 80' lang='grc' dir='ltr'><strong>Ε.</strong></span> 
     </span>
    </p>
   </div>
   <div class='ocr_carea' id='block_1_7' title="bbox 632 4484 3036 4746">
    <p class='ocr_par' dir='ltr' id='par_1_14' title="bbox 632 4484 3036 4746">
     <span class='ocr_line' id='line_1_44' title="bbox 697 4484 3036 4551; baseline -0 -15"><span class='ocrx_word' id='word_1_424' title='bbox 697 4502 745 4548; x_wconf 86' lang='grc'><strong>9.</strong></span> <span class='ocrx_word' id='word_1_425' title='bbox 803 4486 1075 4551; x_wconf 86' lang='lat' dir='ltr'><strong>libellum]</strong></span> <span class='ocrx_word' id='word_1_426' title='bbox 1130 4486 1245 4534; x_wconf 80' lang='lat' dir='ltr'><strong>&#39;Phe</strong></span> <span class='ocrx_word' id='word_1_427' title='bbox 1301 4486 1522 4534; x_wconf 84' lang='lat' dir='ltr'><strong>treatise</strong></span> <span class='ocrx_word' id='word_1_428' title='bbox 1574 4490 1628 4534; x_wconf 75' lang='lat' dir='ltr'><strong>cle</strong></span> <span class='ocrx_word' id='word_1_429' title='bbox 1669 4500 1776 4544; x_wconf 72' lang='lat' dir='ltr'><strong>pre-</strong></span> <span class='ocrx_word' id='word_1_430' title='bbox 1878 4484 2045 4535; x_wconf 87' lang='lat' dir='ltr'><strong>Paris.</strong></span> <span class='ocrx_word' id='word_1_431' title='bbox 2104 4486 2200 4535; x_wconf 85' lang='lat' dir='ltr'><strong>See</strong></span> <span class='ocrx_word' id='word_1_432' title='bbox 2225 4485 2321 4549; x_wconf 86' lang='lat' dir='ltr'><strong>Ep.</strong></span> <span class='ocrx_word' id='word_1_433' title='bbox 2350 4500 2443 4548; x_wconf 83' lang='lat'><strong>173</strong></span> <span class='ocrx_word' id='word_1_434' title='bbox 2464 4486 2546 4535; x_wconf 83' lang='lat' dir='ltr'><strong>for</strong></span> <span class='ocrx_word' id='word_1_435' title='bbox 2567 4484 2846 4535; x_wconf 67' lang='lat' dir='ltr'><strong>Erasmus·</strong></span> <span class='ocrx_word' id='word_1_436' title='bbox 2867 4486 3036 4536; x_wconf 81' lang='lat' dir='ltr'><strong>share</strong></span> 
     </span>
     <span class='ocr_line' id='line_1_45' title="bbox 632 4550 2030 4614; baseline -0.001 -12"><span class='ocrx_word' id='word_1_437' title='bbox 632 4555 839 4602; x_wconf 68' lang='lat' dir='ltr'><strong>cellmua</strong></span> <span class='ocrx_word' id='word_1_438' title='bbox 883 4557 1118 4611; x_wconf 67' lang='lat' dir='ltr'><strong>potestatis</strong></span> <span class='ocrx_word' id='word_1_439' title='bbox 1166 4556 1504 4614; x_wconf 70' lang='lat' dir='ltr'><strong>imperatoriae,</strong></span> <span class='ocrx_word' id='word_1_440' title='bbox 1548 4551 1631 4599; x_wconf 75' lang='lat' dir='ltr'><strong>for</strong></span> <span class='ocrx_word' id='word_1_441' title='bbox 1682 4550 1777 4599; x_wconf 87' lang='lat' dir='ltr'><strong>the</strong></span> <span class='ocrx_word' id='word_1_442' title='bbox 1879 4551 1940 4600; x_wconf 90' lang='lat' dir='ltr'><strong>in</strong></span> <span class='ocrx_word' id='word_1_443' title='bbox 1964 4551 2030 4601; x_wconf 87' lang='lat' dir='ltr'><strong>it.</strong></span> 
     </span>
     <span class='ocr_line' id='line_1_46' title="bbox 633 4614 2785 4681; baseline -0.001 -14"><span class='ocrx_word' id='word_1_444' title='bbox 633 4617 967 4681; x_wconf 86' lang='lat' dir='ltr'><strong>publication</strong></span> <span class='ocrx_word' id='word_1_445' title='bbox 1024 4619 1086 4667; x_wconf 75' lang='lat' dir='ltr'><strong>of</strong></span> <span class='ocrx_word' id='word_1_446' title='bbox 1127 4617 1309 4665; x_wconf 83' lang='lat' dir='ltr'><strong>which</strong></span> <span class='ocrx_word' id='word_1_447' title='bbox 1367 4619 1621 4666; x_wconf 85' lang='lat' dir='ltr'><strong>Erasmus</strong></span> <span class='ocrx_word' id='word_1_448' title='bbox 1668 4615 1777 4665; x_wconf 86' lang='lat' dir='ltr'><strong>had</strong></span> <span class='ocrx_word' id='word_1_449' title='bbox 1948 4632 2026 4666; x_wconf 86' lang='lat'><strong>10.</strong></span> <span class='ocrx_word' id='word_1_450' title='bbox 2061 4614 2209 4679; x_wconf 81' lang='lat' dir='ltr'><strong>istic]</strong></span> <span class='ocrx_word' id='word_1_451' title='bbox 2234 4616 2497 4676; x_wconf 87' lang='lat' dir='ltr'><strong>Probably</strong></span> <span class='ocrx_word' id='word_1_452' title='bbox 2521 4616 2785 4665; x_wconf 74' lang='lat' dir='ltr'><strong>Brnasela.</strong></span> 
     </span>
     <span class='ocr_line' id='line_1_47' title="bbox 633 4681 3034 4746; baseline 0 -14"><span class='ocrx_word' id='word_1_453' title='bbox 633 4683 893 4746; x_wconf 79' lang='lat' dir='ltr'><strong>probably</strong></span> <span class='ocrx_word' id='word_1_454' title='bbox 937 4684 1071 4733; x_wconf 88' lang='lat' dir='ltr'><strong>been</strong></span> <span class='ocrx_word' id='word_1_455' title='bbox 1124 4683 1290 4733; x_wconf 77' lang='lat' dir='ltr'><strong>asked</strong></span> <span class='ocrx_word' id='word_1_456' title='bbox 1335 4686 1392 4732; x_wconf 86' lang='lat' dir='ltr'><strong>to</strong></span> <span class='ocrx_word' id='word_1_457' title='bbox 1441 4696 1664 4745; x_wconf 82' lang='lat' dir='ltr'><strong>arrange</strong></span> <span class='ocrx_word' id='word_1_458' title='bbox 1720 4685 1778 4730; x_wconf 86' lang='lat' dir='ltr'><strong>at</strong></span> <span class='ocrx_word' id='word_1_459' title='bbox 1949 4696 2024 4743; x_wconf 83' lang='lat'><strong>15.</strong></span> <span class='ocrx_word' id='word_1_460' title='bbox 2060 4684 2289 4732; x_wconf 81' lang='lat' dir='ltr'><strong>Antonii</strong></span> <span class='ocrx_word' id='word_1_461' title='bbox 2304 4681 2500 4746; x_wconf 81' lang='lat' dir='ltr'><strong>Nothi]</strong></span> <span class='ocrx_word' id='word_1_462' title='bbox 2524 4681 2715 4745; x_wconf 62' lang='lat' dir='ltr'><strong>culp.</strong></span> <span class='ocrx_word' id='word_1_463' title='bbox 2738 4682 3034 4732; x_wconf 74' lang='lat' dir='ltr'><strong>Bointrod.</strong></span> 
     </span>
    </p>
   </div>
  </div>
 </body>
</html>
