3355 5380
710 341 831 399 506
1419 336 1799 414 LETTERS
1852 337 1961 399 oF
2015 337 2417 401 ERASMUS
2928 338 2989 423 [1
3003 359 3041 416 5
3053 361 3079 401 1
3091 364 3121 401 2

707 496 927 570 postea
951 493 1190 553 factum
1220 493 1343 553 fuit
1368 493 1654 570 exemplo
1687 493 2112 554 manifestum.
2198 494 2319 555 Sed
2357 496 2524 573 quod
2561 500 2768 574 speret
2805 497 3126 575 quispiam

709 611 811 651 me
837 591 936 651 vel
974 591 1173 652 alium
1206 591 1497 669 quemuis
1535 610 1612 652 ex
1649 591 1765 652 hac
1791 594 2045 653 tantum
2070 592 2457 669 professione
2490 606 2673 672 posse
2712 596 2848 656 fieri
2891 596 2962 656 in
3007 597 3125 658 hac

707 690 860 751 vrbe
926 688 1318 766 locupletem,
1377 691 1559 768 ἄπαγε
1612 693 1779 750 τοῦτο
1825 692 2000 768 μόνον
2060 692 2142 769 μὴ
2188 692 2567 772 προσδοκῴης.
2721 693 3125 756 Mendacium

592 809 684 846 100
707 787 970 850 fortasse
995 788 1219 862 dicam,
1251 789 1359 848 sed
1389 789 1554 866 quod
1582 808 1620 848 a
1648 788 1965 867 plerisque
2002 789 2300 851 omnibus
2333 790 2518 851 audio
2553 791 2785 852 referre
2820 813 3085 870 possum
3109 815 3128 866 ;

669 941 678 952 .
708 887 962 947 nullum
1001 886 1197 947 fuisse
1239 891 1518 965 vnq'uam
1559 887 1811 947 Lutetie
1850 888 1950 964 (de
1989 888 2074 952 iis
2115 888 2340 966 loquor
2379 890 2489 967 qui
2534 893 2749 951 nostre
2789 895 2947 952 sunt
2987 911 3131 969 pro-

707 984 1019 1060 fessionis)
1045 1004 1230 1063 quem
1262 985 1554 1046 homines
1591 1005 1780 1046 omne
1816 1006 2015 1064 genus
2049 986 2194 1064 plus
2230 986 2363 1047 sint
2398 987 2710 1062 admirati,
2741 989 2889 1067 plus
2926 991 3129 1069 digito

707 1083 1040 1144 ostendant
1065 1081 1225 1146 οὗτος
1264 1085 1467 1146 ἐκεῖνος
1507 1085 1783 1164 λέγοντες,
1814 1086 1882 1144 et
1905 1084 1961 1144 si
1988 1103 2111 1161 quo
2138 1103 2241 1144 me
2265 1104 2341 1144 ex
2376 1084 2497 1145 hac
2532 1086 2687 1146 vrbe
2722 1089 3123 1163 contulerim,

707 1181 910 1260 magis
956 1181 1314 1244 desiderent
1359 1199 1548 1259 quam
1597 1201 1716 1242 me.
1803 1181 1891 1242 Et
1945 1185 2157 1243 tamen
2211 1202 2326 1259 ego
2374 1182 2486 1244 ille
2533 1184 2702 1245 idem
2749 1187 2860 1246 vix
2908 1188 3127 1248 decem

590 1300 680 1350 105
707 1280 988 1341 aureolos
1039 1278 1362 1341 interdum
1416 1299 1673 1357 possum
1724 1299 1759 1340 e
1806 1300 2103 1341 crumena
2157 1299 2439 1358 promere
2488 1302 2648 1359 quos
2694 1284 3132 1359 condiderim3

707 1379 871 1456 quod
911 1378 1138 1440 accidit
1178 1398 1372 1456 quum
1414 1381 1670 1456 propter
1710 1397 1970 1456 magnas
2008 1378 2341 1456 impensas,
2389 1379 2619 1457 quibus
2665 1380 2802 1442 sine
2852 1383 3133 1444 nesciret

708 1477 1041 1555 quisquam
1089 1476 1353 1537 Parisiis
1400 1476 1662 1538 honeste
1707 1476 1936 1553 viuere,
1989 1479 2129 1537 tum
2176 1479 2435 1553 propter
2488 1498 2617 1538 non
2671 1482 2805 1540 tam
2859 1501 3132 1558 paruum

708 1595 897 1653 quam
924 1576 1234 1636 incertum
1265 1576 1530 1637 lucrum.
1616 1575 1886 1638 Corrado
1921 1575 2203 1653 quotidie
2238 1576 2394 1637 satis
2428 1575 2657 1637 bonam
2693 1577 3031 1656 pecuniam
3071 1583 3136 1638 et

706 1677 776 1735 in
803 1695 930 1735 vno
956 1678 1209 1735 tantum
1235 1693 1449 1736 mense
1475 1673 1874 1752 septuaginta
1893 1677 1958 1734 et
1972 1673 2242 1751 amplius
2260 1673 2506 1735 francos
2520 1675 2786 1736 memini
2806 1675 3133 1737 interdum

591 1793 608 1827 ι
624 1793 683 1828 10
707 1772 975 1846 lucrari3
1029 1772 1138 1832 sed
1181 1775 1358 1832 tanta
1396 1777 1493 1832 est
1533 1773 1633 1832 vel
1672 1772 1964 1832 fortunae
2003 1773 2273 1833 varietas
2311 1772 2414 1832 vel
2456 1774 2722 1833 istorum
2766 1774 3016 1850 leuitas,
3063 1781 3133 1836 vt

707 1872 950 1933 duobus
964 1870 1373 1947 sequentibus
1391 1871 1716 1931 mensibus
1734 1871 1841 1930 vix
1863 1870 2097 1930 siccum
2120 1871 2433 1930 lucremur
2451 1890 2695 1948 panem,
2719 1873 3137 1933 consumitur·

709 1990 831 2047 que
857 1968 1034 2029 breui
1062 1967 1256 2042 libris,
1282 1968 1526 2042 vestitu,
1548 1968 1737 2042 victu,
1762 1967 1928 2045 quod
1956 1966 2161 2046 longis
2186 1967 2506 2030 laboribus
2526 1988 3133 2047 comparaueramus.

711 2067 887 2142 Quod
920 2065 977 2127 si
1011 2064 1158 2143 quid
1199 2065 1395 2126 michi
1433 2067 1589 2126 certi
1622 2066 1837 2127 salarii
1873 2086 1912 2126 a
1940 2067 2108 2144 Rege
2144 2067 2630 2129 constitueretur
2654 2068 2741 2144 (id
2798 2071 3017 2128 autem
3058 2088 3137 2129 ne

710 2185 960 2243 sperare
988 2164 1242 2242 quidem
1271 2169 1403 2224 tam
1437 2164 1612 2226 duris
1650 2165 2043 2242 temporibus
2075 2166 2264 2242 licet),
2295 2185 2425 2227 non
2451 2186 2671 2227 vereor
2697 2166 2856 2244 quin
2882 2186 3135 2244 possem

594 2285 686 2334 115
712 2266 778 2325 et
802 2262 1030 2325 melius
1058 2263 1296 2324 labores
1334 2264 1597 2324 tolerare
1630 2266 1697 2324 et
1734 2263 1970 2341 aliquid
2009 2283 2303 2341 reponere
2344 2265 2509 2342 quod
2551 2264 2629 2326 ad
2670 2268 2960 2342 posteros
3002 2286 3141 2326 non

721 2361 859 2421 sine
886 2360 1086 2437 gloria
1112 2361 1481 2439 perueniret.

799 2460 936 2534 Qua
988 2459 1056 2519 in
1113 2480 1181 2519 re
1235 2459 1489 2520 beatum
1547 2465 1608 2521 te
1663 2459 1974 2534 existimo,
2030 2460 2121 2520 mi
2171 2460 2448 2536 Erasme‚
2498 2461 2666 2538 quod
2715 2464 2788 2521 tu
2845 2460 2909 2521 id
2967 2462 3137 2538 quod

720 2557 995 2618 maxime
1050 2557 1234 2635 cupio
1290 2558 1418 2618 iam
1474 2577 1539 2618 es
1594 2559 1971 2632 adsecutus;
2038 2578 2151 2636 ego
2215 2579 2366 2619 vero
2421 2559 2743 2620 diuturnis
2794 2559 3143 2621 lectionum

719 2656 1097 2720 clamoribus
1138 2676 1266 2718 non
1304 2656 1382 2718 ad
1422 2657 1626 2719 rauim
1669 2657 1855 2718 modo
1897 2658 2004 2718 sed
2048 2658 2126 2718 ad
2169 2657 2581 2720 defectionem
2620 2658 2896 2736 corporis
2924 2659 3145 2720 defati-

601 2777 696 2813 120
718 2760 918 2835 gatus,
953 2774 1154 2832 neque
1195 2756 1260 2816 id
1301 2757 1371 2815 in
1413 2757 1693 2834 presenti
1732 2775 1990 2833 possum
2030 2759 2307 2833 prestare
2362 2776 2560 2834 neque
2600 2757 2863 2818 domum
2911 2757 3142 2817 saltem

722 2855 1086 2931 conquirere
1123 2854 1452 2914 senectuti.
1539 2853 1706 2914 Nam
1749 2874 1825 2914 ex
1871 2874 1994 2932 quo
2037 2855 2408 2932 prodierunt
2450 2855 2519 2916 in
2561 2854 2889 2933 publicum
2932 2855 3144 2916 nescio

725 2973 882 3031 quae
933 2952 1381 3030 glossematum
1438 2953 1531 3028 (vt
1584 2952 1675 3012 ita
1731 2952 2022 3030 dixerim)
2074 2953 2471 3031 sterquilinia
2537 2972 2863 3031 aeremque
2926 2952 3145 3013 fetidis

726 3049 1065 3128 vaporibus
1106 3049 1475 3123 infecerunt,
1523 3051 1750 3110 horum
1806 3050 2081 3111 tenebris
2122 3053 2270 3112 tecti
2322 3051 2496 3111 mille
2539 3050 2757 3112 rabule
2801 3051 2969 3112 nihil
3012 3071 3143 3111 non

730 3150 944 3225 furari,
991 3148 1191 3211 nichil
1235 3170 1365 3210 non
1407 3151 1761 3229 peruertere
1799 3149 2075 3224 audent3
2130 3150 2515 3227 franguntur
2555 3150 2824 3211 assiduis
2862 3150 3147 3211 clamori·

616 3270 707 3319 125
734 3248 854 3308 bus
901 3250 965 3308 et
1013 3248 1475 3308 coaxationibus
1524 3247 1831 3317 cathedre,
1883 3246 2329 3307 conuelluntur
2382 3267 2706 3322 marmora,
2760 3252 3147 3325 rumpuntur

737 3347 1027 3407 columne
1068 3350 1167 3408 tot
1206 3346 1574 3420 lectoribus3
1615 3366 1818 3423 neque
1844 3345 1910 3406 id
1938 3345 2006 3405 in
2034 3345 2212 3423 pagis
2252 3348 2438 3408 modo
2465 3348 2543 3407 ad
2581 3367 2738 3425 quos
2772 3347 3150 3426 confugiunt

743 3464 962 3505 omnes
988 3446 1117 3519 isti,
1152 3466 1347 3522 quum
1384 3445 1664 3523 primum
1702 3445 1958 3505 fuerunt
1994 3443 2149 3505 rude
2186 3445 2527 3522 magisterii
2564 3444 2797 3518 donati,
2829 3446 2937 3506 sed
2971 3450 3041 3507 et
3078 3446 3146 3505 in

743 3543 860 3602 hac
908 3541 1059 3602 vrbe
1106 3562 1295 3603 nemo
1339 3547 1436 3603 est
1481 3543 1590 3621 qui
1639 3562 1768 3603 non
1812 3561 1957 3603 suas
1999 3542 2265 3619 ineptias
2313 3546 2635 3616 ostentare,
2685 3543 2795 3620 qui
2849 3563 2977 3603 non
3035 3564 3147 3604 sue

747 3641 1094 3717 ignorantie
1120 3642 1464 3717 periculum
1490 3642 1693 3701 facere
1718 3643 2052 3718 presumat,
2085 3641 2276 3719 idque
2298 3642 2402 3702 vel
2436 3643 2633 3720 gratis
2670 3642 2832 3720 quod
2869 3641 3153 3719 frequen·

627 3757 721 3808 130
747 3738 990 3799 tissime
1033 3740 1345 3816 contingit
1370 3740 1541 3814 (nam
1569 3759 1727 3817 quos
1753 3739 2056 3800 haberent
2082 3741 2237 3800 alias
2275 3741 2585 3801 auditores
2601 3741 2654 3816 ‘?)
2682 3740 2785 3801 vel
2824 3740 3154 3801 interdum

747 3837 1015 3897 minima
1057 3836 1253 3914 stipe:
1315 3838 1478 3898 tanti
1516 3841 1610 3898 est
1651 3837 2024 3898 mortalibus
2062 3838 2361 3915 desipere.
2460 3838 2545 3898 Et
2597 3841 2815 3899 tamen
2869 3840 3156 3917 plerique

746 3953 967 3995 omnes
1005 3934 1240 3995 indocti
1276 3934 1565 4013 (quorum
1607 3937 1975 3997 innumerus
2010 3935 2334 4011 numerus)
2369 3936 2596 3997 melius
2630 3937 2748 3997 hos
2778 3937 3156 4015 intelligunt

744 4033 1064 4113 plurisque
1103 4034 1303 4094 ferme
1343 4033 1583 4095 faciunt
1618 4054 1806 4113 quam
1844 4036 2073 4109 doctos,
2105 4055 2307 4112 neque
2344 4035 2407 4095 id
2444 4035 2709 4111 iniuria3
2759 4037 2847 4096 ἵνα
2870 4039 2982 4115 γὰρ
3013 4039 3159 4113 πρὸς

745 4133 1159 4211 παροιμιαστὴν
1183 4131 1290 4209 ἤδη
1316 4134 1492 4210 πέραν
1517 4136 1617 4192 τοῦ
1644 4135 1869 4210 μετρίου
1903 4135 2268 4211 παροιμιάζω,
2300 4133 2469 4194 balbi
2504 4134 2720 4195 balbos
2757 4138 2824 4195 et
2854 4138 3159 4197 mutuum

624 4243 717 4296 ¹35
747 4232 923 4294 muli.
1012 4231 1183 4292 Illud
1234 4231 1450 4291 mirari
1502 4250 1628 4291 non
1680 4231 1831 4292 satis
1880 4251 2075 4308 queo;
2138 4232 2247 4292 vbi
2288 4231 2481 4309 gratis
2521 4232 2839 4310 quidpiam
2883 4234 3157 4312 prelego,

1409 4420 1515 4468 1¹3·
1549 4366 1635 4454 11ἳὲ
1659 4409 1764 4453 ΜΞ.
1788 4422 1800 4454 :
1837 4420 1923 4453 me
1946 4410 2114 4454 scilicet
2135 4410 2382 4457 delendum
2404 4411 2483 4455 est.

810 4538 914 4572 102.
952 4523 1236 4587 admirati]
1281 4523 1384 4571 For
1429 4521 1524 4570 the
1573 4535 1783 4570 success
1834 4522 1894 4569 of
1992 4523 2028 4573 i.
2056 4524 2105 4585 6,
2130 4539 2179 4584 9,
2206 4524 2315 4572 and
2343 4536 2417 4572 10.

737 4588 1057 4638 Aleander's
1100 4589 1340 4638 lecturos¹
1366 4591 1424 4636 at
1463 4587 1577 4636 this
1620 4588 1756 4635 time
1795 4587 1813 4640 (
1818 4602 1887 4636 on
2062 4592 2171 4638 126.
2206 4586 2477 4649 columne]
2501 4587 2624 4636 δαν.
2657 4602 2699 4637 1.
2729 4601 2805 4649 13.

735 4654 1007 4703 Ausonius
1051 4654 1160 4704 and
1199 4654 1540 4719 Theocritus)
1576 4668 1661 4702 see
1711 4653 1881 4703 MHE.
2061 4668 2167 4714 127.
2206 4652 2369 4718 rude]
2393 4652 2472 4702 Of.
2498 4652 2630 4703 Hor.
2658 4656 2747 4714 Ep.
2777 4667 2821 4703 1.
2852 4668 2896 4704 1.
2921 4669 2970 4706 2.
