3355 5380
351 392 537 477 1508]
662 395 770 457 TO
824 395 1227 458 WILLIAM
1281 394 1642 471 BLOUNT,
1692 396 1919 458 LORD
1975 396 2436 460 MOUNTJOY
2620 403 2738 458 447

344 553 674 631 coeperint,
716 553 807 614 ita
844 553 1141 631 gestiunt,
1183 554 1488 626 exultant,
1525 551 1924 631 triumphant
1962 553 2359 632 officiumque
2393 573 2583 615 suum
2619 556 2744 615 stu·

344 650 537 711 diosis
583 649 763 712 velut
803 651 1224 730 exprobrant3
1287 670 1540 712 rursum
1587 651 1787 728 siquis
1834 651 2026 712 verbo
2081 651 2427 727 dissentiat,
2474 653 2565 713 ibi
2615 673 2740 714 non

341 748 527 809 aliter
551 753 737 828 atque
763 768 875 827 pro
901 750 1056 809 focis
1080 749 1325 828 arisque
1352 749 1792 830 digladiantur.

428 846 583 924 Spes
609 850 704 908 est
728 850 939 908 autem
966 847 1059 907 ita
1078 847 1179 909 vel
1207 847 1483 908 maxime
1510 847 1776 908 candido
1799 846 2014 908 lectori
2039 847 2371 925 probatum
2399 850 2479 909 iri
2497 850 2745 928 vigilias
2776 873 2862 921 105

344 948 612 1022 nostras,
645 945 699 1004 si
727 945 980 1021 quidem
1008 948 1082 1006 tu
1110 965 1213 1006 eas
1237 946 1449 1007 fronte
1476 966 1600 1024 qua
1625 946 1788 1007 soles
1820 944 2141 1023 acceperis,
2175 948 2357 1007 vnice
2390 948 2745 1009 studiorum

345 1062 633 1103 meorum
683 1042 1020 1104 Mecoenas.
1105 1042 1271 1104 Nam
1320 1064 1443 1122 quo
1493 1044 1619 1105 alio
1664 1044 1859 1106 verbo
1905 1042 2162 1105 breuius
2207 1046 2537 1124 pleniusue
2584 1066 2745 1107 com·

344 1141 580 1218 plectar
606 1141 707 1202 vel
745 1144 933 1201 tuum
970 1142 1166 1203 istum
1205 1145 1336 1203 tam
1374 1143 1761 1222 singularem
1796 1142 1866 1202 in
1900 1161 2017 1202 nos
2041 1143 2330 1203 animum
2356 1142 2458 1206 vel
2486 1143 2745 1203 laudum

345 1243 600 1300 tuarum
651 1259 968 1302 summam
984 1243 1018 1302 ⁶?
1097 1241 1218 1317 Qui
1264 1241 1518 1319 quidem
1565 1261 1633 1301 es
1677 1259 1843 1301 vnus
1887 1241 2308 1317 pulcherrimo
2354 1241 2466 1301 illo
2513 1239 2746 1318 Apulei

347 1338 578 1417 dignus
620 1338 836 1416 elogio,
885 1338 1053 1399 inter
1093 1340 1307 1400 doctos
1349 1338 1799 1414 nobilissimae,
1841 1337 2009 1399 inter
2046 1338 2290 1399 nobiles
2329 1338 2741 1412 doctissimus,
2777 1365 2795 1400 1
2811 1366 2868 1400 ιο

345 1437 513 1498 inter
553 1439 850 1514 vtrosque
892 1437 1207 1515 optimus3
1256 1438 1413 1499 illud
1456 1437 1889 1511 adiiciendum,
1934 1437 2100 1497 inter
2143 1437 2384 1498 omneis
2422 1436 2746 1496 modestis·

345 1535 561 1596 simus.
624 1535 714 1596 Vt
741 1535 912 1595 enim
939 1535 1264 1612 antiquam
1291 1535 1536 1614 generis
1562 1535 1912 1596 claritatem
1938 1535 2306 1609 eruditione,
2330 1534 2745 1595 eruditionem

344 1634 508 1697 miro
535 1634 707 1696 vitae
734 1634 995 1695 candore
1023 1633 1343 1707 decorasti,
1374 1633 1462 1694 sic
1489 1633 1594 1694 his
1619 1633 1914 1695 omnibus
1941 1633 2224 1695 omnium
2252 1633 2745 1712 pulcherrimum

346 1733 588 1810 apicem
616 1734 680 1791 et
709 1729 1116 1808 colophonem
1144 1731 1238 1807 (vt
1275 1732 1477 1808 aiunt)
1503 1731 1815 1807 addidisti,
1847 1731 2280 1792 admirabilem
2317 1731 2516 1792 animi
2543 1729 2746 1790 mode-

345 1831 553 1893 stiam.
635 1830 803 1906 Quin
844 1829 1006 1891 illud
1049 1828 1170 1890 tibi
1218 1829 1536 1891 absolutae
1576 1830 1782 1891 laudis
1823 1833 1887 1891 et
1929 1831 2033 1890 vel
2080 1829 2436 1908 longissimi
2479 1828 2746 1890 encomii
2779 1858 2867 1908 115

349 1929 553 1991 instar
590 1929 799 2004 fuerit,
840 1928 1147 2007 placuisse
1185 1928 1341 2006 Regi
1382 1948 1509 1989 non
1550 1928 1739 1989 modo
1782 1948 1938 2007 quos
1977 1932 2193 1990 nostra
2220 1926 2384 1989 vidit
2423 1929 2606 2003 aetas,
2638 1924 2745 1985 sed

348 2049 504 2106 quos
546 2032 833 2090 veterum
880 2025 1073 2087 etiam
1120 2027 1381 2087 annales
1424 2026 1721 2102 referunt,
1766 2027 2214 2101 cordatissimo,
2259 2044 2534 2104 quaeque
2582 2043 2748 2101 prae·

349 2128 530 2205 cipua
557 2146 774 2205 regum
803 2124 1020 2202 virtus,
1053 2124 1122 2184 in
1152 2124 1499 2202 deligendis
1525 2144 1681 2203 quos
1709 2124 1929 2204 diligat
1958 2124 2457 2203 diligentissimo.
2547 2122 2749 2198 Quan-

351 2244 538 2303 quam
574 2228 788 2288 autem
824 2224 883 2285 is
907 2243 1046 2284 mos
1084 2226 1179 2283 est
1207 2224 1614 2301 scriptoribus
1640 2225 1714 2284 vt
1748 2244 1965 2285 eorum
1999 2222 2309 2299 laudibus,
2344 2220 2571 2299 quibus
2605 2238 2749 2281 suas

351 2325 716 2400 nuncupant
764 2320 1245 2396 lucubrationeS‚
1294 2321 1529 2382 bonam
1573 2322 1974 2400 praefationis
2020 2325 2265 2400 partem
2315 2322 2633 2397 occupent,
2687 2320 2749 2378 et
2780 2351 2798 2386 1
2814 2351 2876 2385 20

347 2420 467 2482 hoc
494 2441 676 2482 verae
702 2420 928 2484 virtuti
967 2419 1317 2497 praemium
1358 2419 1569 2481 deberi
1594 2420 1847 2481 videtur
1873 2423 1944 2481 vt
1983 2420 2117 2480 eius
2158 2418 2459 2480 memoria
2496 2415 2750 2494 posteri-

348 2520 469 2581 tati
523 2522 931 2595 consecretur‚
983 2519 1047 2580 id
1094 2518 1257 2597 quod
1306 2537 1436 2579 non
1484 2518 1630 2579 aliis
1676 2518 2088 2579 monimentis
2143 2517 2375 2578 rectius
2431 2516 2508 2575 fit
2560 2534 2749 2593 quam

348 2617 541 2688 libris,
571 2617 734 2678 mihi
761 2636 910 2678 vero
938 2619 1153 2679 tantus
1179 2636 1324 2678 vere
1350 2616 1623 2696 citraque
1648 2616 1865 2677 fucum
1890 2615 2190 2676 laudandi
2215 2634 2474 2693 campus
2499 2612 2751 2692 patebat

354 2720 624 2793 quantus
667 2716 934 2777 aliorum
983 2715 1268 2791 nemini;
1325 2719 1541 2777 tamen
1582 2715 1884 2795 quoniam
1931 2720 1996 2776 et
2044 2734 2182 2776 mea
2226 2713 2598 2791 simplicitas
2636 2710 2753 2771 tibi

357 2835 487 2875 non
514 2814 732 2894 ignota
757 2835 885 2875 non
912 2814 993 2875 ab
1027 2814 1385 2875 adulatione
1417 2817 1666 2876 tantum
1695 2834 1916 2874 verum
1955 2814 2034 2874 ab
2074 2813 2250 2874 omni
2285 2811 2754 2888 blandiloquen·
2785 2837 2875 2890 125

355 2913 478 2973 tiae
525 2912 725 2990 specie
768 2913 1174 2973 vehementer
1222 2913 1531 2989 abhorret,
1581 2915 1643 2974 et
1691 2915 1799 2973 tua
1846 2912 2187 2989 singularis
2235 2910 2543 2971 modestia
2590 2906 2753 2969 nihil

358 3009 572 3070 minus
599 3011 730 3087 pati
759 3011 917 3071 solet
947 3031 1137 3089 quam
1163 3011 1381 3072 laudes
1414 3011 1604 3073 etiam
1632 3010 2141 3084 modestissimae,
2172 3007 2626 3087 praetermissis
2653 3006 2755 3066 his

356 3107 433 3167 ad
478 3108 846 3185 adagiorum
890 3110 1326 3171 tractationem
1366 3110 1743 3186 accedemus,
1794 3128 1981 3188 quam
2026 3108 2281 3187 quidem
2321 3108 2532 3169 visum
2576 3108 2669 3167 est
2716 3125 2755 3166 a

357 3206 648 3267 finitione
703 3206 878 3269 iuxta
930 3208 1446 3287 philosophorum
1500 3212 1898 3286 praeceptum
1943 3208 2267 3286 auspicari.
2355 3208 2452 3269 'I'u
2502 3206 2638 3283 lege
2670 3223 2756 3265 ¹ac

358 3305 510 3381 vale,
545 3306 649 3366 vel
678 3304 933 3365 interim
961 3306 1170 3385 potius
1197 3307 1659 3386 quammaxime
1688 3325 1940 3367 mecum
1969 3308 2122 3367 esto.
2787 3320 2881 3368 130

1022 3488 1168 3551 212.
1257 3486 1353 3550 To
1399 3486 1641 3551 Annus
1691 3486 2085 3551 MANUTHJS.

429 3620 676 3676 Vatican
701 3619 850 3677 MS.:
885 3620 1025 3693 Reg.
1053 3621 1179 3678 Vat.
1207 3636 1347 3693 2023
1373 3620 1412 3675 f.
1445 3622 1560 3689 164.
2271 3619 2479 3674 Padus.

2061 3722 2095 3779 9
2119 3707 2430 3764 December
2453 3704 2689 3778 (1508).

428 3829 565 3893 [The
599 3826 724 3875 date
757 3828 806 3875 is
839 3827 998 3890 given
1033 3827 1106 3890 by
1135 3827 1323 3877 Aldus'
1346 3832 1474 3878 note
1508 3844 1580 3878 on
1614 3829 1711 3878 the
1746 3828 1913 3878 back:
1949 3828 1965 3857 ‘
1983 3828 2169 3877 Mense
2200 3828 2478 3878 Decembr.
2507 3828 2653 3888 1508,
2679 3826 2760 3873 Da

363 3895 565 3954 Padus,
593 3893 881 3942 Erasmus!
946 3892 1058 3941 'l'he
1082 3893 1242 3942 letter
1263 3894 1419 3943 could
1451 3895 1649 3956 hardly
1668 3895 1733 3943 be
1767 3893 1957 3957 placed
1990 3895 2050 3943 in
2081 3907 2224 3955 1507,
2246 3894 2394 3942 since
2428 3893 2680 3942 Erasmus
2716 3892 2762 3938 is

362 3959 651 4021 evidently
685 3960 944 4008 intimate
982 3959 1119 4007 with
1156 3959 1348 4008 Aldus’
1383 3960 1559 4022 circle,
1594 3960 1706 4009 and
1743 3960 1791 4007 is
1818 3959 2146 4022 journeying
2180 3973 2334 4020 away
2366 3958 2503 4007 from
2543 3957 2761 4006 Venice.

362 4026 479 4074 The
514 4024 704 4087 length
738 4024 799 4073 of
826 4022 1100 4073 Erasmus’
1130 4029 1252 4087 stay
1284 4027 1341 4074 at
1376 4025 1559 4074 Padua
1592 4027 1640 4074 is
1672 4025 1993 4085 uncertain;
2026 4024 2096 4074 he
2129 4025 2320 4086 speaks
2353 4025 2414 4073 01¹
2444 4023 2672 4072 himself
2702 4023 2761 4070 in

362 4092 433 4205 icif
455 4091 875 4205 1ds5sssffiaseing
893 4090 991 4139 the
1011 4090 1210 4220 gviJnter
1231 4091 1383 4139 there
1404 4106 1418 4149 ;
1450 4090 1559 4139 and
1590 4091 1661 4140 he
1685 4090 1951 4152 certainly
1973 4090 2130 4139 made
2153 4104 2321 4152 many
2342 4089 2551 4138 friends
2585 4088 2756 4137 there.

431 4192 441 4203 .
502 4172 533 4205 e
607 4172 638 4205 o
701 4171 778 4219 ac,
802 4171 889 4221 pp.
914 4170 1010 4218 53-
1049 4191 1062 4204 .

1059 4280 1243 4329 ALDo
1289 4282 1412 4329 SVO
1457 4281 1775 4329 ERASMVS
1819 4282 1870 4328 S.
1916 4281 1974 4328 P.
2018 4280 2081 4327 D.

452 4394 801 4455 Gmuvs
869 4394 1001 4455 suis
1063 4394 1551 4455 incantamentis
1614 4393 1718 4455 hic
1779 4412 1882 4454 me
1944 4397 2291 4454 remoratus
2358 4393 2469 4465 est,
2531 4388 2764 4467 alioqui

368 4489 448 4548 ad
517 4491 638 4551 iter
697 4493 827 4552 iam
889 4492 1254 4555 accinctum.
1367 4492 1824 4553 Adhortaberis
1884 4491 2283 4552 Franciscum
2344 4493 2416 4550 vt
2475 4491 2764 4566 properet

438 4625 558 4672 211.
586 4636 695 4683 ¹09·
733 4623 966 4687 Apulei]
992 4623 1073 4675 Cf.
1099 4628 1225 4674 Flor.
1248 4638 1295 4684 3.
1323 4624 1397 4673 16.
1422 4624 1470 4674 6.
1687 4622 1800 4672 212.
1827 4637 1871 4672 1.
1908 4620 2233 4684 Germanus]
2255 4620 2476 4669 Brixius
2493 4617 2694 4681 (Brice)
2712 4617 2770 4666 of

441 4688 552 4735 116.
577 4687 733 4751 Regi]
759 4687 954 4752 Hem-y
977 4703 1072 4739 vn.
1619 4690 1878 4749 Auxerre,
1917 4689 1952 4746 †
1971 4688 2115 4750 1538,
2146 4701 2177 4737 a
2209 4701 2390 4750 young
2423 4684 2764 4734 Frenchman
