3355 5380
302 371 487 457 15¹4]
1035 373 1145 437 ΤΟ
1198 372 1554 436 ΤΗΟΜΑΒ
1606 371 1971 436 WoLSEY
2584 377 2703 433 549

296 551 522 611 parens
568 531 827 592 Graecia
876 550 1078 609 neque
1126 529 1368 592 doctius
1410 549 1616 608 neque
1660 528 2007 592 venustius.
2096 529 2180 590 Et
2234 529 2392 590 h'aut
2439 529 2568 590 scio
2618 548 2699 590 an

297 629 589 708 cuiquam
619 628 727 689 alii
755 627 1087 707 contigerit
1112 627 1411 689 eximiam
1439 627 1866 707 eloquentiam
1892 647 2035 688 cum
2064 626 2459 688 exactissima
2485 645 2696 688 rerum
2732 651 2792 687 10

296 728 653 806 cognitione
700 727 1036 805 copulasse.
1127 726 1305 787 Nihil
1351 725 1456 786 hic
1499 725 1625 786 nisi
1671 745 1879 787 meras
1921 744 2203 804 gemmas
2245 724 2540 802 loquitur.
2630 726 2699 788 Si

298 826 450 906 quid
498 825 787 893 offendet.
837 823 1018 885 nobis
1065 823 1395 902 imputato.
1478 823 1654 886 Bene
1700 823 1854 898 vale,
1902 827 1968 886 et
2009 824 2349 887 Erasmum
2389 823 2493 886 vel
2533 823 2699 884 inter

299 929 617 986 extremos
643 922 977 987 clientulos
1005 925 1149 984 tuos
1175 921 1520 984 asscribito.

383 1021 736 1101 cantabrig.
770 1021 972 1101 pridie
999 1040 1197 1081 nonas
1225 1020 1405 1082 Ianu.

907 1182 1115 1271 2852„
1201 1178 1298 1244 To
1345 1178 1692 1244 thmau
1739 1177 2098 1247 WARHAM.

372 1290 660 1363 Epistolae
685 1292 759 1347 ad
781 1291 1034 1347 diuersos
1059 1311 1114 1363 p.
1142 1303 1262 1362 502.
2175 1287 2540 1363 Cambridge.

370 1379 514 1436 HN:
555 1379 729 1436 Lond.
754 1379 873 1435 xiii.
901 1396 967 1450 3:
1008 1378 1118 1437 LB.
1151 1380 1267 1436 188.
2108 1378 2405 1451 <January
2435 1377 2629 1451 1514.)

367 1476 505 1542 [The
528 1477 680 1525 dates
701 1476 761 1524 of
777 1476 893 1526 this
916 1476 1027 1525 and
1047 1476 1144 1539 Ep.
1168 1476 1269 1527 286
1289 1489 1380 1523 are
1403 1489 1467 1524 su
1593 1475 1687 1525 ted
1707 1474 1779 1537 by
1799 1475 1896 1524 the
1917 1474 2153 1526 allusion
2185 1479 2244 1525 to
2277 1476 2373 1525 the
2404 1473 2696 1524 successful

298 1556 415 1591 war
431 1541 571 1590 with
595 1542 816 1601 France,
834 1541 944 1590 and
968 1556 1059 1589 are
1077 1539 1369 1590 confirmed
1393 1540 1465 1603 by
1482 1542 1507 1589 t
1547 1556 1577 1590 e
1600 1540 1872 1590 reference
1896 1543 1954 1590 to
1974 1539 2245 1592 Erasmus·
2263 1541 2445 1593 attack
2466 1540 2527 1591 of
2541 1543 2696 1590 stone

298 1609 359 1658 in
383 1607 484 1671 Ep.
508 1609 621 1658 288.
655 1620 729 1669 15.
803 1607 904 1658 Mr.
927 1605 1152 1656 Nichols
1174 1606 1353 1670 places
1374 1605 1528 1656 them
1550 1605 1614 1657 in
1641 1606 1808 1672 1513]

387 1714 701 1763 ERASMVS
748 1712 1257 1762 ROTERODAMVS
1303 1711 1853 1762 ABGHIEPISCOPO
1897 1712 2413 1762 CANTVARIENSI
2458 1713 2513 1764 S.
2551 1712 2616 1762 D.

381 1811 636 1873 Incum-
666 1810 931 1872 Erasmo
956 1814 1067 1871 tuo
1106 1809 1448 1889 periculosa
1472 1814 1539 1871 et
1564 1809 1855 1871 omnium
1886 1809 2258 1888 grauissima
2285 1830 2431 1873 cum
2459 1809 2696 1873 calculo

301 1909 691 1972 conflictatio.
781 1908 1140 1970 Deuentum
1166 1908 1236 1969 in
1261 1926 1492 1969 manus
1525 1907 1915 1970 medicorum
1950 1911 2018 1970 et
2053 1908 2694 1988 pharmacopola-um,

301 2008 421 2069 hoc
447 2009 543 2068 est
569 2007 931 2068 carnificum
960 2008 1023 2067 et
1048 2006 1450 2085 harpyarum.
1519 2006 1749 2069 Adhuc
1776 2006 2072 2085 parturio.
2143 2005 2387 2070 Malum
2415 2006 2485 2069 in
2513 2007 2703 2085 costis

301 2104 646 2167 etiamnum
667 2105 924 2166 affixum
947 2107 1044 2167 est
1065 2127 1081 2178 3
1116 2103 1364 2183 quando
1384 2105 1703 2183 pariturus
1722 2107 1833 2167 aut
1853 2103 2004 2183 quid
2031 2104 2350 2183 pariturus
2369 2104 2697 2168 incertum.

300 2203 594 2282 Suspicor
622 2203 740 2264 hoc
780 2203 989 2265 morbi
1030 2202 1251 2265 debere
1290 2222 1394 2264 me
1435 2202 1732 2265 ceruisiae
1772 2222 1963 2282 quam
2006 2203 2141 2265 dies
2181 2202 2309 2265 iam
2351 2202 2702 2283 complures
2727 2227 2755 2277 5

299 2302 512 2381 inopia
550 2303 687 2364 vini
724 2301 873 2365 bibi.
956 2302 1097 2363 Hae
1134 2301 1438 2365 nimirum
1478 2302 1800 2381 primiciae
1840 2301 2158 2365 fructuum
2206 2323 2362 2382 quos
2411 2323 2488 2367 ex
2533 2323 2703 2383 prae-

301 2400 463 2463 claro
490 2401 789 2463 aduersus
818 2400 1031 2463 Gallos
1058 2399 1226 2462 bello
1253 2400 1585 2479 capiemus.
1673 2400 1811 2462 Has
1835 2399 2049 2462 literas
2082 2400 2313 2463 dictaui
2350 2402 2554 2477 mode,
2589 2422 2703 2463 nec

300 2499 366 2562 id
397 2500 552 2562 citra
578 2499 930 2561 molestiam
952 2522 970 2574 ς
1012 2502 1082 2560 tu
1110 2520 1258 2561 cura
1278 2501 1349 2560 vt
1375 2519 1562 2578 quam
1590 2497 1829 2578 optime
1849 2500 2075 2576 valeas,
2100 2500 2334 2577 optime
2355 2498 2696 2563 Mecoenas.

384 2598 832 2678 Cantabrigiae.
919 2594 1140 2679 [Anno
1166 2616 1283 2659 u.»
1304 2593 1440 2679 xv.]

830 2754 1065 2823 ²⁸⁶286.
1156 2752 1361 2820 Fnou
1408 2751 1757 2818 anau
1806 2753 2172 2818 Wannau.

373 2856 618 2930 Farrago
641 2877 696 2930 p.
728 2860 844 2916 186.
2205 2854 2458 2916 London.

375 2944 435 3002 F.
459 2964 514 3017 p.
539 2960 676 3015 324:
713 2944 859 3004 HN:
896 2944 1075 3002 Lond.
1099 2942 1193 3000 vii.
1226 2958 1325 3015 19:
1362 2941 1475 2999 LB.
1505 2957 1622 3014 134.
2026 2956 2054 3016 5
2081 2942 2372 3015 February
2400 2943 2632 3019 (1514).

378 3057 828 3107 GVILEELMVS
871 3055 1458 3107 ARomEHsoorvs
1503 3054 2057 3105 oau'rvanmnsm
2101 3057 2625 3108 OANCELLABWS

702 3161 917 3210 mmm
966 3161 1052 3209 m·
1097 3159 1344 3209 'ronvs
1385 3158 1702 3208 ANGLIAE:
1746 3159 2012 3209 PRIMAS
2056 3159 2332 3209 Enasuo

1084 3263 1551 3313 ROTERODAMO
1596 3263 1720 3311 SVO
1767 3262 1818 3312 Β.
1860 3263 1923 3312 D.

387 3362 668 3436 Euan,
702 3364 758 3423 si
784 3361 1138 3422 valentibus
1173 3360 1440 3423 dicimus
1480 3358 1753 3421 salutem
1790 3359 1860 3421 in
1888 3359 2088 3438 capite
2125 3358 2466 3437 literarum,
2499 3362 2705 3425 multo

304 3460 507 3538 magis
532 3460 831 3521 conuenit
857 3458 1202 3538 aegrotanti
1231 3458 1349 3519 tibi
1376 3460 1589 3537 optare
1615 3457 1887 3519 salutem
1910 3478 1927 3533 ς
1969 3459 2223 3520 tametsi
2260 3458 2465 3520 fausto
2495 3460 2705 3522 omine

303 3578 570 3636 auguror
596 3563 660 3619 te
687 3558 1062 3635 iampridem
1090 3557 1345 3618 calculis
1372 3559 1727 3635 purgatum,
1762 3555 1986 3617 saltem
2014 3560 2416 3636 posteaquam
2445 3558 2707 3620 celebra·

306 3657 519 3718 uimus
573 3658 941 3718 memoriam
996 3654 1380 3733 purgationis
1426 3653 1676 3716 Mariae.
1767 3653 1928 3729 Quid
1984 3653 2104 3715 sibi
2150 3654 2375 3718 volunt
2431 3676 2582 3718 saxa
2634 3657 2704 3718 in

308 3753 670 3833 corpusculo
710 3758 822 3815 tuo
838 3756 871 3815 *Ρ
947 3758 1058 3815 aut
1098 3753 1248 3832 quid
1289 3772 1475 3832 super
1513 3753 1679 3814 hanc
1718 3756 1964 3831 petram
1999 3753 2519 3817 inaedificandum
2556 3760 2652 3818 est
2668 3758 2701 3817 *Ρ
2731 3776 2761 3827 5

308 3871 437 3914 non
467 3851 639 3912 enim
677 3851 1089 3912 construendo
1127 3870 1196 3913 es
1229 3850 1594 3931 magnificas
1630 3852 1851 3913 domos
1876 3850 1980 3912 vel
2018 3850 2325 3914 eiusmodi
2361 3853 2701 3932 quippiam,

305 3953 378 4013 vt
404 3949 648 4029 opinor.
732 3949 1029 4025 Quocirca
1053 3968 1250 4028 quum
1282 3969 1411 4010 non
1446 3948 1579 4009 sint
1605 3970 1640 4009 e
1669 3968 1738 4010 re
1775 3952 1886 4009 tua
1919 3948 2152 4025 calculi,
2184 3971 2364 4012 cures
2400 3953 2706 4030 quampri-

305 4067 486 4110 mum
512 4051 577 4110 te
603 4047 915 4127 superfluo
944 4067 1129 4109 onere
1161 4046 1439 4122 h'berare‚
1474 4047 1711 4125 desque
1750 4039 2081 4125 pecuniam
2111 4051 2182 4109 vt
2216 4049 2578 4111 auferantur
2612 4049 2705 4110 hii

306 4146 581 4225 lapides;
622 4165 799 4207 secus
825 4166 1015 4224 quam
1042 4165 1156 4223 ego
1181 4144 1458 4224 quotidie
1496 4145 1578 4205 do
1613 4146 1961 4223 pecuniam,
1994 4148 2066 4206 vt
2091 4145 2328 4224 lapides
2362 4146 2706 4208 afferantur

306 4247 383 4308 ad
411 4265 553 4308 mea
577 4244 871 4307 aedificia.
960 4245 1040 4306 Id
1067 4244 1232 4323 quod
1259 4247 1332 4306 vt
1368 4243 1611 4306 facilius
1645 4245 1835 4305 facias
1874 4265 1988 4310 nec
2026 4245 2145 4306 tibi
2181 4245 2361 4321 (lesia,
2398 4244 2540 4306 dedi
2574 4245 2709 4306 filio
2738 4273 2800 4311 ιο

308 4344 629 4405 cuiusdam
650 4342 952 4406 aurifabri
969 4342 1390 4403 Londinensis
1411 4342 1625 4403 decem
1641 4342 1898 4418 nobilea
1922 4362 2076 4422 quos
2097 4343 2165 4404 in
2191 4344 2404 4405 decem
2424 4341 2703 4421 legiones

346 4474 459 4526 286.
480 4476 529 4524 8.
567 4474 649 4523 hii
670 4478 749 4524 E:
783 4475 826 4523 ii
847 4477 914 4524 Η.
1099 4487 1178 4524 11.
1212 4472 1397 4522 decem
1417 4476 1495 4522 2:
1529 4473 1759 4535 triginta
1779 4477 1836 4523 F.
1966 4472 2180 4522 nobiles
2201 4476 2278 4522 E:
2309 4472 2585 4536 angelatos
2606 4478 2672 4523 H.

373 4606 488 4655 28⁶.
528 4618 604 4654 ιο.
659 4603 776 4654 filio
831 4605 1113 4654 cuiusdam
1170 4604 1458 4670 aurifabri]
1563 4604 1659 4668 Ep.
1679 4619 1790 4667 279.
1814 4603 2136 4668 3operhaps
2158 4604 2335 4654 shows
2351 4603 2474 4653 that
2503 4605 2575 4653 he
2595 4603 2706 4654 had

311 4670 559 4733 Possibly
598 4670 813 4732 Lupset.
882 4669 960 4721 Cf.
1001 4671 1096 4733 Ep.
1138 4685 1253 4732 οπο.
1299 4673 1369 4720 60
1402 4685 1455 4721 n.
1561 4670 1826 4720 returned
1846 4675 1903 4720 to
1926 4670 2151 4721 London
2175 4672 2237 4721 in
2259 4670 2359 4720 the
2380 4670 2593 4720 winter.
