3355 5380
546 494 550 499 μ
658 406 773 463 114
1374 400 1750 463 LETTERS
1807 400 1915 461 or
1969 398 2374 461 ERASMUS
2865 392 3056 479 [1489

651 558 870 620 mallet
925 579 1115 639 quam
1180 557 1356 619 reddi
1419 558 1675 619 doctior.
1780 557 1980 633 Quem
2033 577 2146 636 ego
2199 557 2290 617 sic
2344 556 2512 617 inter
2564 554 2845 616 eruditos
2905 558 3058 639 poni

654 658 855 718 feram
881 658 953 717 vt
992 675 1120 717 non
1159 656 1245 716 sit
1280 655 1540 716 omnino
1565 676 1603 717 a
1630 655 1944 717 consortio
1977 655 2384 716 barbarorum
2422 654 2703 729 alienus;
2745 653 3057 731 siquidem

652 755 856 833 magis
884 754 991 815 ille
1021 757 1244 816 natura
1268 754 1576 815 facundus
1604 774 1796 832 quam
1823 754 2193 828 eruditione,
2222 757 2286 815 et
2313 753 2458 832 plus
2484 752 2674 815 habet
2701 751 3058 830 loquentiae

565 877 631 928 50
653 872 846 931 quam
913 851 1322 932 eloquentiae.
1414 853 1742 913 Postremo
1793 850 2111 931 vituperat
2165 851 2580 912 Laurentium
2634 849 2883 928 Pogius,
2943 849 3057 910 sed

651 949 867 1030 palam
898 951 999 1012 vir
1031 950 1369 1029 improbus,
1403 950 1616 1029 palam
1651 950 1967 1011 inimicus.
2054 949 2155 1010 Sic
2182 950 2393 1012 Cicero
2431 947 2752 1027 displicuit
2783 947 3057 1008 Salustio

652 1051 717 1109 et
742 1048 989 1125 Asinio,
1019 1048 1109 1109 sic
1136 1048 1458 1126 Vergilius
1485 1067 1557 1108 ac
1585 1047 1809 1109 Liuius
1837 1047 2168 1126 Caligulae,
2204 1048 2293 1109 sic
2324 1047 2756 1124 Hieronymus
2782 1045 3051 1106 RuffinO.

652 1146 852 1207 Porro
894 1146 1123 1226 quibus
1167 1146 1355 1206 rebus
1399 1145 1777 1207 Laurentius
1825 1148 2070 1207 tantam
2112 1146 2236 1207 sibi
2279 1146 2567 1206 conflarit
2607 1144 2936 1219 inuidiam,
2985 1144 3056 1203 in

650 1246 949 1323 promptu
991 1247 1086 1304 est
1127 1244 1358 1305 docere.
1448 1243 1611 1305 Nam
1652 1243 1804 1304 scite
1841 1244 2253 1306 Terentianus
2291 1243 2402 1304 ille
2443 1242 2621 1303 Sosia
2661 1242 2841 1317 dixit,
2872 1241 3061 1304 Obse-

566 1366 628 1416 55
652 1342 871 1421 quium
900 1343 1149 1418 amicos,
1173 1340 1407 1402 veritas
1426 1341 1645 1402 odium
1672 1342 1854 1420 parit.
1942 1343 2034 1403 At
2060 1345 2275 1403 contra
2300 1342 2616 1420 parasitus
2641 1341 2749 1402 ille
2776 1340 3054 1413 Gnatho,

653 1442 761 1521 qui
799 1441 921 1502 sibi
957 1440 1372 1519 imperauerat
1409 1441 1719 1502 assentari
1757 1441 1987 1517 omnia,
2027 1460 2250 1519 negare
2287 1441 2343 1503 si
2380 1441 2521 1520 quis
2561 1443 2762 1518 neget,
2803 1438 3058 1500 laudare

652 1540 711 1602 si
765 1540 992 1616 laudet,
1045 1542 1231 1618 atque
1274 1539 1425 1599 haec
1468 1539 1604 1617 ipsa
1649 1559 1904 1600 rursum
1948 1539 2018 1600 in
2058 1539 2380 1601 diuersum
2422 1542 2677 1615 vertere,
2721 1537 2779 1598 si
2818 1537 3052 1612 lubeat,

653 1659 845 1719 quam
891 1637 1071 1699 facile
1120 1636 1244 1698 sibi
1291 1636 1581 1698 omnium
1631 1638 1899 1715 gratiam
1947 1638 2347 1716 comparauit,
2398 1641 2470 1697 vt
2513 1656 2640 1697 non
2688 1637 2825 1697 sine
2873 1654 3060 1696 causa

652 1738 981 1815 quaestum
1029 1755 1176 1795 eum
1224 1735 1520 1797 iudicarit
1569 1735 1856 1797 omnium
1901 1756 2035 1797 esse
2076 1736 2481 1797 vberi-imum.
2569 1735 2674 1796 Ab
2721 1735 2916 1795 huius
2965 1734 3059 1793 in·

560 1845 630 1898 60
651 1834 835 1912 genio
889 1833 1359 1895 diuersissimus
1414 1833 1664 1909 Demea,
1723 1835 1878 1895 dum
1931 1835 2204 1896 vrbanae
2257 1834 2423 1896 vitae
2477 1833 2761 1894 nondum
2815 1832 3059 1910 peritus

650 1931 934 1994 veritatis
968 1932 1206 1993 amicus
1241 1952 1375 1993 esse
1413 1933 1754 2008 contendit,
1784 1934 1936 1994 adeo
1972 1933 2182 1994 nullos
2217 1933 2342 1995 sibi
2379 1933 2668 1994 conciliat
2699 1934 2953 2006 amicos,
2989 1935 3061 1991 vt

651 2031 808 2110 ipsis
845 2030 1039 2091 etiam
1079 2029 1297 2092 liberis
1333 2031 1724 2109 fugientibus
1760 2031 2038 2092 desertus
2079 2034 2266 2109 atque
2302 2031 2490 2091 orbus
2520 2032 2730 2092 viuere
2766 2029 3052 2108 coeperit.

649 2129 830 2191 Adeo
857 2129 1048 2208 vulgo
1075 2129 1334 2189 mordax
1359 2133 1424 2190 et
1450 2128 1781 2190 inamoena
1806 2149 1906 2189 res
1932 2133 2027 2190 est
2054 2130 2300 2191 veritas.
2373 2129 2649 2192 Proinde
2676 2128 3059 2189 Laurentius

652 2230 881 2302 noster,
921 2227 979 2289 si
1016 2227 1427 2289 barbarorum
1463 2227 1847 2305 imperitiam
1884 2227 2139 2289 reticere
2181 2248 2371 2307 quam
2411 2229 2667 2307 prodere
2708 2227 3054 2300 maluisset,

562 2331 626 2397 ⁶5
652 2329 958 2387 venustus
999 2329 1064 2387 et
1103 2325 1414 2404 gratiosus
1453 2324 1828 2402 haberetur;
1889 2345 2060 2387 nunc
2101 2327 2400 2405 quoniam
2440 2327 2503 2388 id
2544 2327 2750 2387 effecit
2790 2329 2865 2387 vt
2906 2345 3057 2403 quo·

650 2424 923 2485 rundam
986 2424 1152 2486 male
1216 2427 1609 2503 comparatae
1679 2424 1912 2503 gloriae
1971 2426 2153 2487 fucus
2207 2426 2652 2502 detraheretur,
2706 2428 2779 2485 vt
2847 2424 3060 2502 putari

650 2522 1008 2584 desinerent
1034 2523 1199 2603 quod
1226 2543 1357 2584 non
1383 2527 1573 2600 erant,
1605 2524 1828 2585 offensi
1854 2525 2200 2603 genuinum
2228 2526 2295 2586 in
2324 2525 2507 2585 illum
2534 2528 2771 2587 acuunt
2798 2544 3038 2585 omnes.

731 2621 1057 2683 Caeterum
1105 2622 1267 2702 quod
1317 2621 1595 2683 eruditos
1641 2622 1834 2683 etiam
1883 2643 2338 2702 nonnunquam
2385 2623 2657 2703 attingit,
2711 2642 2899 2702 quem
2947 2642 3058 2683 vn·

650 2741 841 2800 quam
878 2722 1031 2783 adeo
1068 2722 1325 2783 doctum
1362 2721 1660 2782 viderunt
1696 2722 1985 2783 Athenae
2024 2726 2134 2783 aut
2163 2723 2561 2785 Athenarum
2588 2722 2820 2784 victrix
2848 2721 3054 2799 Italia,

564 2837 628 2889 70
649 2818 721 2876 vt
764 2815 927 2876 nihil
960 2815 1147 2877 illum
1185 2816 1420 2894 fugerit
1438 2817 1472 2876 ⁴?
1553 2816 1638 2876 Et
1673 2820 1749 2877 vt
1789 2836 2010 2877 omnes
2050 2816 2120 2878 in
2161 2836 2432 2877 errorem
2473 2820 2788 2895 nostrapte
2833 2820 3059 2876 natura

648 2912 955 2992 procliues
995 2933 1230 2989 sumus,
1271 2913 1361 2973 ita
1399 2912 1603 2974 multo
1645 2934 1972 2991 peccamus
2009 2913 2286 2991 liberius,
2326 2916 2381 2975 si
2421 2916 2648 2976 erroris
2683 2934 2812 2975 non
2851 2915 3060 2975 desint

648 3016 910 3088 autores
957 3012 1234 3073 maxime
1278 3012 1334 3073 si
1375 3012 1493 3074 hos
1536 3010 1839 3072 autoritas
1876 3015 1940 3073 et
1979 3012 2256 3074 nominis
2299 3012 2596 3091 splendor
2639 3013 3052 3074 commendet.

651 3110 730 3170 Id
766 3113 980 3172 autem
1016 3110 1457 3187 imperitorum
1495 3110 1820 3188 ingenium
1858 3115 1972 3187 est,
2006 3114 2078 3172 vt
2114 3116 2405 3173 autorum
2434 3113 2490 3172 si
2528 3132 2650 3191 qua
2685 3115 2849 3172 recte
2890 3114 3058 3174 dicta

649 3211 818 3284 sunt,
860 3227 933 3268 ea
971 3211 1381 3287 praetereant,
1421 3227 1553 3268 non
1589 3208 1772 3268 aliter
1813 3229 2018 3287 quam,
2052 3213 2125 3270 vt
2159 3214 2257 3271 est
2291 3211 2362 3271 in
2396 3211 2718 3290 Apologia,
2750 3212 3057 3289 iaspidem

565 3323 624 3376 75
651 3309 968 3383 repertum
1007 3305 1209 3383 gallus
1237 3305 1621 3384 Aesopicus;
1665 3309 1880 3368 contra
1907 3308 1963 3367 si
1998 3308 2151 3386 quid
2188 3311 2557 3387 erratorum,
2588 3310 2659 3371 in
2691 3310 2790 3369 sui
2828 3311 3059 3372 erroris

651 3404 1080 3465 defensionem
1118 3402 1393 3465 studiose
1432 3403 1804 3481 decerpant3
1846 3425 2000 3484 quas
2027 3406 2106 3467 ob
2133 3427 2233 3466 res
2259 3427 2339 3468 ne
2368 3428 2762 3468 summorum
2801 3408 3059 3487 quidem

648 3502 929 3563 virorum
984 3505 1186 3562 errata
1239 3501 1637 3563 dissimulare
1689 3504 1812 3565 fuit
1864 3525 2036 3582 opus.
2124 3506 2325 3581 Quem
2372 3526 2521 3567 vero
2575 3526 2831 3585 prorsus
2879 3508 3060 3568 omni

649 3597 1063 3659 liberabimus
1089 3619 1308 3673 errore,
1341 3599 1397 3659 si
1423 3600 1638 3661 Cicero
1672 3601 1909 3663 labitur
1944 3602 2014 3663 in
2042 3603 2318 3664 Romani
2353 3605 2661 3666 sermonis
2697 3606 3012 3682 elegantia
3027 3609 3060 3666 ⁴?

651 3696 834 3773 Quod
882 3696 938 3757 si
979 3697 1213 3776 Pogius
1259 3717 1371 3759 sua
1414 3698 1571 3760 vitia
1616 3699 1889 3778 ingenue
1935 3701 2116 3763 fateri
2171 3703 2596 3782 corrigereque
2650 3723 2838 3783 quam
2892 3705 3060 3765 tueri

563 3807 627 3855 80
649 3798 938 3874 proterue
976 3796 1302 3857 maluisset
1345 3797 1694 3874 (maluisset
1732 3802 1965 3875 autem,
2006 3799 2062 3860 si
2102 3800 2227 3861 viri
2268 3802 2594 3880 prudentis
2634 3802 2833 3863 officio
2875 3803 3058 3882 fungi

650 3892 992 3972 voluisset),
1028 3895 1304 3973 profecto
1333 3896 1597 3974 dignum
1633 3897 1968 3959 iudicasset
1995 3898 2408 3961 Laurentium
2436 3901 2537 3961 cui
2562 3905 2731 3962 recte
2768 3903 3057 3964 monenti

651 3991 717 4051 et
759 3991 962 4053 honos
1004 3992 1341 4055 haberetur
1384 3998 1450 4055 et
1494 3995 1711 4073 gratia,
1762 4000 2013 4059 tantum
2058 3997 2236 4058 abest
2282 4002 2354 4060 vt
2396 4000 2798 4061 lacerandum
2841 4001 3058 4064 existi·

650 4092 868 4150 maret.

733 4186 859 4249 His
900 4188 1249 4251 rationibus
1290 4192 1613 4252 constricti
1653 4193 1911 4272 quidam
1952 4194 2030 4256 ad
2070 4195 2231 4257 illud
2273 4197 2450 4257 velut
2491 4200 2848 4258 extremum
2893 4218 3061 4276 prae-

565 4294 627 4357 85
652 4284 886 4348 sidium
914 4286 1320 4365 confugiunt:
1362 4291 1435 4350 vt
1459 4289 1624 4350 iuste
1649 4292 2133 4369 reprehenderit,
2157 4293 2475 4373 inquiunt,
2498 4297 2846 4372 praeclaros
2864 4299 3053 4371 viros,

654 4388 865 4447 tamen
902 4405 1098 4464 aequo
1139 4386 1489 4448 mordacius
1524 4388 1592 4448 id
1628 4389 1794 4450 fecit.
1880 4390 2016 4469 Ego
2056 4411 2203 4453 sane
2244 4392 2396 4471 quid
2436 4393 2509 4453 in
2547 4394 2666 4454 hos
2705 4395 3062 4456 mordacius

774 4519 853 4578 58.
892 4518 1233 4581 comparauit
1254 4521 1329 4567 F:
1363 4520 1694 4583 compararit
1714 4525 1773 4571 Ε.
1973 4524 2055 4584 67.
2092 4522 2408 4574 desinerent
2430 4528 2514 4574 H:
2547 4525 2862 4575 desiuerant
2884 4530 2945 4577 Ε.
2983 4589 2984 4592 ¹

718 4649 798 4696 54.
835 4633 1010 4699 Sosia]
1031 4638 1226 4683 Andria
1247 4635 1328 4683 68.
1971 4641 2050 4687 60.
2086 4639 2313 4704 Demea]
2336 4642 2451 4690 Ter.
2479 4642 2701 4702 Adelphi,
2727 4644 2824 4704 855
2847 4658 2965 4706 seq.

720 4713 802 4763 55.
838 4698 1081 4764 Gnatho]
1104 4700 1223 4750 Ter.
1246 4704 1373 4749 Eun.
1404 4714 1580 4764 251-3.
1971 4705 2052 4753 86.
2086 4705 2417 4770 mordacius]
2442 4707 2510 4758 cf.
2536 4707 2632 4770 Ep.
2658 4724 2736 4769 24.
2766 4724 2848 4769 42.
