3355 5380
640 344 757 399 338
1344 337 1726 399 LETTERS
1780 339 1887 399 OF
1942 337 2342 400 ERASMUS
2862 332 3051 418 [¹50¹

639 495 933 557 incelebri
959 500 1022 556 et
1050 495 1443 556 concionator
1471 516 1601 557 non
1638 495 1899 555 omnino
1935 496 2265 573 pessimus,
2295 499 2367 556 vt
2402 515 2569 556 nunc
2609 494 2868 574 quidem
2904 496 3063 556 sunt

522 611 613 662 ¹¹5
639 595 953 673 theologi3
996 597 1308 655 caeterum
1347 597 1418 654 vt
1453 592 1616 654 mihi
1650 596 1794 671 post
1819 594 2032 655 visum
2067 597 2165 655 est
2201 596 2289 672 (et
2323 594 2452 655 fere
2484 596 2636 655 sunt
2666 591 3062 668 huiusmodi)

639 694 842 755 famae
884 713 1183 771 perquam
1219 691 1460 752 auidus.
1549 691 1669 753 Sed
1709 692 1878 753 haud
1915 691 2108 752 etiam
2147 691 2500 753 coniectura
2532 709 2877 768 consequor
2904 690 3061 769 quid

640 792 862 872 genius
896 791 1007 852 ille
1046 792 1254 852 malus
1288 788 1572 867 captarit,
1604 790 1785 851 vtine
1821 790 2207 852 sacerdotem
2233 809 2421 850 suum
2454 788 2711 850 iamiam
2748 785 2831 848 ad
2867 786 3065 848 defec-

640 892 880 953 tionem
919 891 1305 969 spectantem
1344 889 1513 949 recta
1547 888 1619 948 in
1654 886 1999 964 perniciem
2034 886 2394 962 induceret3
2440 906 2525 947 an
2560 885 2726 965 quod
2763 886 2860 946 ita
2895 885 3064 946 serio

641 988 763 1050 sibi
815 987 1190 1068 promiserit,
1250 985 1527 1062 theologi
1593 989 1873 1046 mentem
1933 985 2196 1064 praemii
2256 984 2559 1063 propositi
2618 983 3070 1062 magnitudine

524 1103 619 1140 120
643 1105 822 1166 posse
850 1084 1200 1162 corrumpi:
1245 1085 1358 1145 hac
1386 1083 1607 1162 opinor
1638 1083 1866 1144 fiducia
1893 1083 2077 1161 quod,
2111 1088 2184 1146 vt
2212 1083 2523 1145 diuinitus
2550 1083 2802 1161 scripsit
2831 1082 3029 1150 Maro,

1378 1206 1538 1282 Quid
1584 1226 1713 1266 non
1759 1206 2048 1268 mortalia
2092 1210 2339 1284 pectora
2379 1204 2544 1284 cogit

1136 1305 1297 1366 Auri
1339 1324 1510 1366 sacra
1548 1306 1753 1364 fames
1769 1305 1802 1365 ⁶?

647 1433 787 1491 tum
809 1429 992 1507 quod,
1016 1429 1108 1491 vti
1130 1430 1309 1490 aiunt
1331 1428 1375 1488 ii
1396 1427 1504 1507 qui
1525 1447 1670 1488 cum
1700 1427 2057 1488 istiusmodi
2079 1428 2417 1489 hominum
2439 1446 2661 1505 genere
2681 1423 3069 1486 familiarius

647 1532 796 1590 sunt
823 1526 1070 1604 versati,
1095 1527 1211 1588 sub
1240 1526 1371 1588 illis
1398 1525 1660 1587 cucullis
1688 1529 1752 1586 et
1781 1524 2208 1586 mendicitatis
2237 1526 2492 1586 nomine
2520 1523 3071 1603 deploratissimae

534 1646 623 1698 ¹25
649 1646 1104 1705 nonnunquam
1171 1628 1416 1687 mentes
1478 1624 1732 1686 latitent
1787 1624 2164 1686 intolerabili
2234 1624 2585 1703 arrogantia
2649 1627 2713 1684 et
2780 1626 3066 1684 extrema

648 1726 948 1803 pecuniae
989 1723 1326 1802 cupiditate
1368 1723 1722 1801 flagrantes.

732 1823 968 1884 Verum
1009 1822 1127 1882 hoc
1169 1821 1427 1900 quidem
1468 1821 1539 1882 in
1581 1819 1787 1882 medio
1825 1820 2261 1899 relinquimus.
2347 1821 2465 1882 Vir
2499 1820 2694 1900 igitur
2728 1841 3076 1899 persuasus

651 1921 974 1984 hominem
1021 1920 1331 1992 conuenit,
1383 1923 1577 1997 vtque
1624 1918 2012 1997 pedetentim
2061 1919 2237 1982 illius
2283 1919 2569 1980 animum
2622 1921 3065 1997 praetentaret.

651 2021 836 2099 fingit
883 2018 1004 2079 sibi
1052 2018 1291 2079 codices
1335 2017 1573 2096 aliquot
1615 2037 1751 2079 esse
1799 2018 1987 2092 domi,
2036 2019 2295 2080 inutiles
2339 2019 2592 2098 quidem
2648 2018 2788 2093 sibi,
2837 2019 3079 2097 quippe

534 2132 629 2182 130
652 2117 901 2190 idiotae,
935 2135 1158 2177 verum
1194 2115 1439 2177 homini
1478 2115 1731 2177 literato
1770 2116 1956 2194 longe
1990 2116 2382 2177 vtilissimos.
2471 2116 2672 2194 Rogat
2713 2136 2873 2177 num
2910 2134 3080 2193 quos

651 2218 896 2293 emptos
913 2214 1084 2275 velit.
1154 2213 1508 2292 Theologus
1527 2213 1794 2293 proferri
1810 2215 2001 2289 iubet,
2029 2214 2463 2292 inspiciundos
2490 2214 2740 2276 scilicet.
2815 2214 3074 2275 Premit

653 2313 762 2374 ille
788 2312 987 2374 Vetus
1012 2312 1504 2387 Testamentum,
1527 2332 1717 2390 quam
1739 2313 1968 2390 vulgus
1991 2312 2272 2374 Bibliam
2300 2316 2497 2388 vocat,
2527 2310 2767 2373 Gallice
2790 2331 3071 2373 versum.

655 2410 822 2471 Eum
877 2409 1151 2472 codicem
1204 2409 1317 2471 vbi
1371 2408 1854 2487 contempsisset
1911 2410 2258 2489 theologuS‚
2314 2431 2543 2489 ecquos
2597 2409 2753 2471 alios
2802 2407 3075 2468 haberet

656 2508 1044 2587 percontanti
1087 2508 1397 2587 grauatim
1434 2507 1690 2586 quidem
1728 2529 1798 2570 ac
1834 2511 2197 2571 retractanti
2238 2508 2472 2571 similis
2512 2509 2710 2571 alium
2751 2505 3075 2585 quendam

536 2625 628 2677 135
653 2607 801 2667 sinu
827 2604 1112 2666 abditum
1141 2606 1468 2684 producit3
1510 2627 1698 2684 quem
1728 2607 2075 2683 euolutam,
2106 2608 2214 2668 vbi
2249 2607 2803 2668 animaduertisset
2837 2604 3079 2683 impro-

654 2706 944 2769 batarum
970 2706 1204 2768 artium
1233 2725 1367 2766 esse
1395 2706 1788 2785 magistrum,
1822 2706 1992 2769 haud
2026 2707 2220 2769 etiam
2255 2707 2386 2768 scio
2422 2727 2507 2767 an
2543 2707 2824 2768 nouitate
2845 2708 3080 2782 captus

654 2805 767 2883 (ita
805 2809 876 2867 vt
904 2804 1002 2883 fit)
1035 2804 1343 2867 curiosius
1380 2804 1759 2883 inspectarit,
1793 2825 1875 2866 an
1914 2808 1985 2865 vt
2021 2805 2322 2880 fraudem,
2356 2826 2547 2885 quam
2581 2805 2836 2867 subesse
2876 2807 3073 2867 senti·

657 2905 881 2979 scebat,
912 2924 1170 2983 prorsus
1204 2902 1648 2982 expiscaretur.
1719 2903 1998 2981 Rogatus
2039 2905 2251 2985 itaque
2295 2904 2599 2984 quidnam
2632 2903 2740 2965 ille
2775 2902 3075 2982 placeret,

656 3003 979 3083 respondit
1028 3001 1380 3062 maleficum
1428 3000 1555 3062 sibi
1600 2999 1802 3061 videri
1855 3003 2116 3065 librum.
2213 3003 2379 3064 'l'um
2434 3002 2545 3062 ille
2591 3001 2834 3063 silentii
2879 3001 3077 3063 fidem

543 3117 634 3169 140
658 3101 1076 3164 obtestatione
1116 3099 1457 3179 stipulatus
1495 3098 1586 3160 ait
1624 3098 1906 3162 eiusdem
1952 3102 2201 3179 generis
2245 3100 2484 3179 aliquot
2530 3100 2702 3163 domi
2746 3099 2867 3161 sibi
2914 3120 3074 3172 esse,

659 3200 767 3261 sed
796 3199 1026 3260 eruditi
1059 3198 1336 3258 hominis
1367 3218 1616 3276 operam
1650 3198 2000 3277 desyderari
2028 3222 2042 3274 ;
2090 3199 2327 3278 alioqui
2362 3199 2691 3260 thesauros
2727 3198 3084 3259 immensos

660 3316 838 3375 posse
871 3297 971 3357 his
1009 3296 1189 3357 libris
1228 3296 1499 3357 conflari.
1585 3294 1686 3357 Ibi
1721 3297 2020 3358 arrectior
2057 3297 2385 3376 theologus
2418 3300 2557 3359 orat
2581 3300 2654 3359 vt
2686 3316 2792 3358 eos
2826 3316 3084 3376 quoque

659 3395 738 3456 ad
773 3415 841 3456 se
871 3395 1032 3456 ferat
1065 3396 1518 3473 inspiciendos:
1578 3395 1702 3456 sibi
1746 3415 1880 3456 rem
1913 3396 2074 3457 hanc
2111 3397 2520 3459 vehementer
2552 3416 2687 3458 esse
2726 3396 2917 3470 cordi,
2961 3416 3085 3457 nec

661 3492 923 3554 omnino
962 3494 1028 3553 in
1067 3493 1327 3571 negocio
1366 3498 1499 3555 tam
1537 3494 1757 3555 diuino
1789 3493 2342 3569 indormiendum;
2398 3494 2523 3556 sibi
2563 3513 2741 3572 spem
2782 3511 2920 3555 esse
2957 3512 3097 3554 cer-

546 3603 637 3654 ι45
663 3592 978 3653 tissimam
1005 3591 1274 3653 feliciter
1298 3595 1695 3653 euenturum.

747 3688 916 3768 Ergo
983 3688 1149 3750 datis
1210 3690 1483 3751 inuicem
1548 3690 1785 3751 dextris
1849 3691 2044 3751 miser
2096 3690 2203 3752 ille
2261 3690 2537 3770 reliquos
2596 3690 2790 3752 libros
2857 3688 3092 3750 adfert.

664 3787 1021 3867 Theologus
1060 3787 1365 3865 expiscari
1400 3808 1527 3850 non
1556 3789 1791 3851 desinit
1818 3789 2014 3851 donec
2042 3790 2233 3851 homo
2268 3791 2394 3852 iam
2429 3791 2565 3852 eius
2596 3789 2794 3850 animi
2827 3807 3097 3849 securus

665 3886 840 3947 omni
875 3887 953 3947 de
991 3907 1056 3947 re
1089 3886 1296 3964 palam
1325 3886 1488 3959 facit,
1525 3891 1845 3964 postremo
1879 3889 2067 3950 etiam
2102 3889 2180 3949 de
2207 3888 2443 3950 Christi
2470 3908 2740 3966 corpore.
2829 3885 2937 3946 Ibi
2972 3883 3099 3946 ille

666 3988 967 4062 tanquam
1010 3985 1412 4046 vehementer
1450 3985 1703 4063 gauisus
1744 3985 2090 4063 impensius
2131 3987 2410 4049 obsecrat
2448 3990 2519 4047 vt
2563 3982 2660 4048 res
2698 3987 2912 4046 tantas
2959 3984 3093 4046 sibi

553 4096 644 4147 ¹50
669 4082 991 4157 ostendat3
1048 4101 1114 4144 se
1150 4083 1276 4143 iam
1314 4085 1447 4143 toto
1485 4087 1730 4160 pectore
1763 4082 1839 4144 de
1873 4085 2251 4146 maturando
2291 4085 2549 4163 negocio
2576 4084 2867 4163 cogitare.
2956 4081 3093 4143 Hic

667 4179 996 4241 hominem
1018 4179 1280 4241 domum
1310 4200 1489 4241 suam
1518 4179 1802 4254 deducit;
1844 4200 2098 4242 onrem
2129 4181 2504 4259 mysterium
2532 4181 2694 4243 illud
2722 4180 3098 4259 reliquaque

669 4279 825 4339 item
881 4277 1176 4339 maleficii
1224 4298 1400 4338 arma
1454 4278 1816 4356 depromere
1865 4278 2054 4340 iubet.
2142 4280 2576 4355 Proferuntur,
2626 4280 3094 4358 inspectantur.

885 4449 994 4498 134.
1030 4435 1357 4485 detrectanti
1381 4440 1436 4484 F.
1643 4449 1750 4497 14¹·
1792 4434 2099 4485 desiderare
2124 4441 2189 4489 H.
2391 4451 2501 4499 143.
2537 4437 2771 4502 perferat
2798 4440 2862 4486 H.

674 4589 923 4653 provehi,
993 4592 1156 4650 atque
1228 4585 1359 4636 inde
1428 4585 1536 4635 alio
1604 4586 1830 4635 nomine
1932 4585 2196 4650 Bocking,
2218 4601 2261 4637 s.
2275 4602 2325 4637 v.

671 4658 940 4706 vocantur
962 4658 1205 4714 Impositi.
1269 4651 1540 4715 Ducange.
1599 4651 1697 4702 See
1720 4652 1833 4700 also
2005 4666 2115 4702 120.
2148 4650 2324 4715 Maro]
2360 4656 2480 4702 Aen.
2506 4665 2553 4713 3.
2578 4650 2660 4713 56,
2687 4664 2731 4711 7.
