3355 5380
670 353 786 408 294
1356 347 1735 409 LETTERS
1790 348 1899 408 OF
1955 347 2356 410 ERASMUS
2876 343 2934 427 [1
2951 365 3069 422 500

666 504 884 582 adagio
936 504 1147 581 aliquo
1194 503 1590 578 condiretur;
1652 503 2009 565 Politianus
2057 503 2475 565 Miscellaneis
2520 505 2667 579 suis,
2710 504 2791 563 in
2841 503 3071 581 quibus

665 602 830 663 nihil
877 622 1005 662 non
1050 605 1339 662 exactum
1388 605 1452 662 et
1501 601 1747 681 insigne
1791 602 1993 663 voluit
2036 603 2250 678 videri,
2300 603 2669 680 neutiquam
2715 602 3072 663 miscuisset

665 701 957 778 pleraque
984 699 1327 778 prouerbia,
1354 700 1408 760 si
1437 701 1502 761 id
1531 701 2105 779 grammatistarum
2132 700 2454 780 negotium
2482 721 2616 761 esse
2642 701 3066 762 iudicauimet.

747 799 989 860 Verum
1017 819 1098 859 ne
1127 799 1377 876 longius
1404 798 1754 876 catalogum
1781 798 2107 876 proferam,
2130 800 2254 859 huc
2282 800 2488 859 omnis
2514 799 2630 860 hec
2657 803 2790 860 tam
2807 799 3069 859 verbosa

547 927 638 977 14⁵
664 897 941 958 recensio
988 899 1245 975 spectat,
1292 899 1366 958 vt
1419 897 1680 974 quisque
1732 899 2057 959 auctorum
2110 897 2599 975 exquisitissime
2654 896 2921 975 scripsit,
2981 896 3070 958 ita

664 997 1122 1074 paroemiarum
1170 1015 1359 1072 quam
1406 997 1749 1056 maximam
1793 1015 2010 1057 curam
2058 995 2364 1069 habuisse,
2412 1016 2491 1056 ne
2536 1015 2652 1056 nos
2696 994 3068 1055 homunculi

666 1095 1158 1156 contemnendas
1203 1098 1584 1171 putaremus.
1670 1095 1762 1155 At
1816 1094 2129 1155 exorietur
2182 1095 2420 1155 interea
2471 1094 2674 1155 tristis
2719 1094 2812 1169 (vt
2865 1093 3068 1168 aiunt)

665 1193 1041 1270 Areopagita
1075 1192 1401 1271 quispiam,
1444 1193 1554 1270 qui
1591 1211 1658 1252 se
1697 1192 2125 1270 religiosulum
2158 1193 2356 1253 videri
2387 1193 2543 1255 velit
2578 1195 2643 1252 et
2680 1191 3062 1269 theologum,

666 1290 919 1367 quando
959 1291 1192 1351 bonam
1233 1289 1578 1368 theologiae
1619 1293 1863 1369 partem
1910 1291 1983 1351 in
2027 1290 2374 1368 superciliis
2412 1291 2620 1351 sedere
2661 1294 2909 1368 putant,
2949 1293 3067 1352 sta-

546 1415 640 1466 150
666 1389 908 1465 timque
933 1392 1157 1466 patrua
1182 1389 1587 1466 censorisque
1605 1408 1756 1449 voce
1781 1388 1967 1449 nobis
1995 1389 2358 1467 obstrepens
2392 1389 2631 1466 ‘Apage
2657 1389 2771 1450 sis'
2799 1389 3063 1466 inquiet,

671 1489 906 1563 ‘nugas
963 1487 1116 1547 istas
1178 1487 1490 1564 pueriles;
1544 1507 1660 1548 nos
1715 1507 1862 1547 cum
1918 1487 2078 1548 fucis
2131 1487 2490 1548 istiusmodi
2545 1487 2648 1547 vel
2702 1488 3067 1548 vniuersam

664 1585 1061 1646 rhethoricen
1117 1585 1283 1645 tanti
1338 1585 1598 1646 omnino
1652 1585 1919 1646 facimus
1974 1586 2192 1663 quanti
2247 1588 2357 1645 aut
2410 1585 2627 1645 asinus
2682 1604 2908 1646 aurum
2956 1592 3068 1647 aut

663 1685 868 1762 gallus
911 1683 1256 1761 iaspidem.'
1336 1684 1477 1760 Age
1522 1683 1842 1760 placemus
1882 1686 1946 1744 et
1990 1683 2108 1744 hoc
2153 1684 2488 1744 hominum
2533 1703 2749 1760 genus,
2797 1682 3069 1761 huicque

663 1781 1042 1859 obiurgatori
1097 1781 1267 1840 hunc
1329 1781 1398 1839 in
1453 1781 1716 1841 modum
1771 1781 2272 1860 respondeamus.
2364 1785 2378 1814 ‘
2395 1781 2466 1842 Si
2515 1784 2580 1841 te
2632 1781 3064 1842 rhethoricam

545 1909 636 1960 155
662 1881 984 1940 hominem
1027 1877 1223 1956 pudet
1261 1879 1577 1956 appellari,
1624 1882 1692 1939 at
1732 1881 1997 1957 sapiens,
2042 1883 2107 1940 at
2154 1879 2478 1957 theologus
2524 1883 2704 1958 optas
2742 1882 2883 1940 tum
2927 1900 3065 1942 esse

661 1980 802 2038 tum
849 1977 1069 2038 videri.
1157 1977 1278 2037 Fac
1327 1977 1583 2039 interim
1639 1978 1828 2055 (quod
1883 1998 2088 2051 nemo,
2144 1978 2246 2038 cui
2293 1979 2550 2055 quidem
2604 1981 2823 2056 pectus
2878 1979 3060 2056 sapit,

663 2075 880 2149 sensit)
913 2077 1224 2136 sermonis
1255 2094 1472 2136 curam
1509 2075 1675 2137 nihil
1714 2077 1790 2137 ad
1829 2096 1964 2137 rem
2002 2076 2347 2154 pertinere3
2397 2096 2620 2137 verum
2656 2077 2775 2137 hoc
2816 2097 3066 2155 prouer-

661 2172 908 2233 biosum
946 2173 1246 2234 orationis
1286 2192 1485 2250 genus
1527 2194 1656 2234 non
1692 2174 2042 2235 oratoribus
2077 2175 2188 2235 sed
2229 2175 2635 2251 sapientibus,
2679 2176 3061 2253 prophaetia,

661 2270 968 2349 theologis
1020 2272 1123 2331 vel
1184 2271 1509 2349 proprium
1564 2291 2055 2350 germanumque
2114 2293 2186 2333 ac
2245 2273 2554 2350 peculiare
2613 2294 2855 2352 semper
2919 2275 3057 2337 fuit.

544 2382 636 2432 160
663 2368 876 2446 Neque
909 2369 1168 2430 omnino
1208 2369 1381 2430 aliud
1423 2390 1500 2430 ex
1540 2372 1671 2430 tam
1713 2370 1934 2431 multis
1974 2374 2126 2432 sunt
2165 2371 2414 2449 sequuti
2443 2375 2688 2431 veteres
2725 2371 2820 2432 illi
2862 2375 3060 2448 σοφοί,

662 2487 817 2544 quos
869 2467 1115 2529 vtinam
1178 2488 1309 2528 non
1362 2469 1539 2529 tanto
1592 2468 1929 2530 interuallo
1984 2469 2293 2547 sapientia
2351 2488 2767 2546 sequeremur,
2826 2474 3065 2547 quanto

658 2563 1030 2643 loquacitate
1052 2567 1476 2644 precessimus.
1543 2566 1865 2627 Nimirum
1884 2567 1932 2627 ii
1950 2567 2255 2646 sapientie
2275 2567 2702 2645 progenitores
2722 2568 3069 2646 sophistica

659 2664 1024 2742 garrulitate
1062 2665 1129 2725 in
1162 2668 1415 2725 tantum
1458 2684 1586 2726 non
1629 2667 1780 2726 sunt
1823 2665 2113 2727 delectati
2153 2668 2225 2727 vt
2257 2666 2613 2727 veneranda
2646 2666 2758 2727 illa
2790 2666 3067 2744 philoso-

658 2764 844 2840 phiae
885 2764 1181 2843 mysteria
1221 2764 1614 2824 breuissimis
1649 2764 2026 2841 quibusdam
2064 2765 2301 2843 adagiis
2339 2765 2720 2838 incluserint,
2765 2766 3065 2826 nonnihil

539 2868 631 2934 165
657 2861 848 2922 etiam
883 2862 1278 2923 obscuritatis
1315 2862 1527 2922 dedita
1563 2882 1747 2940 opera
1790 2868 2199 2941 aspergentes,
2232 2862 2514 2923 adhibita
2545 2866 2656 2923 aut
2691 2864 3065 2942 metaphora

662 2963 771 3021 aut
815 2962 1182 3038 aenygmate
1218 2963 1327 3020 aut
1362 2960 1487 3020 alio
1523 2959 1589 3019 id
1616 2978 1816 3036 genus
1844 2961 2175 3021 schemate.
2264 2961 2476 3038 anue
2503 2981 2633 3020 non
2658 2962 2841 3022 aliter
2867 2981 3062 3039 quam

661 3057 738 3118 de
775 3059 1018 3135 tripode
1054 3059 1296 3136 prolata
1331 3059 1567 3136 passim
1602 3058 2076 3136 arripiebantur,
2108 3079 2337 3136 perque
2373 3059 2661 3119 omnium
2701 3080 2810 3121 ora
2848 3060 3065 3122 volita·

658 3156 828 3230 bant,
868 3156 1264 3217 cantionibus
1301 3156 1663 3233 vulgaribus
1705 3156 2195 3232 celebrabantur,
2237 3177 2351 3235 pro
2392 3158 2773 3235 templorum
2816 3159 3064 3219 foribus

659 3254 956 3332 inscripta
981 3252 1416 3329 visitabantur,
1441 3274 1670 3331 perque
1694 3274 1945 3315 omnem
1968 3256 2294 3317 Graeciam
2324 3256 2745 3316 marmoribus
2773 3259 2963 3335 atque
2989 3258 3061 3317 in

539 3373 631 3425 170
658 3372 760 3412 aes
802 3351 1001 3412 incisa
1038 3351 1304 3430 publicis
1354 3352 1784 3413 monumentis
1824 3352 2256 3414 seruabantur.
2339 3355 2476 3429 Quo
2524 3356 2602 3415 de
2641 3375 2868 3432 genere
2909 3361 3064 3417 sunt

656 3449 781 3522 illa,
807 3449 1034 3525 Ignem
1055 3450 1261 3527 gladio
1283 3470 1363 3510 ne
1381 3450 1582 3511 fodias
1608 3473 1624 3525 ;
1667 3450 1725 3509 N
1728 3470 1868 3511 osce
1884 3451 2157 3529 teipsum
2184 3474 2197 3526 ;
2236 3453 2561 3530 Optimum
2579 3453 3065 3515 condimentum

656 3547 896 3621 fames;
946 3548 1079 3621 Que
1119 3566 1309 3625 supra
1344 3567 1477 3623 nos,
1510 3548 1675 3608 nihil
1717 3548 1794 3608 ad
1833 3568 1965 3609 nos.
2052 3550 2156 3609 An
2200 3550 2318 3610 hoc
2356 3551 2581 3611 saltem
2620 3571 2749 3611 non
2780 3551 3067 3612 animad-

659 3645 922 3720 uertisti,
981 3645 1049 3705 in
1105 3645 1500 3706 Hebreorum
1554 3647 2040 3724 prophaetarum
2094 3649 2336 3709 arcanis
2393 3648 2625 3709 litteris
2680 3669 2809 3709 non
2863 3669 3066 3727 pauca

656 3742 876 3818 adagia
933 3747 996 3803 et
1057 3743 1435 3804 nominatim
1498 3744 1734 3818 referri,
1800 3748 2121 3824 totamque
2187 3747 2443 3807 illorum
2509 3748 2859 3807 orationem
2923 3768 3066 3825 pro·

538 3858 629 3911 175
656 3840 1037 3901 uerbialibus
1091 3841 1310 3918 figuris
1362 3844 1644 3903 scatere?
1712 3843 1909 3904 veluti
1972 3844 2355 3920 huiusmodi,
2415 3844 2651 3905 Baculo
2713 3844 3067 3906 arundineo

657 3938 988 4013 inniteris3
1033 3939 1267 4000 Linum
1296 3940 1614 4017 fumigans
1652 3960 1783 4001 non
1818 3943 2180 4021 extinguet;
2222 3943 2302 4003 In
2332 3943 2583 4003 foueam
2612 3944 2834 4003 incidit
2867 3963 3065 4022 quam

655 4036 840 4110 fecit;
897 4036 979 4097 In
1021 4039 1316 4114 laqueum
1357 4038 1580 4098 incidit
1625 4059 1815 4115 quem
1857 4041 2245 4115 tetenderat3
2299 4044 2362 4102 et
2403 4042 2469 4101 id
2509 4061 2708 4118 genus
2752 4040 3060 4104 bismille.

655 4136 762 4195 An
806 4155 932 4195 non
975 4135 1183 4213 legisti
1224 4134 1624 4196 Salomonem
1666 4156 1877 4213 regem
1917 4139 2071 4217 Tyri
2110 4139 2503 4217 philosophis
2545 4158 2622 4198 ex
2671 4139 2791 4199 hoc
2833 4159 3069 4218 genere

654 4234 717 4292 et
760 4234 1152 4310 proposuisse
1196 4233 1504 4306 nonnulla
1550 4236 1611 4294 et
1659 4234 1738 4294 ab
1782 4236 1911 4297 illis
1955 4238 2271 4315 proposita
2312 4238 2723 4298 dissoluisse?
2778 4239 2886 4299 An
2929 4258 3065 4300 non

539 4340 631 4390 180
653 4330 826 4390 illius
854 4331 1013 4404 libri,
1049 4351 1235 4409 quem
1265 4332 1616 4392 Salomonis
1648 4335 1974 4410 prouerbia
2003 4337 2352 4411 nominant,
2386 4335 2715 4397 altissimis
2740 4339 3069 4415 mysteriis

653 4429 867 4490 referti
915 4431 1018 4491 vel
1065 4430 1392 4508 inscriptio
1438 4431 1574 4509 ipsa
1617 4434 1962 4494 commouit
2015 4454 2294 4511 vnquam
2342 4436 2654 4513 legentem
2672 4437 2704 4496 Ῥ
2772 4437 2882 4497 An
2930 4457 3068 4499 non

655 4528 1064 4590 Ecclesiastae
1085 4548 1272 4606 quem
1294 4531 1521 4590 vocant
1546 4532 1609 4590 et
1631 4530 1786 4591 item
1815 4531 2073 4592 alterius
2102 4553 2289 4610 quem
2311 4533 2820 4595 Ecclesiasticum
2841 4534 3071 4599 dicunt

1205 4654 1312 4700 174.
1349 4641 1590 4692 oratione
1612 4647 1631 4688 ἱ
1654 4659 1686 4688 α
1708 4659 1721 4690 :
1754 4643 1997 4692 oratione
2018 4649 2039 4691 ῑ
2059 4659 2176 4693 corr.
2203 4646 2240 4698 β
2256 4659 2516 4703 mam.
