3355 5380
281 410 386 467 151
405 391 466 474 1]
942 394 1051 456 'ro
1105 395 1494 457 ANDREW
1547 397 2016 459 AMMONIUS
2560 402 2677 460 495

357 549 536 624 Quod
586 551 850 612 Romam
879 497 1184 613 'relictam
1234 552 1532 631 deploras,
1586 551 1738 632 quid
1789 554 2016 614 attinet
2064 553 2266 615 vndas
2320 555 2681 632 praeteritas

272 666 606 709 numerare
621 652 655 709 ⁴?
723 649 895 711 δεῖτὸ
921 653 1102 728 παρὸν
1128 651 1188 711 εὖ
1213 651 1486 712 τίθεσθαι.
1545 652 1747 712 Porro
1775 671 1886 712 cur
1911 652 2025 730 pili
2054 653 2244 711 λευκοὶ
2270 654 2335 712 te
2362 655 2683 731 tantopere

271 745 550 807 crucient
591 747 805 809 videor
852 748 1013 810 mihi
1041 749 1492 827 propemodum
1539 748 1809 811 ariolari.
1880 748 2110 811 Metuis
2149 750 2498 827 puellarum
2546 771 2683 812 con·

271 844 525 921 uicium,
574 866 612 905 o
658 867 848 924 quam
902 848 1190 909 acerbum
1237 851 1304 908 et
1356 849 1540 926 plane
1590 851 1693 924 τῆς
1732 848 1956 925 κραδίης
1995 848 2305 926 δηκτήριον.
2388 849 2473 909 Et
2513 852 2576 910 te
2618 855 2681 911 et

271 942 795 1005 Vuintoniensem
821 965 964 1006 amo
989 947 1412 1021 meritissimo,
1446 949 1510 1006 te
1537 947 1649 1024 qui
1676 949 1808 1007 tam
1836 947 2033 1007 amice
2060 966 2195 1007 rem
2224 966 2431 1008 meam
2457 949 2674 1025 egeris,
2708 974 2769 1025 ²5

272 1040 462 1101 illum
511 1041 621 1119 qui
668 1046 798 1104 tam
847 1045 1129 1122 impense
1177 1045 1398 1106 faueat.
1487 1045 1610 1106 Sed
1660 1064 1809 1106 caue
1852 1065 2071 1122 vrgeas
2118 1046 2251 1106 vllo
2294 1047 2495 1107 modo.
2587 1048 2680 1108 De

272 1139 558 1201 eubiculo
593 1144 844 1203 tantum
883 1146 1093 1221 optem
1131 1142 1352 1203 nidum
1390 1142 1666 1221 aliquem
1707 1142 1898 1220 probe
1934 1144 2262 1204 defensum
2296 1162 2335 1202 a
2358 1143 2585 1220 ventis,
2616 1148 2678 1205 et

270 1238 407 1298 foco
433 1237 790 1315 luculento;
831 1241 1072 1302 victum
1100 1260 1274 1301 more
1299 1240 1487 1301 solito
1513 1241 1976 1302 adornabimus,
2062 1240 2167 1302 Ad
2194 1243 2446 1318 tempus
2477 1242 2680 1302 nolim

269 1340 336 1399 te
369 1338 545 1416 loqui
579 1339 909 1416 quiequam
948 1340 1062 1401 hac
1101 1340 1179 1400 de
1215 1359 1323 1414 re;
1363 1343 1581 1400 tamen
1617 1339 1675 1399 si
1713 1339 1862 1416 quid
1900 1339 2194 1413 effeceris,
2229 1339 2423 1400 velim
2461 1359 2681 1417 cogno·

269 1454 438 1496 scere
475 1456 634 1497 num
662 1456 841 1498 meus
875 1438 1201 1499 Mecoenas
1225 1438 1552 1499 resoluerit
1592 1437 1824 1516 viginti
1867 1438 2107 1499 nobiles
2149 1437 2294 1499 illos
2319 1437 2678 1515 Bernardo;
2707 1468 2770 1517 30

270 1554 427 1612 quae
472 1555 570 1594 res
611 1536 759 1596 facit
802 1537 876 1596 vt
901 1535 1195 1596 nonnihil
1241 1535 1611 1597 abhorream
1653 1556 1693 1597 a
1735 1536 2040 1611 Londin0‚
2087 1536 2317 1614 quippe
2360 1537 2469 1615 qui
2515 1536 2679 1598 nihil

268 1632 510 1694 oderim
536 1653 731 1710 aeque
758 1637 946 1712 atque
973 1635 1292 1713 appellari.
1374 1635 1613 1695 Tamen
1642 1634 1722 1695 de
1749 1635 1935 1695 domo
1964 1634 2175 1695 licebit
2204 1654 2349 1695 cum
2377 1655 2452 1696 eo
2476 1655 2671 1714 agere,

268 1730 326 1790 si
352 1732 511 1792 forte
537 1732 845 1793 inciderit.

352 1829 498 1890 Misi
531 1830 988 1892 nudiustertius
1025 1832 1310 1910 lagenam
1347 1851 1475 1892 vna
1511 1850 1655 1891 cum
1696 1830 1895 1891 literis
1929 1831 2332 1891 breuissimis.
2445 1833 2679 1909 Accepi

268 1925 483 1989 literas
525 1932 669 1990 tuas
710 1929 909 2004 binas,
956 1930 1036 1990 ad
1080 1949 1234 2008 quas
1276 1930 1380 1990 his
1423 1929 1622 1990 vnicis
1664 1930 2020 2007 respondeo.
2108 1930 2285 2006 Quod
2331 1930 2399 1990 ni
2442 1950 2545 1990 me
2589 1931 2677 1991 sic
2704 1954 2763 2005 35

271 2027 589 2102 torqueret
618 2027 1062 2106 Hieronymus,
1097 2049 1226 2089 non
1263 2028 1468 2088 solum
1505 2028 1848 2102 versiculis,
1881 2029 1990 2089 sed
2028 2029 2213 2089 iustis
2247 2029 2679 2090 voluminibus

270 2126 480 2185 tecum
507 2145 772 2204 agerem.
859 2126 1097 2187 Verum
1126 2127 1297 2187 intra
1321 2125 1536 2187 decem
1563 2128 1697 2187 dies
1725 2126 2049 2188 absoluere
2076 2147 2380 2187 mensem.
2469 2128 2677 2189 Bouil-

268 2221 373 2282 lus
398 2223 476 2282 ad
503 2227 567 2284 te
593 2224 858 2301 scripsit.
921 2225 992 2287 Si
1019 2225 1181 2286 forte
1207 2224 1440 2285 videris
1467 2224 1756 2286 Coletum
1784 2229 1850 2286 et
1877 2228 2015 2286 orta
2042 2226 2230 2285 fuerit
2257 2226 2499 2286 mentio
2524 2225 2668 2300 mei,

269 2319 424 2382 offer
458 2342 709 2399 operam
750 2325 945 2399 tuam,
978 2324 1033 2383 si
1074 2322 1224 2401 quid
1266 2323 1424 2383 velit
1461 2323 1538 2384 ad
1580 2344 1686 2384 me
1726 2323 2009 2385 scribere.
2096 2324 2359 2398 Sixtin0,
2390 2325 2445 2385 si
2486 2324 2675 2385 fuerit

269 2419 510 2492 obuius,
537 2421 709 2482 dices
735 2421 912 2481 illius
936 2420 1155 2483 literas
1181 2421 1342 2481 mihi
1369 2422 1554 2499 longe
1580 2421 1971 2499 gratissimas
1996 2422 2202 2482 fuisse.
2283 2423 2443 2483 Mihi
2470 2424 2674 2483 adhuc
2702 2449 2766 2498 40

266 2523 508 2598 septem
551 2524 662 2581 aut
706 2523 845 2580 octo
891 2520 1025 2581 dies
1060 2520 1130 2579 in
1166 2520 1284 2580 hoe
1323 2519 1590 2598 pistrino
1637 2520 2012 2594 sudandum,
2045 2524 2185 2580 tum
2230 2521 2419 2581 ociosi
2462 2521 2676 2581 iucun-

267 2618 525 2679 dissime
564 2618 1092 2697 congerrabimur.
1174 2619 1346 2694 Vale,
1386 2618 1585 2680 amice
1620 2619 1816 2679 vnice.
1906 2618 2351 2697 Cantabrigiae.
2440 2619 2673 2695 Quarto

268 2737 465 2778 nonas
507 2717 828 2779 Decembr.

351 2816 582 2893 Scripsi
629 2821 693 2877 et
733 2817 961 2878 alteras
1003 2818 1081 2877 ad
1121 2821 1186 2877 te
1235 2817 1461 2890 literas,
1502 2836 1655 2895 quas
1709 2818 1933 2892 opinor
1990 2816 2301 2877 Gerardus
2357 2817 2670 2894 quispiam

268 2915 605 2992 bibliopola
633 2915 748 2976 tibi
775 2915 1064 2976 reddidit.
1156 2911 1473 2996 [maxa]
2698 2942 2759 2992 ⁴5

760 3104 1058 3190 ²⁴⁸249250
1149 3104 1350 3170 Fssou
1396 3106 1718 3170 Anmmw
1763 3104 2172 3171 Aumomns.

341 3217 592 3288 Farrago
618 3235 675 3286 p.
702 3231 824 3287 209.
2192 3214 2447 3270 London.

342 3303 402 3360 F.
426 3323 484 3375 p.
511 3318 645 3373 341:
685 3302 821 3359 HN:
859 3303 1037 3361 Lond.
1061 3303 1175 3360 viii.
1209 3321 1299 3360 12:
1339 3303 1592 3373 LB.132.
2049 3315 2076 3372 5
2106 3301 2418 3359 December
2447 3317 2573 3374 1511

788 3426 1110 3474 ANDBEAS
1157 3425 1528 3474 AMMONIVS
1572 3424 1851 3474 ERASMO
1897 3424 2048 3473 RO'r.
2096 3426 2151 3474 S.

347 3532 551 3592 Irus
590 3532 863 3606 tandem,
896 3531 1172 3605 Erasme‚
1206 3533 1393 3591 tuum
1419 3529 1835 3590 Ammonium
1874 3527 2054 3588 ludos
2090 3531 2152 3588 et
2190 3528 2440 3589 delitias
2472 3528 2622 3589 facis
2638 3531 2671 3591 ⁴?

268 3630 529 3705 Quaeris
567 3630 715 3708 quid
759 3629 842 3689 sit
885 3630 953 3689 in
996 3650 1119 3707 quo
1165 3649 1293 3690 non
1335 3629 1554 3690 stadiis
1594 3629 1817 3689 multis
1859 3628 2194 3688 Erasmum
2240 3648 2669 3705 praecurram;

265 3728 433 3789 infra
471 3748 659 3806 quem
698 3729 802 3789 vel
853 3730 1107 3789 centum
1147 3728 1509 3807 parasangis
1549 3727 1827 3805 positum
1868 3746 1971 3786 me
2012 3746 2146 3786 esse
2191 3747 2317 3787 non
2359 3726 2663 3805 ignorem.

267 3827 388 3888 Sed
417 3826 471 3886 si
500 3830 752 3903 possent
781 3826 993 3886 omnia
1020 3827 1378 3903 permutari,
1410 3828 1553 3886 faxo
1592 3828 1874 3886 actutum
1914 3824 2077 3903 quod
2108 3826 2294 3885 modo
2321 3826 2413 3885 ais
2441 3847 2666 3904 neges;

265 3946 418 3987 nam
456 3925 771 4003 extemplo
807 3924 884 3985 ad
924 3925 1442 4001 permutationem
1481 3929 1544 3984 te
1579 3943 1999 4002 prouocarem.
2107 3923 2249 3983 Iam
2285 3925 2666 3986 Pontificatu
2696 3948 2723 3997 5

331 4059 443 4107 248.
485 4056 566 4104 98.
601 4058 671 4105 P:
708 4054 776 4103 ad
799 4056 1028 4117 tempus.
1085 4054 1248 4103 Nolui
1269 4057 1329 4103 Ε.
1561 4069 1643 4118 35.
1680 4055 1855 4104 vnicis
1877 4053 2021 4105 EN’:
2060 4055 2185 4104 vnis
2206 4054 2344 4106 HN'.
2583 4070 2667 4117 45.

264 4135 461 4172 mmm
482 4125 596 4171 add.
622 4124 688 4169 H.
887 4122 999 4171 249.
1019 4134 1068 4182 5.
1107 4120 1437 4169 Pontificatu
1461 4124 1536 4169 E:
1571 4120 1861 4170 Pontificio
1880 4125 1947 4169 H.

331 4242 444 4290 248.
457 4254 541 4301 30.
559 4236 861 4301 Bernardo]
876 4235 1144 4286 Andreae.
1185 4236 1409 4299 Cf.Epp.
1515 4236 1694 4297 seller,
1751 4237 1888 4285 with
1946 4238 2127 4286 whom
2178 4236 2435 4285 Erasmus
2484 4237 2663 4284 subse·

265 4319 377 4366 943.
405 4320 472 4366 59
492 4320 547 4355 n.
570 4303 681 4352 and
706 4317 821 4364 954.
847 4317 871 4349 1
893 4318 948 4353 n.
1515 4302 1746 4365 quently
1761 4301 1951 4365 lodged
1969 4301 2161 4364 (Lond.
2186 4303 2242 4350 ii.
2268 4317 2328 4350 10
2350 4318 2362 4349 ε
2395 4302 2500 4351 LB.
2526 4303 2662 4363 148).

331 4384 411 4431 34.
452 4368 652 4434 literis]
689 4368 1003 4431 Seemingly
1038 4368 1178 4428 lost;
1211 4368 1278 4417 cf.
1314 4368 1408 4431 Ep.
1516 4367 1585 4415 1n
1619 4368 1716 4416 the
1751 4382 1992 4416 summer
2016 4368 2078 4417 of
2110 4381 2231 4428 1517
2263 4366 2520 4416 Erasmus
2553 4370 2663 4415 met

268 4450 381 4497 949.
409 4450 492 4497 5ο,
522 4449 567 4484 1.
1515 4432 1632 4482 him
1673 4436 1730 4482 at
1770 4436 2048 4496 Antwerp.
2120 4433 2200 4481 Cf.
2239 4432 2344 4480 LB.
2389 4431 2531 4494 App.
2565 4433 2664 4494 963

330 4502 412 4563 3⁶.
446 4499 838 4564 Hieronymus]
863 4499 943 4551 cf.
968 4500 1065 4564 Ep.
1093 4513 1208 4561 945.
1233 4515 1264 4560 4
1288 4514 1342 4548 n.
1514 4498 1652 4548 with
1700 4498 1807 4548 LB.
1853 4500 1925 4549 ix.
1978 4514 2088 4560 17⁴
2132 4497 2242 4546 and
2287 4510 2409 4545 200.
2482 4497 2569 4545 He
2617 4499 2663 4545 is

333 4581 414 4627 4ο.
453 4565 640 4614 literas
692 4566 786 4629 Ep.
809 4579 922 4626 944.
1513 4564 1776 4628 probably
1792 4568 1849 4613 to
1865 4565 1930 4614 be
1954 4564 2239 4613 identified
2258 4563 2395 4612 with
2424 4563 2659 4624 ‘Garret,

332 4648 413 4693 44.
450 4565 665 4693 literas}
685 4630 818 4694 Epp.
839 4646 954 4693 945,
972 4632 1023 4679 6.
1515 4644 1616 4678 our
1684 4628 2101 4693 bookebynder,'
2162 4628 2401 4677 referred
2467 4633 2524 4677 to
2590 4630 2663 4691 by

399 4694 692 4757 Gerar-dus]
761 4697 812 4744 A
870 4695 1191 4760 Cambridge
1257 4695 1411 4745 book·
1514 4695 1788 4757 Ascham3
1820 4696 1886 4746 cf.
1912 4694 2008 4757 Ep.
2035 4709 2131 4756 974
2157 4694 2355 4743 introd.
