3355 5380
681 397 761 453 40
1381 389 1760 452 LETTERs
1813 388 1923 450 or
1974 376 2372 451 ERA‘SMUS
2878 384 3085 470 [1520

759 546 989 607 Omnia
1015 566 1171 625 quae
1197 548 1502 609 vertimus
1528 569 1563 607 e
1591 547 1944 623 Plutarcho,
1981 568 2247 626 quorum
2282 546 2452 609 tituli
2484 550 2634 609 sunt
2661 548 2762 608 hi:

839 646 934 707 De
962 645 1316 707 discrimine
1341 646 1682 707 adulatoris
1708 646 1772 706 et
1795 646 1996 707 amici.

839 744 973 818 Quo
1001 748 1179 822 pacto
1202 743 1400 821 possit
1424 743 1666 804 vtilitas
1692 745 1825 821 capi
1856 765 1932 805 ex
1961 745 2232 806 inimico·

842 842 936 901 De
964 841 1194 902 tuenda
1219 841 1384 902 bona
1412 841 1785 902 valetudine.

618 968 645 1018 5
838 940 1118 1018 Principi
1146 940 1416 1000 maxime
1442 939 2032 1018 philosophandum.

836 1039 945 1098 An
970 1039 1280 1115 grauiores
1305 1038 1437 1099 sint
1463 1038 1663 1098 animi
1690 1038 1893 1099 morbi
1921 1058 2108 1116 quam
2133 1037 2424 1116 corporis.

837 1136 931 1197 De
957 1136 1297 1213 cupiditate
1321 1134 1706 1196 diuitiarum.

838 1233 1009 1294 Num
1038 1236 1201 1293 recte
1229 1233 1468 1293 dictum
1497 1233 1576 1293 ab
1605 1233 1890 1311 Epicuro,
1926 1234 2067 1294 λάθε
2092 1235 2327 1311 βιώσας.

755 1330 982 1393 Morias
1025 1331 1420 1404 Encomium‚
1469 1331 1578 1408 qui
1633 1331 1887 1392 libellus
1942 1332 2030 1392 sic
2085 1337 2356 1410 nugatur
2395 1337 2465 1395 vt
2508 1334 2667 1395 seria
2709 1335 2935 1409 doceat,
2989 1357 3090 1396 ne

588 1460 646 1496 ιο
834 1430 1081 1491 mireris
1106 1429 1458 1490 admixtum
1484 1429 1634 1490 huic
1663 1429 1885 1490 ordini.

753 1524 1176 1607 Panegyricus
1217 1527 1535 1605 gratulans
1562 1528 1856 1606 Philippo
1893 1529 2095 1590 Caroli
2122 1530 2398 1591 Caesaris
2433 1532 2597 1610 patri
2633 1553 2710 1593 ex
2741 1533 3088 1610 Hispaniis

834 1625 1062 1687 reduci.

753 1723 1081 1784 Institutio
1111 1724 1426 1801 Principis
1452 1724 1806 1799 christiani,
1841 1726 1917 1786 ad
1947 1726 2238 1788 Carolum
2268 1728 2611 1791 Caesarem.

751 1822 1059 1882 Isocrates
1086 1821 1163 1882 de
1191 1842 1400 1900 regne,
1434 1823 1512 1883 ad
1539 1824 1828 1884 eundem.

584 1948 641 2000 15
752 1920 1105 1982 Consolatio
1133 1921 1210 1982 de
1237 1923 1436 1981 morte
1463 1921 1597 1981 filii.

751 2018 1150 2094 Querimonia
1176 2018 1360 2096 pacis·

752 2116 1052 2194 Dialogus
1078 2117 1405 2179 charontis
1435 2119 1500 2177 et
1524 2117 1853 2178 Alastoris.

752 2206 1025 2276 Carmen*
1047 2214 1126 2273 de
1152 2216 1469 2275 senectute
1498 2215 1576 2275 ad
1605 2216 1848 2293 Copum
1877 2218 2207 2279 medicum.

751 2312 1112 2373 Paraenesis
1137 2312 1217 2373 ad
1243 2312 1609 2391 Adolphum
1638 2316 1776 2373 tum
1804 2336 2085 2393 puerum,
2117 2318 2462 2397 principem
2490 2319 2870 2381 Veriensem.

584 2440 645 2478 20
753 2412 845 2471 De
874 2414 1073 2471 morte
1102 2411 1326 2486 subita,
1360 2412 1437 2471 ad
1467 2411 1769 2473 Iodocum
1801 2414 2154 2477 Gauerium.

749 2510 895 2572 Huc
940 2510 1256 2588 pertinent
1291 2509 1506 2570 Officia
1543 2510 1858 2572 Ciceronis
1897 2532 1934 2573 a
1975 2514 2155 2575 nobis
2195 2518 2525 2594 recognita,
2571 2518 2963 2595 argumentis
3006 2526 3072 2583 et

832 2608 1087 2670 scholiis
1115 2608 1436 2669 illustrata.

753 2708 917 2785 Quid
980 2711 1191 2769 autem
1246 2707 1677 2784 Catunculum,
1740 2710 1972 2771 Mimos
2040 2712 2380 2775 Publianos
2446 2714 2805 2794 reliquaque
2877 2717 3086 2779 huius

830 2806 1075 2885 generis
1114 2808 1281 2866 vetat
1323 2806 1445 2866 huc
1485 2806 1872 2886 adiungere?

583 3025 641 3076 ²5
751 2996 1021 3072 Quintus
1048 2996 1427 3058 attribuatur
1453 2998 1552 3058 his
1580 3019 1736 3075 quae
1764 2999 2104 3062 instituunt
2132 3003 2209 3063 ad
2236 3003 2555 3080 pietatem.

751 3095 930 3154 Inter
955 3095 1103 3155 haec
1131 3099 1261 3154 est:

831 3187 1242 3247 Enchiridion
1271 3187 1495 3247 militis
1523 3189 1881 3252 Christiani.

831 3284 1115 3362 Epistola
1139 3286 1216 3345 ad
1246 3285 1514 3345 Paulum
1541 3286 1849 3362 Volzium,
1884 3289 2172 3351 abbatem
2203 3291 2494 3372 Hugonis
2520 3295 2757 3357 Curiae.

830 3381 1159 3443 Methodus
1213 3402 1394 3442 verae
1450 3384 1812 3464 theologiae,
1861 3409 1937 3448 ex
1982 3389 2293 3453 aeditione
2339 3395 2486 3455 anni
2535 3412 2692 3475 1523
2739 3397 2903 3474 apud
2954 3399 3080 3459 Mi-

580 3515 643 3564 30
913 3479 1190 3542 chaelem
1233 3481 1607 3544 Hillenium.

831 3577 1185 3639 ParaclesiS.

831 3676 1315 3755 Exomologesis,

830 3775 1285 3836 Commentarii
1313 3775 1382 3836 in
1410 3777 1718 3854 Psalmos,
1750 3780 2028 3858 primum
2057 3786 2119 3844 et
2148 3788 2507 3848 secundum.

836 3873 1236 3952 Paraphrasis
1262 3875 1331 3934 in
1359 3875 1693 3938 Psalmum
1722 3880 1980 3942 tertium
2006 3882 2085 3942 ad
2115 3883 2512 3946 Viandalum.

579 4002 640 4054 35
832 3972 1338 4034 Commentarius
1367 3970 1817 4055 in[Epistolam
1847 3980 1925 4039 ad
1955 3980 2284 4043 Romanos.

828 4070 1235 4148 paraphrasis
1264 4071 1330 4131 in
1359 4071 1791 4136 Precationem
1819 4077 2235 4141 Dominicam.

828 4169 1328 4230 Commentarius
1354 4169 1425 4231 in
1453 4171 1608 4232 duos
1636 4174 1909 4251 hymnos
1937 4176 2279 4239 Prudentii.

828 4265 1057 4327 Concio
1083 4267 1160 4327 de
1189 4287 1380 4345 puero
1408 4267 1575 4331 Iesu.

828 4361 1059 4424 Concio
1087 4365 1163 4424 de
1191 4364 1604 4428 misericordia
1633 4370 1892 4432 domini.

574 4499 641 4549 40
828 4462 1222 4539 Comparatio
1250 4464 1635 4543 virginitatis
1661 4472 1727 4528 et
1752 4472 2056 4549 martyrii,
2089 4473 2168 4534 ad
2197 4473 2474 4553 virgines
2502 4476 2922 4539 Colouieuses,

830 4560 1266 4637 Expostulatio
1295 4562 1454 4640 Iesu,
1489 4567 1776 4628 carmine.

829 4660 983 4721 Casa
1010 4661 1305 4722 natalitia.
