3355 5380
265 340 450 425 1501]
1099 345 1207 410 το
1255 345 1538 410 JAMES
1591 346 1819 411 ΒΑΤΤ
2212 301 2217 308 ’
2535 356 2669 410 349·

253 518 416 562 rum.
522 500 873 563 oblectabit
919 502 1324 566 solitudinem
1365 508 1557 580 tuam,
1603 505 1862 568 habebis
1900 507 2000 568 cui
2042 506 2229 584 legas,
2281 506 2538 585 quicum
2576 509 2653 568 de
2676 520 2741 583 85

255 598 460 659 literis
521 599 775 676 garrias,
822 600 1076 678 quicum
1133 605 1447 679 postremo
1488 605 1552 663 te
1594 622 1909 678 exerceas;
1964 624 2153 683 quare
2192 605 2270 666 de
2309 608 2482 666 veste
2521 625 2653 666 non

250 696 509 774 quidem
566 716 795 775 pugno,
849 700 955 759 sed
1013 703 1223 760 tamen
1275 701 1329 760 si
1387 701 1645 776 dederis,
1702 701 1917 763 feceris
1972 702 2404 780 gratissimum
2457 723 2658 782 neque

257 794 569 873 iniquum.
656 795 828 859 Vale.

339 892 650 954 Luteciae.
696 897 868 955 sexto
890 895 1195 957 calendas
1217 896 1598 958 Februarias.
1712 893 1931 978 [Anno
1956 916 2202 960 mcccc.
2216 896 2413 981 xeun]

817 1044 961 1109 147.
1044 1042 1142 1112 To
1187 1044 1477 1110 ANTONY
1525 1063 1608 1110 or
1652 1044 2108 1112 Lnxsmsuac.

331 1162 579 1233 Farrago
604 1179 658 1231 p.
685 1163 808 1220 266.
2196 1165 2371 1225 Paris.

277 1317 280 1318 ⁷
333 1249 395 1305 F.
422 1267 478 1320 p.
505 1251 638 1319 384:
678 1248 814 1303 HN:
853 1249 1023 1306 Lond.
1051 1249 1130 1307 ix.
1165 1253 1263 1308 16:
1301 1250 1414 1307 LB.
1442 1265 1529 1322 25.
1971 1266 2041 1320 27
2067 1251 2325 1325 January
2351 1252 2586 1327 (1501).

635 1373 930 1437 [Identical
954 1375 1016 1424 in
1038 1372 1247 1437 subject
1268 1374 1406 1424 with
1429 1373 1528 1436 Ep.
1557 1388 1666 1437 137,
1692 1373 1803 1424 and
1828 1374 2097 1424 therefore
2122 1376 2293 1443 ¹50¹]

670 1504 984 1555 ERASMVS
1028 1506 1337 1556 ANTONIO
1378 1506 1875 1555 LVTZENBVRGO
1919 1506 2045 1556 SVO
2090 1508 2139 1555 S.
2184 1507 2249 1559 D.
2344 1509 2345 1512 ’

343 1644 499 1704 Em
566 1644 726 1706 mihi
790 1647 998 1706 tecum
1052 1664 1500 1722 perpaucorum
1553 1644 1798 1705 dierum
1852 1645 2236 1707 consuetudo
2289 1646 2658 1725 intercessit,

259 1742 505 1804 Antoni
556 1742 1028 1818 humanissime,
1067 1746 1280 1804 tamen
1322 1742 1529 1804 nescio
1570 1742 1878 1821 quomodo
1918 1743 2096 1804 fatali
2141 1746 2413 1823 quodam
2453 1766 2663 1808 amore

259 1861 408 1920 erga
425 1846 494 1902 te
515 1841 721 1915 ducor,
749 1841 912 1901 mihi
939 1841 1132 1916 crede,
1157 1860 1286 1903 non
1312 1841 1494 1902 aliter
1512 1860 1702 1919 quam
1730 1860 1768 1901 a
1793 1844 2082 1918 magnete
2108 1841 2346 1904 ferrum
2373 1844 2667 1922 trahitur,

260 1941 532 2021 adeoque
561 1937 914 2000 incredibili
940 1938 1035 2000 tui
1070 1959 1281 2000 amore
1311 1939 1523 2017 flagro,
1556 1941 1629 1999 vt
1665 1939 1932 2001 Battum
1968 1939 2178 2016 ipsum
2214 1961 2406 2024 quam
2439 1945 2501 2004 te
2537 1964 2675 2005 non·

259 2057 469 2099 amem
498 2037 796 2110 effusius3
838 2056 1022 2114 quem
1049 2040 1263 2098 tamen
1299 2037 1539 2115 meipso
1572 2037 1766 2098 etiam
1801 2037 1946 2116 plus
1981 2036 2191 2115 diligo,
2276 2038 2491 2117 Neque
2517 2062 2666 2105 vero
2692 2059 2721 2109 5

261 2137 503 2208 dubito,
524 2135 616 2196 mi
636 2135 903 2211 Antoni,
926 2134 1078 2215 quin
1100 2139 1322 2196 mutuo
1348 2135 1411 2196 id
1432 2134 1655 2196 faciam
1669 2157 1699 2210 3.
1721 2135 1815 2195 ita
1828 2134 2167 2214 benignam
2186 2140 2364 2198 tuam
2391 2138 2666 2200 indolem

260 2240 323 2295 et
351 2234 637 2295 animum
664 2233 743 2294 ad
772 2234 1269 2312 complectendos
1303 2234 1536 2295 amicos
1561 2251 1957 2310 propensum,
1989 2253 2188 2314 quum
2225 2234 2366 2296 istic
2401 2257 2667 2316 agerem,

262 2332 489 2394 multis
517 2332 720 2394 modis
744 2332 1047 2411 perspexi.

277 2493 280 2496 ,
345 2433 440 2492 De
488 2432 658 2492 statu
705 2434 919 2491 nostro
958 2430 1016 2490 si
1062 2431 1239 2509 cupis
1284 2449 1666 2510 cognoscere,
1714 2429 1973 2490 Aurelia
2019 2430 2234 2492 relicta
2278 2431 2347 2493 in
2391 2438 2669 2495 veterem

263 2534 551 2591 nostram
600 2529 921 2590 Luteciam
947 2529 1442 2607 remigrauimus,
1474 2531 1648 2606 peste
1685 2526 1973 2589 videlicet
1999 2548 2154 2607 quae
2190 2549 2306 2590 nos
2342 2531 2671 2611 fugauerat
2695 2550 2755 2587 ιο

260 2630 559 2690 extincta.
645 2627 740 2688 De
768 2626 989 2688 Disma
1012 2626 1210 2688 malui
1235 2626 1316 2687 ad
1343 2629 1409 2687 te
1433 2645 1622 2706 quam
1649 2626 1729 2687 ad
1755 2625 2071 2686 Abbatem
2097 2627 2387 2704 scribere,
2417 2633 2560 2690 tum
2589 2648 2674 2690 ne

263 2728 502 2789 librum
551 2727 666 2802 illi,
719 2746 851 2787 non
878 2726 1225 2803 epistolam,
1276 2725 1523 2786 misisse
1569 2725 1828 2800 viderer,
1873 2727 2013 2806 tum
2060 2727 2134 2784 vt
2179 2726 2293 2785 hac
2334 2726 2404 2786 in
2450 2746 2515 2787 re
2560 2731 2677 2789 tua

263 2846 515 2905 quoque
552 2824 870 2898 autoritas,
915 2844 1035 2902 qua
1074 2824 1246 2885 vales
1289 2824 1453 2901 apud
1495 2822 1811 2884 Abbatem
1850 2821 2217 2899 plurimum,
2261 2823 2676 2888 adolescentis

262 2924 490 3003 optimi
517 2922 708 2984 saluti
727 2923 1183 3001 suffragaretur.
1262 2921 1443 2996 Nam,
1468 2921 1631 2981 mihi
1657 2922 1850 2995 crede,
1874 2920 2136 2995 Antoni,
2160 2921 2217 2982 si
2234 2921 2386 2999 quid
2413 2923 2674 3003 omnino

264 3022 485 3098 credis,
515 3042 644 3083 non
686 3022 955 3082 scribam
996 3040 1213 3100 nugas,
1245 3021 1353 3082 sed
1394 3040 1551 3100 quae
1589 3038 1963 3097 magnopere
2003 3020 2082 3081 ad
2115 3018 2370 3082 Dismae
2403 3023 2671 3084 salutem
2700 3044 2762 3095 15

264 3122 578 3201 pertinere
621 3120 1190 3199 compertissimum
1243 3118 1524 3179 habeam.
1625 3118 1847 3196 Itaque
1899 3118 2199 3196 quoniam
2252 3137 2352 3179 res
2404 3118 2675 3180 Abbatis

265 3239 451 3281 curae
491 3219 612 3280 tibi
653 3238 787 3280 esse
827 3218 973 3295 scio,
1012 3217 1340 3295 negocium
1379 3218 1497 3277 hoc
1537 3214 1977 3277 attentissimis
2011 3214 2267 3277 auribus
2307 3216 2571 3294 accipies
2609 3221 2677 3278 et

263 3317 578 3380 adiutabis
602 3317 950 3395 diligenter.
1038 3314 1355 3394 Principio
1382 3315 1636 3392 quidem
1662 3313 1739 3373 de
1767 3312 2022 3375 Dismae
2049 3314 2232 3391 genio
2258 3314 2417 3376 illud
2445 3318 2672 3377 testan-

267 3417 420 3477 dum
450 3415 616 3476 mihi
639 3417 809 3493 puto,
843 3434 971 3475 non
999 3414 1253 3498 quidem
1280 3413 1359 3473 ad
1388 3412 1668 3490 gratiam,
1700 3412 1809 3473 sed
1836 3412 2000 3490 quod
2034 3431 2100 3471 re
2135 3411 2272 3490 ipsa
2298 3412 2386 3472 sic
2411 3411 2675 3495 repperi,

266 3515 434 3575 nihil
477 3513 684 3574 adhuc
730 3512 798 3573 in
844 3513 979 3573 vita
1015 3512 1251 3573 vidisse
1297 3530 1399 3570 me
1439 3510 1611 3571 illius
1650 3508 1859 3570 indole
1897 3509 2276 3586 generosius,
2321 3511 2672 3587 amabilius,
2703 3531 2768 3568 20

266 3612 547 3686 felicius3
587 3631 733 3673 vere
749 3611 924 3673 iuxta
951 3609 1253 3688 sapientis
1277 3608 1560 3693 verbum,
1585 3605 1863 3668 animam
1881 3606 1988 3668 ille
2015 3607 2274 3685 sortitus
2300 3610 2398 3669 est
2424 3606 2674 3720 bonam,

267 3715 339 3771 vt
365 3714 594 3772 natura
619 3709 806 3770 illum
834 3708 1127 3769 maximis
1154 3707 1338 3787 rebus
1364 3707 1620 3767 finxisse
1643 3704 1945 3767 videatur.
2032 3704 2441 3766 Plurimum
2423 3706 2677 3784 ingenio

269 3808 486 3887 pollet,
542 3807 705 3869 mira
752 3806 1032 3868 discendi
1085 3784 1384 3880 celeritas,
1438 3802 1741 3877 memoria
1793 3802 2017 3879 fidelis,
2058 3822 2266 3879 mores
2320 3804 2676 3880 verecundi,

271 3907 558 3980 modesti,
594 3925 831 3967 suaues.
922 3904 1188 3965 Miratur
1225 3903 1424 3964 bonas
1463 3902 1696 3975 literas,
1741 3920 2004 3978 cumque
2047 3899 2149 3961 his
2177 3901 2413 3962 versari
2449 3901 2679 3978 gaudet

270 4004 440 4067 vnde
466 4023 714 4082 semper
739 4004 920 4065 abeat
942 4002 1206 4078 doctior;
1248 4001 1409 4063 nihil
1436 4000 1624 4061 habet
1651 3997 1720 4061 in
1739 3997 2103 4077 quotidiano
2130 4000 2420 4060 conuictu
2446 3998 2677 4063 durum
2704 4017 2763 4068 25

270 4123 340 4164 ac
366 4102 729 4164 molestum.

353 4202 487 4262 Nos
524 4200 734 4279 itaque
771 4199 989 4278 (coluit
1023 4198 1194 4260 enim
1229 4200 1508 4259 nostram
1545 4194 1878 4271 familiam)
1911 4194 2046 4257 eius
2078 4194 2427 4274 frequentia
2457 4192 2680 4257 sumus

277 4300 577 4360 maiorem
619 4299 688 4358 in
728 4298 988 4359 modum
1031 4295 1357 4370 delectati,
1342 4316 1357 4331 ·
1413 4313 1527 4355 nec
1566 4293 1695 4354 fere
1752 4293 2081 4371 quisquam
2111 4292 2408 4353 Aureliae
2446 4291 2568 4352 fuit
2600 4292 2679 4352 de

1161 4430 1272 4481 147.
1292 4441 1340 4490 9.
1376 4425 1566 4475 relicta
1586 4429 1700 4474 add.
1722 4428 1779 4474 Γ.

345 4531 454 4580 146.
475 4530 558 4580 86.
594 4516 769 4590 veste]
807 4525 1189 4590 cr.1=.·pp.135.
1227 4539 1294 4587 59
1316 4524 1428 4574 and
1529 4523 1670 4572 whic
1673 4521 1767 4570 hi
1749 4536 1797 4570 ιε
1828 4500 2113 4585 evidently
2137 4521 2241 4570 the
2278 4524 2395 4569 lirbe
2430 4520 2559 4586 here
2600 4534 2680 4568 re

285 4595 556 4714 33471361.
603 4657 896 4723 Abbatem]
931 4656 1276 4721 cr.1·:p.143
1311 4654 1427 4718 fin„
1529 4587 1831 4716 1·θῖᾱὲρί
1815 4650 2002 4717 'ient1s]
2024 4651 2113 4702 wi
2117 4650 2270 4702 sdom
2293 4651 2457 4714 8.19.
