3355 5380
1029 423 1138 486 ΤΟ
1192 422 1596 487 WILLIAM
1649 424 2059 488 WARHAM
2624 431 2747 491 419

347 419 531 505 1506]

340 581 652 645 Italorum
700 600 891 642 ausus
937 580 1060 642 fuit
1107 581 1226 643 hoc
1273 581 1552 644 muneris
1604 582 1872 660 aggredi,
1925 587 1997 644 vt
2045 584 2425 662 tragoediam
2472 581 2747 662 aliquam

341 683 451 743 aut
486 679 871 741 comoediam
898 682 1187 755 verteret,
1221 699 1420 759 quum
1456 679 1669 758 plures
1709 680 1990 742 Homero
2017 702 2246 743 manus
2281 683 2415 744 sint
2439 683 2745 759 admoliti,

339 778 509 839 inter
529 796 689 856 quos
709 777 902 839 etiam
923 777 1275 839 Politianus
1292 779 1426 856 ipse
1445 778 1566 839 sibi
1594 798 1725 840 non
1747 779 2079 854 satisfecit3
2113 780 2371 859 quidam
2391 781 2746 842 Hesiodum

340 876 617 952 tentarit,
651 896 856 954 neque
881 876 946 936 id
984 878 1136 938 satis
1167 876 1469 954 feliciter3
1508 877 1674 939 alius
1702 877 2107 940 Theocritum
2141 880 2226 940 sit
2261 900 2604 959 aggressus,
2634 882 2745 942 sed

341 975 546 1034 multo
595 974 788 1036 etiam
839 974 1189 1050 infelicius3
1250 975 1517 1054 denique
1566 995 1763 1054 quum
1812 977 2181 1039 Franciscus
2234 978 2613 1057 Philelphus
2657 980 2745 1056 (id
2772 1001 2839 1052 4ο

345 1073 509 1149 quod
536 1074 676 1149 post
702 1071 1063 1133 institutam
1090 1073 1672 1151 interpretationem
1699 1075 2130 1151 cognouimus)
2150 1075 2423 1153 primam
2453 1076 2749 1139 Hecubae

343 1188 631 1230 scaenam
679 1169 747 1231 in
796 1171 1077 1233 oratione
1124 1172 1392 1249 quadam
1437 1171 1693 1233 funebri
1737 1173 2096 1248 traduxerit,
2148 1174 2257 1234 sed
2306 1173 2396 1236 ita
2443 1177 2517 1236 vt
2564 1176 2750 1239 nobis

342 1267 579 1345 alioqui
603 1269 911 1346 putidulis
937 1269 1036 1330 vir
1062 1273 1277 1331 tantus
1301 1270 1502 1331 animi
1529 1288 1659 1331 non
1690 1290 1915 1348 parum
1941 1272 2212 1334 adderet.

343 1405 348 1412 -
425 1366 561 1444 Ego
603 1386 788 1444 porro
833 1386 1035 1445 neque
1076 1368 1272 1429 tant-is
1315 1368 1619 1446 exemplis
1660 1387 1864 1446 neque
1906 1372 2039 1430 tam
2080 1368 2302 1431 multis
2345 1371 2549 1448 operis
2592 1371 2747 1432 diffi-

344 1465 686 1526 cultatibus
725 1466 1078 1541 deterritus,
1117 1466 1320 1546 magis
1359 1486 1546 1545 quam
1584 1470 1802 1546 poetae
1840 1466 2033 1528 huius
2069 1466 2566 1547 suauiloquentia
2605 1469 2748 1547 plus
2772 1491 2835 1548 ⁴5

344 1583 536 1642 quam
561 1565 823 1642 mellita,
848 1586 1036 1646 quam
1057 1566 1156 1627 illi
1175 1567 1467 1628 tribuunt
1483 1568 1676 1628 etiam
1697 1564 1958 1641 inimici,
1984 1565 2260 1640 allectus,
2285 1586 2421 1628 rem
2442 1567 2746 1631 hactenus

343 1664 727 1726 intentatam
765 1684 898 1728 non
933 1685 1078 1728 sum
1113 1665 1353 1727 veritus
1386 1664 1677 1743 aggredi3
1725 1664 2014 1726 futurum
2055 1683 2314 1742 sperans
2352 1669 2424 1727 vt
2464 1666 2654 1728 etiam
2691 1666 2750 1729 si

341 1780 570 1839 parum
593 1764 1065 1842 praestitissem,
1093 1766 1308 1825 tamen
1330 1762 1582 1825 candidi
1600 1763 1864 1824 lectores
1884 1762 1987 1825 vel
2015 1762 2186 1824 hunc
2212 1781 2425 1826 meum
2454 1769 2747 1828 conatum

337 1860 528 1923 laude
575 1862 787 1943 aliqua
828 1863 1093 1942 dignum
1143 1863 1476 1938 ducerent;
1536 1880 1720 1940 porro
1769 1859 2172 1940 maligniores
2218 1859 2446 1923 saltem
2492 1864 2748 1926 veniam

345 1959 569 2021 darent
601 1962 805 2040 operis
839 1965 973 2023 tam
1010 1960 1194 2023 ardui
1227 1980 1395 2024 nouo
1429 1960 1793 2038 interpretis
1842 1959 2117 2021 maxime
2154 1960 2322 2038 quod
2359 1960 2437 2022 ad
2474 1966 2749 2025 caeteras
2772 1986 2847 2038 50.

344 2057 744 2122 difficultates
790 2061 924 2138 ipse
971 2060 1246 2137 prudens
1292 2079 1423 2122 non
1467 2058 1781 2121 mediocre
1824 2058 2070 2136 pondus
2113 2058 2449 2120 adiecerim
2492 2080 2633 2122 mea
2675 2060 2747 2122 in

342 2160 645 2220 vertendo
692 2159 1009 2237 religione,
1065 2160 1220 2219 dum
1267 2177 1470 2235 conor,
1525 2157 1732 2237 quoad
1779 2155 1942 2231 licet,
1996 2157 2395 2219 Graecanicis
2442 2159 2750 2238 poematis

340 2256 578 2333 figuras
631 2258 932 2337 quasique
983 2257 1166 2318 filum
1223 2259 1704 2335 repraesentare,
1767 2256 1920 2316 dum
1983 2274 2237 2316 versum
2299 2256 2532 2331 versui,
2593 2257 2747 2318 dum

342 2355 610 2416 verbum
658 2375 818 2434 pene
860 2355 1053 2417 verbo
1095 2355 1352 2416 reddere
1397 2355 1582 2429 nitor,
1633 2355 1790 2414 dum
1832 2353 2063 2433 vbique
2104 2354 2455 2416 sententiae
2498 2354 2634 2416 vim
2676 2375 2748 2417 ac

345 2452 590 2529 pondus
635 2473 885 2515 summa
925 2474 1070 2515 cum
1118 2452 1244 2514 fide
1286 2452 1532 2514 Latinis
1580 2451 1841 2513 auribus
1893 2453 2246 2531 appendere
2296 2453 2551 2517 studeo:
2613 2455 2748 2516 siue
2768 2477 2837 2530 55

345 2551 510 2626 quod
531 2550 694 2611 mihi
721 2571 851 2612 non
878 2552 1140 2630 perinde
1166 2551 1464 2628 probatur
1489 2550 1600 2612 illa
1625 2550 1694 2611 in
1720 2549 2045 2611 vertendis
2070 2550 2441 2613 authoribus
2465 2551 2741 2629 libertas,

338 2667 534 2725 quam
562 2647 807 2711 Marcus
833 2650 1082 2712 Tullius
1107 2654 1181 2711 vt
1206 2649 1346 2711 aliis
1373 2648 1701 2728 permittit,
1733 2647 1824 2710 ita
1860 2647 1996 2727 ipse
2024 2648 2207 2727 (pene
2232 2648 2501 2713 dixerim
2526 2650 2750 2713 immo-

344 2745 503 2824 dice)
542 2750 912 2828 vsurpauit3
973 2750 1106 2812 siue
1146 2750 1310 2829 quod
1352 2769 1558 2810 nouus
1598 2747 1903 2826 interpres
1942 2749 2013 2808 in
2048 2748 2214 2809 hanc
2256 2748 2454 2809 malui
2494 2766 2747 2828 peccare

341 2848 600 2922 partem,
631 2851 705 2909 vt
731 2848 1216 2926 superstitiosior
1249 2847 1494 2908 viderer
1531 2846 1719 2907 alicui
1755 2846 1966 2924 potius
2004 2865 2196 2923 quam
2222 2845 2525 2924 licentior,
2560 2848 2625 2908 id
2652 2851 2748 2909 est

341 2941 421 3003 vt'
439 2944 817 3007 littoralibus
853 2946 922 3007 in'
960 2945 1214 3008 harenis
1247 2964 1708 3024 nonnunquam
1746 2944 1999 3005 haerere
2030 2943 2279 3004 viderer
2312 2944 2524 3023 potius
2559 2966 2747 3024 quam
2772 2960 2839 3011 60

341 3042 535 3104 fracta
572 3065 733 3106 naue
767 3045 993 3107 mediis
1029 3048 1241 3106 natare
1267 3043 1597 3118 fluctibus;
1638 3042 1962 3121 maluique
1994 3042 2385 3123 committere
2412 3047 2484 3105 vt
2519 3044 2749 3105 eruditi

346 3142 676 3203 candorem
723 3146 787 3204 et
834 3144 1320 3205 concinnitatem
1371 3140 1671 3202 carminis
1713 3140 1786 3201 'in
1843 3161 1947 3202 me
1994 3139 2256 3201 forsitan
2307 3138 2749 3220 desyderarent

345 3259 534 3317 quam
590 3240 798 3303 fidem.
921 3242 1202 3319 Denique
1269 3240 1446 3302 nolui
1510 3238 1960 3317 paraphrasten
2014 3239 2329 3316 professus
2391 3259 2534 3300 eam
2586 3237 2750 3300 mihi

346 3338 647 3399 latebram
687 3359 904 3418 parare
945 3360 1067 3418 qua
1109 3339 1297 3400 multi
1339 3358 1518 3399 suam
1559 3338 1827 3416 palliant
1867 3337 2202 3413 inscitiam,
2247 3357 2317 3397 ac
2360 3337 2638 3415 loliginis
2676 3338 2747 3397 in

346 3457 607 3515 morem,
643 3459 723 3500 ne
762 3438 1364 3518 depraehendantur,
1399 3436 1530 3496 suis
1570 3456 1636 3496 se
1679 3434 1951 3496 tenebris
1984 3436 2339 3498 inuoluunt.
2427 3434 2571 3496 Iam
2597 3456 2747 3499 vero
2772 3450 2835 3517 65

751 3583 833 3631 52.
874 3569 1188 3619 Graecanici
1213 3570 1266 3623 β.
1463 3567 1544 3628 64.
1580 3565 1817 3629 palliant
1839 3582 1906 3613 a:
1939 3566 2264 3627 praetexunt
2286 3566 2328 3615 δ.

338 3654 491 3745 ῖς.
549 3684 909 3748 comoediam]
967 3684 1075 3733 Not
1128 3684 1283 3746 quite
1336 3686 1454 3732 true
1477 3698 1491 3743 ς

341 3749 428 3798 for
451 3750 605 3797 there
626 3750 677 3798 is
698 3763 770 3799 an
793 3749 1127 3811 adaptation,
1146 3751 1331 3798 rather
1353 3749 1490 3797 than

1592 3681 1784 3743 taking
1806 3683 1853 3730 is
1875 3684 1975 3729 not
1995 3680 2149 3742 plain
2170 3696 2185 3743 ς
2220 3681 2477 3730 Erasmus
2509 3683 2745 3745 perhaps

1592 3748 1763 3796 refers
1780 3750 1838 3795 to
1854 3747 1949 3796 the
1969 3748 2121 3810 story
2138 3746 2261 3795 that
2279 3748 2337 3795 in
2361 3749 2488 3808 1468
2506 3748 2742 3798 Politian

341 3814 691 3876 translation,
706 3814 766 3863 of
774 3815 1360 3877 Aristophanes'mum
1373 3814 1492 3864 into

342 3881 507 3930 Latin
534 3880 606 3942 by
619 3879 808 3928 Franc.
839 3880 1057 3929 Passius
1080 3881 1138 3929 of
1154 3880 1339 3942 Carpi;
1369 3880 1490 3928 Par·

341 3961 450 4009 ma,
460 3945 707 4009 Angelus
722 3945 999 4008 Ugoletus,
1023 3961 1081 3992 12
1098 3946 1246 4008 Sept.
1263 3959 1406 4008 1501,
1418 3948 1487 4006 4⁰.

333 4024 340 4031 ·
474 4011 741 4075 Homero]
822 4011 927 4060 For
1014 4011 1111 4060 the
1197 4024 1492 4060 numerous

341 4080 603 4140 attempta
641 4077 801 4126 made
841 4079 902 4126 in
943 4075 1093 4140 Italy
1132 4078 1189 4124 to
1227 4075 1492 4125 translate

344 4144 568 4206 Homer,
616 4143 749 4192 both
793 4143 913 4191 into
966 4157 1120 4205 prose
1162 4141 1272 4190 and
1320 4154 1492 4201 verse,

343 4209 403 4256 in
439 4210 555 4257 xiv⁶
591 4209 701 4260 and
739 4212 835 4258 xv‘
871 4223 960 4258 see
995 4208 1172 4271 Voigt,
1215 4209 1275 4256 ii.
1313 4220 1492 4268 191-7.

345 4273 583 4323 Politian
615 4275 915 4324 translated
946 4276 1097 4336 parts
1127 4272 1188 4322 of
1211 4271 1356 4323 Iliad
1380 4273 1492 4321 ii-ir

344 4339 464 4387 into
488 4341 649 4389 Latin
675 4341 1030 4402 hexameters,
1054 4339 1194 4388 with
1224 4354 1257 4388 a
1277 4337 1490 4386 dedica-

331 4404 464 4453 -tion
519 4409 577 4454 to
633 4406 871 4456 Lorenzo
932 4406 1022 4454 dei
1081 4404 1296 4455 Medici.
1385 4403 1492 4454 His

345 4470 700 4585 &witi
731 4470 1492 4585 K‘tffdffoffietrssiuffl‘tssss

553 4571 567 4594 Ι

346 4599 575 4648 vatican
605 4601 678 4663 by
709 4601 816 4651 Mai
847 4601 956 4651 and
985 4601 1279 4664 published
1310 4602 1369 4657 in
1400 4601 1492 4651 his

345 4668 648 4725 spscaoqium
692 4669 986 4726 Romanum,‘
1013 4668 1071 4717 ii.
1138 4667 1253 4716 The
1298 4680 1489 4716 reason

342 4731 474 4795 why
511 4730 748 4780 Politian
793 4732 1108 4781 abandoned
1153 4734 1250 4783 the
1292 4732 1490 4781 under·

1591 3814 1767 3862 threw
1805 3813 1851 3862 it
1885 3812 2050 3874 aside,
2088 3812 2150 3860 in
2182 3812 2340 3861 order
2371 3816 2428 3862 to
2462 3815 2619 3862 write
2653 3815 2744 3864 his

1593 3884 1762 3928 Stante
1780 3879 1862 3927 for
1877 3876 2065 3926 Julian
2084 3877 2173 3926 dei
2193 3877 2404 3928 Medici.
2458 3879 2559 3928 See
2575 3879 2737 3929 NBG.

1657 3944 1738 4004 38.
1776 3942 2102 4008 Hesiodum]
2180 3943 2353 3993 There
2417 3958 2509 3993 are
2578 3944 2741 3994 Latin

1590 4024 1744 4058 verse
1788 4007 2144 4058 translations
2188 4009 2246 4057 of
2284 4010 2380 4058 the
2417 4014 2637 4070 Georgica
2672 4012 2743 4074 by

1592 4074 1848 4124 Nicholas
1878 4074 1944 4123 de
1968 4073 2137 4138 Valle,
2165 4074 2349 4139 Rome,
2376 4076 2741 4139 Sweynheym

1591 4141 1704 4189 and
1751 4141 2039 4198 Pannartz,
2084 4155 2126 4190 c.
2178 4154 2299 4202 1471
2325 4156 2340 4199 ς
2392 4141 2501 4189 and
2546 4139 2606 4189 of
2645 4143 2741 4191 the

1593 4211 1855 4266 Thooqonia
1874 4206 1948 4267 by
1969 4205 2260 4255 Bonninus
2285 4205 2650 4268 Mombritius,
2686 4208 2747 4256 of

1592 4272 1786 4330 Milan,
1809 4272 2049 4332 Fer-rara,
2071 4270 2244 4321 Andr.
2264 4270 2561 4334 Bellfortis,
2591 4285 2734 4333 ¹474·

1655 4353 1736 4398 39.
1771 4336 2147 4400 Theocritum]
2188 4336 2390 4385 Martin
2436 4335 2740 4387 Phileticus

1590 4402 1893 4453 translated
1907 4403 2221 4451 Theocritus
2245 4402 2362 4449 into
2383 4401 2548 4451 Latin
2565 4417 2733 4464 verse,

1591 4469 1779 4531 Rome,
1802 4467 1969 4517 Euch-
1996 4468 2191 4527 Silber,
2217 4481 2310 4516 aa.

1654 4550 1736 4595 40.
1775 4530 2121 4595 Philelphus]
2147 4530 2226 4582 Cf.
2251 4531 2289 4581 i.
2314 4546 2364 4594 p.
2390 4547 2437 4592 4.
2460 4546 2526 4593 32
2542 4546 2653 4595 seq.

1654 4614 1738 4662 53.
1763 4614 1980 4648 versum
1990 4596 2199 4660 versui]
2214 4597 2345 4645 This
2358 4597 2497 4647 close
2508 4598 2738 4647 transla-

1588 4666 1709 4714 tion
1736 4666 1781 4713 is
1803 4663 2121 4713 abandoned
2144 4663 2205 4709 in
2228 4662 2323 4710 the
2344 4666 2614 4724 lphiqenia.
2654 4664 2734 4715 Cf.

1589 4731 1724 4795 Epp.
1755 4731 1866 4794 198,
1892 4730 2008 4792 208,
2036 4744 2171 4791 2093
2203 4728 2317 4778 also
2345 4742 2450 4790 ¹77·
2479 4730 2545 4791 96
2567 4743 2622 4779 n.
