3355 5380
289 387 448 471 ¹500]
1091 389 1198 451 ΤΟ
1250 388 1527 450 JAMES
1586 388 1813 448 ΒΑΤΤ

278 548 443 609 illum
479 546 761 608 animum
801 544 1115 609 adhibeas,
1203 544 1466 606 quenis
1505 544 1614 605 ille
1662 564 1853 621 quem
1894 543 1971 604 ad
2012 548 2074 605 te
2116 545 2296 605 libris
2342 551 2637 609 onustum

275 646 636 721 miseramus,
681 645 848 705 intra
889 648 1157 722 quatuor
1199 643 1621 704 hebdomadas
1657 642 1931 703 reditum
1972 642 2290 718 pollicitus
2329 644 2457 704 iam
2498 650 2637 707 octo
2672 669 2706 718 5v

276 744 674 805 hebdomadas
697 743 1118 820 desyderatur.
1206 742 1426 819 Neque
1452 762 1568 819 ego
1597 740 1807 801 nescio
1839 741 2019 818 plura
2045 742 2245 802 solere
2271 741 2392 802 iter
2417 743 2639 803 facien.

271 842 426 902 tibus
457 845 699 918 praeter
732 839 1093 918 opinionem
1131 840 1469 917 obtingere,
1500 840 1809 913 morbum,
1842 839 2130 913 latrones,
2163 859 2328 900 noua
2366 841 2636 918 negocia,

272 939 432 1002 mille
464 939 732 1017 denique
768 958 1085 1000 morarum
1122 957 1352 999 causas.
1437 938 1680 999 Verum
1718 957 1846 997 non
1882 941 2118 998 temere
2154 937 2318 998 mihi
2354 957 2643 1000 summus

272 1038 505 1099 incessit
531 1042 755 1112 metus,
786 1058 868 1098 ne
894 1036 1044 1115 quid
1079 1037 1199 1098 ista
1233 1036 1304 1096 in
1340 1057 1408 1096 re
1440 1056 1704 1115 magnae
1739 1035 1943 1096 subsit
1979 1035 2231 1096 fraudis.
2319 1036 2641 1113 Principio

272 1136 595 1213 Augustini
622 1136 951 1213 ingenium
978 1138 1041 1195 et
1069 1139 1279 1196 vetera
1305 1134 1579 1195 facinora
1614 1134 1819 1208 nosti;
1860 1134 2086 1194 deinde
2124 1133 2308 1195 audio
2345 1135 2642 1197 iuuenem
2677 1159 2735 1202 io

273 1234 420 1310 apud
467 1254 584 1296 nos
623 1253 753 1294 non
802 1234 1017 1311 paucis
1060 1234 1442 1308 obaeratum,
1489 1237 1629 1293 tum
1672 1252 1874 1311 neque
1918 1232 2263 1310 sapientem
2302 1233 2645 1295 admodum

272 1350 459 1409 neque
483 1335 728 1393 certum
750 1353 765 1406 ;
802 1331 879 1392 ad
901 1331 1052 1393 haec
1072 1331 1431 1409 Augustino
1458 1330 1709 1392 intimis
1735 1330 2014 1392 consiliis
2038 1331 2640 1395 coniunctissimum.

271 1431 354 1489 Ea
402 1450 566 1491 nunc
623 1430 879 1491 demum
928 1432 1352 1504 emerserunt3
1413 1429 1504 1489 ita
1553 1432 1625 1490 vt
1673 1429 1765 1502 fit,
1823 1432 1966 1506 post
2015 1429 2265 1502 festum,
2319 1432 2391 1490 vt
2443 1430 2639 1494 aiunt.

265 1528 565 1606 Equidem
595 1547 1043 1604 saepenumero
1071 1547 1321 1589 mecum
1347 1547 1492 1588 sum
1518 1527 1883 1599 admiratus,
1913 1527 2079 1604 quod
2116 1527 2274 1587 illud
2312 1532 2475 1589 esset
2513 1532 2645 1590 tam

267 1626 657 1702 repentinum
682 1625 749 1686 in
778 1627 1136 1704 Augustino
1173 1626 1552 1703 proluuium,
1587 1645 1745 1703 quae
1768 1625 1976 1686 subita
2001 1625 2282 1687 hominis
2318 1630 2646 1689 metamor·
2681 1651 2736 1700 ¹5

265 1724 486 1800 phosis,
511 1727 589 1785 vt
616 1724 727 1801 qui
753 1744 1004 1802 semper
1029 1724 1234 1785 aliena
1260 1725 1457 1785 furari
1494 1723 1906 1797 consueuerit‚
1940 1742 2107 1784 nunc
2143 1744 2258 1784 sua
2293 1724 2638 1803 largiretur.

265 1822 417 1883 Nam
470 1835 647 1883 nunc
699 1823 958 1884 demum
1011 1823 1196 1900 paulo
1252 1823 1398 1900 plus
1452 1822 1798 1900 insumpsit
1845 1842 2035 1899 quam
2082 1842 2120 1882 a
2169 1842 2272 1882 me
2317 1826 2638 1902 acceperit.

260 1920 520 1983 Suborta
544 1925 646 1981 est
673 1940 1131 1999 nonnunquam
1161 1922 1373 1982 animo
1399 1920 1862 1998 suspiciuncula
1898 1939 2001 1980 me
2037 1920 2319 1990 inescari,
2350 1925 2425 1982 vt
2450 1924 2646 1984 semel

261 2023 464 2097 captus
505 2040 770 2081 omnem
809 2040 942 2080 rem
985 2019 1228 2080 soluam
1273 2020 1516 2096 aucupi.
1609 2020 1703 2079 Ea
1739 2019 2023 2095 suspicio,
2059 2018 2186 2079 nisi
2222 2019 2405 2095 plane
2441 2020 2641 2096 fallor,

258 2137 356 2179 me
386 2138 562 2180 nunc
600 2118 968 2195 neutiquam
1006 2117 1197 2179 fallet.
1299 2116 1378 2177 Id
1408 2120 1480 2179 vt
1514 2119 1603 2179 ita
1637 2137 1773 2178 esse
1808 2116 2139 2194 intelligas,
2172 2118 2321 2194 quid
2358 2118 2649 2180 acciderit
2679 2137 2741 2172 20

256 2234 565 2293 008110800·

329 2315 775 2376 Concessimus
821 2315 1014 2392 pestis
1055 2317 1229 2376 metu
1272 2314 1613 2375 Aureliam.
1703 2313 1807 2374 Ibi
1848 2314 2066 2375 statim
2122 2318 2266 2391 post
2309 2315 2443 2376 dies
2484 2337 2646 2378 com·

257 2410 570 2487 plusculos
615 2414 920 2473 iuuenum
960 2413 1131 2488 alter,
1175 2433 1333 2489 quos
1368 2412 1483 2473 alit
1511 2412 1924 2490 Augustinus,
1965 2413 2035 2471 in
2072 2414 2367 2474 morbum
2408 2415 2646 2491 incidit,

253 2509 411 2571 haud
459 2511 599 2573 scio
649 2530 731 2571 an
787 2512 1234 2588 contagiosum,
1283 2512 1550 2572 necdum
1606 2513 1848 2571 certum
1902 2510 2150 2571 scimus.
2242 2512 2417 2573 Nihil
2475 2515 2650 2575 enim

254 2608 571 2671 difficilius
602 2628 798 2687 quam
824 2608 1150 2688 loliginem
1177 2608 1357 2669 illam
1390 2610 1521 2670 suis
1556 2629 1622 2669 se
1660 2609 1939 2670 tenebris
1974 2609 2408 2672 inuoluentem
2444 2612 2651 2690 depre·
2683 2631 2741 2679 ²5

252 2706 540 2771 bendere.
636 2707 873 2768 Verum
929 2728 1073 2769 cum
1127 2729 1282 2786 puer
1334 2711 1461 2769 iam
1515 2709 1921 2786 quatriduum
1969 2712 2037 2769 et
2081 2710 2356 2785 amplius
2401 2712 2651 2773 assidue

251 2808 600 2868 vomuisset
630 2807 891 2885 aluoque
926 2806 1175 2868 assidue
1204 2807 1327 2869 cita
1351 2811 1650 2881 vteretur,
1682 2808 1923 2867 veritus
1950 2827 2030 2867 ne
2056 2807 2209 2884 quid
2237 2828 2318 2869 ex
2343 2808 2423 2869 iis
2458 2811 2647 2871 foeto-

248 2902 417 2966 ribus
455 2904 849 2967 valitudinis
888 2905 1340 2980 contraherem,
1386 2907 1748 2984 Augustino
1788 2906 2047 2982 exposui
2086 2907 2475 2968 commodius
2514 2928 2648 2970 esse

247 3002 300 3060 si
339 3005 632 3083 quinque
676 3007 783 3064 aut
824 3023 934 3067 sex
974 3004 1110 3065 dies
1149 3004 1357 3081 aliquo
1404 3005 1818 3080 concederem,
1861 3004 1983 3081 ipsi
2028 3005 2240 3064 locum
2282 3006 2549 3066 facerem
2589 3011 2654 3069 et

245 3102 503 3164 naribus
530 3102 707 3164 meis
733 3103 1121 3163 consulerem
1144 3125 1159 3177 ;
1203 3102 1427 3164 deinde
1447 3104 1730 3163 redirem.
1804 3103 2035 3163 Statim
2055 3104 2454 3181 Augustinus
2472 3106 2651 3166 velut
2683 3118 2746 3167 30

245 3218 393 3260 ansa
426 3203 697 3279 arrepta
731 3201 985 3262 inimice
1021 3202 1084 3261 id
1113 3201 1279 3276 tulit,
1312 3202 1561 3263 etiamsi
1593 3221 1971 3279 magnopere
2005 3201 2446 3263 dissimularet.
2537 3204 2653 3264 Ne·

242 3299 416 3371 gauit
440 3300 578 3361 sibi
606 3319 745 3360 esse
771 3299 936 3376 quod
979 3300 1143 3360 mihi
1180 3300 1485 3375 suaderet,
1516 3300 1717 3361 facere
1753 3301 1935 3361 iussit
1972 3300 2138 3377 quod
2166 3299 2499 3377 videretur,
2533 3301 2656 3362 sibi

245 3416 446 3474 neque
488 3402 786 3459 mentem
828 3417 962 3458 esse
1004 3418 1204 3475 neque
1244 3398 1597 3459 consilium.
1688 3397 1765 3458 Id
1805 3418 1882 3458 eo
1920 3399 2239 3476 spectabat
2278 3400 2444 3477 quod
2492 3400 2655 3461 mihi

239 3498 377 3557 tum
427 3497 760 3574 temporis
798 3516 881 3556 ne
922 3496 1176 3557 obolum
1219 3496 1473 3574 quidem
1522 3516 1658 3558 esse
1705 3499 1968 3573 putaret,
2014 3499 2078 3556 et
2121 3496 2278 3557 citra
2324 3498 2654 3575 pecuniam

243 3594 405 3655 nihil
461 3615 682 3674 posse,
732 3597 803 3655 vt
855 3597 964 3655 aut
1015 3615 1337 3656 manerem
1385 3595 1629 3655 inuitus
1673 3597 1786 3655 aut
1839 3594 1908 3654 in
1965 3614 2268 3671 magnum
2315 3595 2655 3657 inciderem
2688 3610 2747 3661 35

237 3692 502 3756 malum.
599 3692 893 3754 Adiunxi
921 3713 1024 3753 me
1050 3694 1548 3771 Antuuerpiensi
1577 3692 1827 3754 cuidam
1856 3693 1938 3753 M.
1971 3692 2200 3753 Iacobo
2232 3695 2470 3768 Tutori,
2503 3695 2659 3755 iuris

241 3789 578 3854 pontificii
655 3790 1015 3869 professori,
1069 3792 1288 3852 iuueni
1343 3792 1732 3870 perhumano
1787 3790 2110 3868 nostrique
2162 3792 2652 3868 cupientissimO,

235 3888 576 3952 literarum
612 3893 977 3950 nostrarum
1005 3889 1471 3951 studiosissimo
1491 3893 1557 3950 et
1575 3889 1937 3951 admiratori
1967 3892 2031 3949 et
2057 3889 2467 3967 praedicatori
2491 3916 2506 3964 ;
2546 3890 2654 3950 sed

238 3987 321 4048 ita
349 3989 642 4050 adiunxi
670 3990 743 4048 vt
769 3987 847 4048 ad
874 3987 1307 4065 Augustinum
1343 3989 1573 4048 iuuene
1606 3991 1882 4048 recreato
1918 3986 2206 4048 redirem.
2295 3988 2420 4049 Hic
2447 3990 2662 4066 Augu-

232 4088 447 4150 stinus
489 4107 639 4149 non
685 4086 870 4146 modo
910 4086 1109 4160 irasci,
1151 4087 1262 4147 sed
1303 4087 1493 4147 etiam
1535 4086 1817 4147 inuidere
1860 4087 2009 4146 huic
2053 4086 2293 4164 coepit:
2354 4086 2661 4164 planeque
2689 4098 2754 4147 40

232 4186 473 4260 partim
525 4184 892 4260 obticendo,
935 4184 1167 4262 partim
1214 4185 1644 4263 aenigmaticis
1691 4184 1821 4245 illis
1867 4186 2001 4245 suis
2039 4184 2261 4261 figuris
2305 4184 2660 4262 significare

232 4284 394 4344 mihi
424 4285 734 4346 reditum
760 4282 839 4343 ad
875 4302 943 4343 se
979 4282 1394 4344 interclusum
1422 4284 1577 4344 fore.
1647 4282 1726 4343 Id
1755 4282 2008 4344 tametsi
2038 4282 2280 4361 pridem
2306 4282 2658 4355 sensissem,

234 4381 476 4445 libebat
531 4382 753 4459 magis
799 4381 1123 4460 magisque
1177 4382 1497 4460 expiscari.
1601 4382 1956 4444 Simulabat
2005 4381 2113 4442 ille
2168 4381 2389 4457 multa,
2440 4384 2512 4442 vt
2566 4385 2663 4442 est

302 4573 381 4619 17.
418 4558 727 4621 acceperat
746 4559 812 4604 Η.
928 4621 940 4633 .
1078 4571 1158 4617 23.
1197 4557 1538 4635 Augustinus
1555 4560 1632 4605 H:
1668 4556 1771 4606 Au.
1794 4559 1874 4605 E:
1905 4556 2042 4619 Aug.
2071 4560 2123 4606 F.
2378 4568 2456 4614 27.
2494 4554 2582 4603 his
2603 4561 2656 4604 F.

227 4641 306 4688 31.
345 4621 756 4674 dissimularet
777 4625 853 4670 E:
885 4620 1264 4672 dissimulabat
1285 4627 1340 4671 H
1356 4639 1369 4671 :
1404 4622 1460 4670 id
1484 4620 1863 4672 dissimulabat
1886 4625 1947 4670 N.
2183 4634 2263 4681 32.
2302 4624 2370 4669 F:
2404 4619 2581 4669 facere
2604 4625 2662 4669 E.

228 4709 310 4752 42.
350 4702 659 4741 senseram
686 4690 750 4735 H.
