3355 5380
208 401 471 487 1523-4]
736 404 1130 468 ERAsts
1186 405 1293 467 To
1344 403 1576 467 JOHN
1630 404 2078 468 Bo‘rznnm
2529 410 2600 465 ιτ

208 564 484 625 amicitia
533 582 731 641 quam
785 566 967 624 antea
1016 562 1260 623 fueram
1307 563 1583 637 affectus,
1631 564 1843 624 visum
1888 566 1983 625 est
2030 562 2318 640 protinus
2369 563 2603 642 aliquid

210 664 436 724 aedere-
527 663 744 738 Quum
772 663 937 722 nihil
962 665 1127 722 esset
1152 663 1230 722 ad
1257 680 1535 738 manum,
1567 662 1975 724 tumultuarie
2000 682 2336 740 paucorum
2365 663 2609 723 dierum

210 763 470 823 lectione
514 761 803 838 congessi
844 760 1093 838 syluam
1133 760 1406 838 aliquam
1447 759 1849 837 Adagiorum‚
1895 760 2189 821 diuinans
2228 759 2346 819 hoc
2386 760 2605 836 libelli,

213 861 414 939 qualis
449 861 659 939 qualis
696 862 874 933 esset,
908 860 1008 919 vel
1045 858 1125 919 ob
1151 858 1495 919 vtilitatem
1530 862 1923 919 versaturum
1953 858 2020 919 in
2058 857 2350 918 manibus
2379 859 2611 918 studio·

209 979 439 1020 sorum.
531 958 674 1019 Hoc
701 959 1070 1035 argumento
1098 955 1405 1016 declaraui
1431 975 1618 1034 quam
1652 976 1779 1016 non
1808 956 2194 1017 refrixissem
2219 956 2288 1015 in
2318 955 2606 1017 amicitia.
2640 978 2665 1026 5

208 1059 373 1118 'Dum
399 1057 647 1117 adiecto
682 1056 957 1116 carmine
995 1055 1175 1115 cuius
1200 1057 1347 1115 ante
1373 1055 1653 1128 memini,
1681 1055 2053 1116 testificatus
2085 1074 2228 1115 sum
2255 1074 2445 1132 quam
2484 1075 2613 1116 non

208 1176 413 1217 essem
453 1156 745 1215 infensus
778 1154 880 1214 vel
916 1154 1045 1231 regi
1075 1154 1178 1213 vel
1217 1153 1454 1231 regioni
1480 1153 1560 1214 ob
1591 1154 1922 1232 pecuniam
1948 1157 2227 1230 ereptam
2251 1173 2267 1227 3
2307 1172 2421 1212 nec
2449 1153 2615 1213 male

210 1254 397 1314 cessit
442 1253 565 1313 hoc
613 1272 826 1313 meum
871 1251 1221 1312 consilium.
1329 1252 1422 1311 Ea
1475 1252 1819 1312 moderatio
1867 1253 2215 1329 candorque
2261 1251 2422 1311 mihi
2476 1254 2614 1311 tum

211 1352 523 1429 plurimos
564 1351 800 1411 amicos
839 1350 1198 1410 conciliauit
1236 1350 1399 1425 apud
1443 1350 1806 1424 Britannos,
1838 1351 2009 1411 viros
2048 1350 2340 1422 eruditos,
2386 1350 2618 1427 probos

211 1469 282 1508 ac
308 1452 615 1526 potentes.
704 1449 780 1508 Id
810 1448 1178 1525 opusculum
1206 1448 1416 1524 paucis
1443 1452 1584 1525 post
1620 1449 1805 1508 annis
1839 1448 2089 1508 excudit
2120 1448 2357 1507 Badius
2385 1448 2611 1523 noster,
2647 1468 2706 1503 ιο

212 1548 471 1608 adiectis
525 1567 565 1606 a
619 1567 723 1607 me
778 1547 1060 1623 pauculis
1122 1549 1185 1605 et
1241 1546 1576 1623 recognitis
1637 1546 1891 1606 Graecis
1942 1546 2346 1624 potissimum
2374 1567 2389 1619 ;
2472 1565 2617 1605 mox

211 1646 518 1707 Matthias
575 1644 944 1705 Schurerius
996 1640 1412 1721 Argentorati,
1463 1664 1656 1721 quum
1722 1665 1836 1722 ego
1901 1645 2158 1705 interim
2214 1644 2619 1722 copiosiorem

213 1746 469 1822 syluam
511 1743 899 1820 collegissem
927 1744 997 1803 in
1022 1742 1331 1803 Venetam
1372 1743 1770 1819 seditionem,
1802 1763 1962 1821 quae
1996 1743 2228 1821 prodiit
2263 1763 2341 1803 ex
2380 1743 2621 1803 officina

213 1844 478 1904 Aldina.
560 1843 760 1902 Porro
796 1842 1092 1919 quoniam
1130 1841 1421 1902 videbam
1457 1842 1576 1901 hoc
1613 1862 1772 1919 opus
1808 1844 1896 1902 sic
1925 1863 2056 1902 esse
2083 1843 2423 1919 gratiosum
2453 1841 2619 1918 apud

214 1941 533 2002 studiosos
578 1943 653 1999 vt
698 1940 1019 2000 victurum
1059 1944 1381 2016 appareret
1425 1941 1487 1999 et
1534 1959 1571 1999 a
1619 1940 1845 2000 multis
1886 1940 2292 2018 typographis
2335 1940 2620 2000 certatim
2651 1960 2706 2008 ¹5

215 2040 559 2112 sederetur,
607 2039 839 2098 iterum
888 2040 1074 2115 atque
1121 2039 1352 2097 iterum
1394 2036 1788 2115 locupletaui‚
1834 2040 1906 2097 vt
1947 2059 2015 2098 se
2056 2039 2239 2099 dabat
2275 2039 2374 2097 vel
2417 2040 2622 2099 ocium

214 2139 320 2198 vel
348 2138 552 2197 maior
576 2136 885 2196 librorum
911 2135 1105 2212 copia.
1164 2136 1493 2195 Postrema
1519 2156 1745 2196 manus
1772 2135 1978 2196 aedita
1997 2140 2092 2197 est
2120 2137 2284 2213 apud
2314 2136 2619 2197 Ioannem

216 2236 618 2310 Frobenium,
652 2255 819 2295 anno
845 2252 883 2293 a
909 2233 1108 2295 natali
1136 2232 1485 2294 Seruatoris
1518 2252 1692 2312 1523.
1767 2235 1965 2295 Porro
1994 2236 2147 2296 dum
2173 2233 2624 2312 locupletandis

216 2335 481 2413 Adagiis
506 2334 851 2394 nonnullos
876 2338 1122 2393 autores
1151 2333 1367 2409 relege,
1400 2333 1599 2393 obiter
1626 2333 2007 2393 Collationes
2034 2333 2272 2411 aliquot
2301 2334 2619 2409 annotaui,

220 2435 422 2510 magis
475 2432 768 2492 indicans
820 2452 891 2492 ac
945 2430 1250 2508 praebens
1304 2430 1450 2491 aliis
1504 2431 1863 2508 exemplum
1924 2432 2123 2492 futuri
2178 2432 2382 2510 operis
2436 2453 2622 2510 quam
2654 2451 2712 2485 20

219 2532 451 2592 librum
478 2532 649 2590 iusta
675 2549 824 2590 cura
850 2529 1197 2591 absoluens.
1271 2529 1384 2589 Est
1411 2530 1621 2589 autem
1649 2529 1810 2588 liber
1835 2549 1999 2590 vnus
2033 2528 2109 2589 de
2140 2529 2463 2592 Parabolis
2490 2530 2627 2589 siue

221 2629 551 2690 Simih'bus
591 2629 673 2689 ad
720 2629 981 2688 Petrum
1022 2627 1376 2704 Aegidium,
1418 2627 1906 2687 iureconsultum
1951 2630 2015 2687 et
2062 2627 2267 2687 ciuem
2309 2629 2623 2688 Antuuer-

220 2728 516 2804 piensem,
551 2726 868 2804 quondam
896 2725 1058 2785 mihi
1085 2725 1436 2786 studiorum
1465 2726 1758 2787 sodalem,

302 2826 592 2886 Fortasse
614 2845 744 2886 non
771 2825 884 2884 abs
908 2845 975 2885 re
996 2824 1184 2884 fuerit
1205 2823 1351 2884 huic
1371 2824 1581 2902 generi
1602 2823 1967 2885 subnectere
1987 2824 2161 2901 Opus
2177 2823 2620 2901 Epistolarum,

223 2943 582 3000 quanquam
611 2942 741 2982 non
768 2926 864 2982 est
900 2921 1071 2982 aliud
1110 2923 1397 2982 omnium
1424 2923 1529 2982 cui
1565 2922 1781 2982 minus
1817 2923 2082 2982 faueam.
2170 2921 2504 2981 Indultum
2531 2923 2627 2981 est
2656 2940 2712 2990 ²5

221 3023 325 3083 hic
350 3023 493 3099 plus
518 3022 676 3082 satis
700 3022 1046 3082 amicorum
1072 3020 1414 3096 affectibus,
1445 3021 1814 3098 praesertim
1842 3041 2038 3099 quum
2077 3021 2148 3081 hi
2183 3039 2627 3098 saepenumero

222 3143 335 3199 pro
368 3126 656 3198 tempore
693 3121 1024 3179 mutentur
1055 3118 1124 3178 in
1158 3119 1477 3195 diuersos3
1518 3138 1641 3196 qua
1675 3120 1752 3180 de
1787 3139 1855 3180 re
1891 3119 2045 3180 satis
2072 3121 2285 3180 testati
2312 3140 2531 3180 sumus
2557 3121 2626 3180 in

222 3226 425 3301 prima
469 3223 823 3297 postremae
867 3216 1200 3277 seditionis
1243 3216 1523 3295 epistola,
1576 3238 1735 3295 quae
1777 3218 2008 3295 prodiit
2058 3237 2134 3278 ex
2189 3218 2431 3278 officina
2485 3218 2628 3278 Fro-

222 3322 491 3381 beniana
537 3336 708 3377 anno
763 3333 936 3395 1521.
1024 3316 1108 3375 Et
1151 3317 1315 3393 quod
1356 3319 1497 3376 tum
1543 3315 1926 3392 diuinabam‚
1970 3320 2112 3393 post
2152 3317 2425 3376 nimium
2466 3317 2630 3377 veris

222 3416 673 3496 experimentis
698 3414 984 3491 comperi.
1074 3414 1197 3475 Res
1223 3415 1395 3474 enim
1423 3415 1559 3491 ipsa
1585 3414 1767 3474 docet
1794 3415 2096 3492 quosdam
2122 3435 2199 3476 ex
2225 3415 2629 3476 iuratissimis
2655 3431 2717 3479 30

224 3519 463 3587 amicis,
511 3532 668 3592 quos
708 3512 976 3589 Pylades
1016 3516 1297 3589 poteram
1340 3513 1558 3588 dicere,
1594 3513 1791 3574 factos
1822 3514 2031 3573 hostes
2071 3515 2420 3589 acerrimos,
2462 3533 2629 3574 sum·

226 3636 394 3677 mam
434 3611 955 3691 ingratitudinem
993 3630 1136 3670 cum
1173 3630 1423 3671 summa
1459 3611 1718 3688 perfidia
1758 3611 2132 3688 copulantes,
2164 3633 2291 3673 non
2334 3612 2414 3673 ob
2455 3612 2627 3673 aliud

228 3717 349 3775 nisi
378 3712 549 3793 quod
579 3709 813 3770 nollem
842 3709 1052 3786 palam
1079 3708 1226 3770 dare
1254 3729 1484 3770 nomen
1512 3710 1859 3786 periculoso
1886 3711 2156 3787 negoci0,
2192 3711 2354 3789 quod
2384 3730 2631 3788 semper

227 3813 528 3873 ariolatus
583 3828 726 3868 sum
793 3808 860 3867 in
931 3807 1340 3884 perniciosam
1403 3807 1777 3868 seditionem
1840 3809 2176 3870 exiturum.
2262 3810 2461 3888 Atqui
2516 3830 2630 3887 ego

230 3908 472 3970 nemini
498 3905 865 3966 renunciaui
892 3905 1253 3983 amicitiam,
1283 3907 1384 3967 vel
1412 3907 1577 3984 quod
1619 3907 1683 3966 in
1726 3907 2027 3966 Luterum
2057 3910 2219 3966 esset
2247 3907 2624 3984 propensior,
2657 3922 2718 3971 35

230 4010 329 4068 vel
384 4007 553 4086 quod
609 4025 647 4064 a
701 4005 932 4065 Lutero
986 4004 1266 4065 alienior.
1375 4003 1515 4064 Tali
1569 4024 1713 4065 sum
1767 4004 2019 4082 ingenio
2060 4008 2134 4065 vt
2181 4007 2282 4066 vel
2325 4006 2631 4066 Iudaeum

231 4126 441 4167 amare
482 4102 733 4183 possim,
767 4103 953 4164 modo
992 4103 1076 4164 sit
1112 4102 1346 4180 alioqui
1386 4103 1752 4163 commodus
1786 4103 2106 4163 conuictor
2132 4106 2196 4162 et
2228 4103 2483 4177 amicae,
2518 4123 2630 4162 nec

233 4225 332 4266 me
358 4224 571 4265 coram
600 4201 1020 4277 blasphemias
1047 4203 1301 4262 euomat
1330 4200 1397 4260 in
1425 4201 1766 4263 Christum.
1834 4204 2044 4279 Atque
2074 4202 2236 4262 hanc
2262 4201 2629 4261 ciuilitatem

232 4303 500 4390 arbitror
553 4299 869 4360 vtiliorem
921 4299 999 4361 ad
1051 4299 1404 4384 finiendum
1459 4299 1808 4360 dissidium.
1895 4301 1992 4360 Ac
2046 4299 2271 4360 leuiter
2324 4319 2472 4360 sane
2528 4320 2631 4359 me

301 4440 376 4473 11.
413 4439 448 4472 a
468 4438 560 4471 me
582 4426 695 4470 aad.
716 4422 771 4475 β.
1010 4436 1091 4471 20.
1128 4422 1390 4483 praebens
1410 4423 1447 4476 β
1468 4439 1481 4471 z
1514 4436 1840 4485 praeparans
1861 4439 1907 4472 a.
2155 4437 2234 4484 ⁰3·
2275 4423 2414 4471 mihi
2436 4427 2548 4474 aad.
2571 4424 2637 4477 fir

240 4506 315 4552 ²9·
353 4491 419 4539 Et
447 4525 459 4537 .
486 4525 499 4537 .
527 4525 541 4537 .
566 4491 642 4537 15.
666 4504 714 4546 4.
744 4487 965 4537 remitto
986 4491 1099 4536 aad.
1120 4500 1173 4541 β.

303 4661 379 4706 26.
416 4653 737 4716 amicorum]
758 4652 854 4700 All
873 4652 964 4701 the
980 4651 1132 4714 early
1148 4653 1384 4702 editions
1480 4652 1771 4716 published
1795 4654 1869 4716 by
1889 4654 1978 4703 his
1999 4655 2225 4704 friends.
2287 4654 2366 4705 cf.
2394 4655 2533 4716 App.
2564 4666 2608 4713 7.

246 4723 300 4770 ol
342 4721 615 4771 Erasmus’
664 4719 854 4767 letters
895 4733 1034 4767 wem
1078 4718 1384 4780 nominally
1527 4753 1531 4757 -
1547 4734 1628 4781 34.
1663 4720 1835 4782 Atqui
1856 4720 1975 4784 ego]
2000 4720 2254 4782 repeated
2276 4735 2327 4784 p.
2355 4734 2435 4781 33.
2466 4734 2544 4767 ao.

339 4822 498 4853 mu
1408 4833 1443 4876 ο
