3355 5380
623 402 740 457 356
1344 398 1722 460 LETTERS
1776 397 1884 460 OF
1935 397 2337 459 ERASMUS
2830 392 3016 475 [1501

622 554 678 601 ll.
703 554 783 617 38,
808 570 859 616 9,
892 554 1053 603 make
1089 557 1134 604 it
1169 554 1364 617 highly
1398 554 1653 617 probable
1701 555 1826 605 that
1857 556 1971 604 this
2002 555 2311 605 dedication
2343 570 2455 604 was
2487 551 2769 616 composed
2803 549 3023 612 shortly

620 619 762 668 after
783 621 1053 668 Erasmus'
1078 623 1270 669 return
1292 620 1431 669 from
1456 621 1699 682 Orleans,
1720 619 1832 670 and
1853 620 2125 669 therefore
2150 622 2209 669 in
2238 635 2380 682 1501.

688 685 831 734 BEr¹
866 687 1141 734 mentions
1175 700 1245 734 an
1280 687 1487 736 edition
1522 687 1582 736 of
1609 687 1706 735 the
1743 689 1905 743 Qfficia
1926 721 1940 734 .
1971 723 1983 736 .
2010 723 2022 735 .
2045 691 2105 734 ab
2136 688 2336 735 Erum
2368 689 2612 747 ααηοεαεα,
2649 683 2819 739 Paris,
2846 679 3047 730 Gilles‘

621 750 1046 814 decom-mont,
1073 765 1140 811 30
1165 752 1294 802 Mar.
1325 766 1466 813 1507,
1493 753 1552 801 of
1576 751 1760 800 which
1794 752 2052 801 Erasmus
2084 766 2210 814 may
2239 752 2377 800 have
2409 750 2520 800 had
2552 750 2890 813 cognizance‚
2914 746 3029 795 and

623 830 768 929 {gnte
799 816 1063 879 probably
1096 817 1485 866 uuauthorized
1521 819 1798 880 reprints;
1841 818 1939 865 but
1974 816 2002 865 1
2038 818 2176 866 have
2214 820 2312 866 not
2346 818 2482 865 been
2516 816 2636 865 able
2676 817 2734 864 to
2770 813 3029 863 examine

690 896 793 931 em.

687 946 869 995 James
890 947 1094 997 voecht
1116 963 1178 996 or
1198 947 1380 1008 Tutor,
1398 947 1460 996 of
1474 948 1752 1010 Antwerp‚
1771 962 1881 997 was
1902 963 1936 997 a
1957 962 2140 1010 young
2157 948 2249 998 Dr.
2265 946 2326 996 of
2342 946 2486 1007 Law,
2504 947 2631 996 who
2653 945 2761 994 had
2783 944 3032 1006 recently

624 1026 774 1061 come
801 1016 858 1062 to
888 1013 1112 1062 Orleans
1145 1015 1285 1062 from
1320 1014 1581 1075 Louvain,
1612 1014 1724 1062 and
1756 1028 1869 1062 was
1901 1014 2222 1077 supporting
2253 1012 2484 1062 himself
2510 1012 2545 1060 b
2605 1012 2795 1073 taking
2828 1010 3033 1074 pupils,

625 1079 884 1127 Erasmus
906 1079 1129 1141 quickly
1151 1080 1364 1127 became
1391 1079 1643 1128 attached
1677 1084 1736 1128 to
1768 1079 1904 1140 him,
1931 1079 2042 1128 and
2075 1079 2172 1128 the
2204 1079 2508 1141 friendship
2564 1076 2717 1126 ested
2750 1076 2836 1125 for
2859 1088 3034 1135 many

624 1158 795 1205 years.
862 1144 931 1193 In
958 1159 1086 1206 15¹9
1107 1145 1312 1194 Voecht
1332 1159 1441 1193 was
1463 1149 1478 1174 ‘
1499 1145 1911 1207 pensionarius,’
1937 1160 1997 1193 οι·
2020 1144 2171 1193 chief
2186 1144 2518 1206 magistrate,
2544 1144 2602 1192 of
2619 1140 2929 1205 Antwerp.]

669 1275 982 1325 ERAsts
1036 1277 1540 1325 Ro'rI-:RODAMVS
1591 1277 2057 1325 ORNA'rIssmo
2103 1276 2269 1324 VIRO
2315 1276 2390 1326 M.
2431 1275 2684 1323 IACOBO
2728 1272 2987 1320 TVTORI

1081 1381 1270 1429 IVRIS
1313 1381 1697 1441 VTRIVSQVE
1744 1380 2299 1430 PRVDENTISSIMO
2337 1382 2389 1430 S.
2436 1381 2502 1427 D.

711 1501 1031 1575 Phr-:move
1069 1503 1527 1565 lucubrationes
1562 1524 1707 1565 suas
1747 1503 2123 1583 primatibus
2162 1502 2531 1578 inscribunt,
2573 1499 2807 1579 partim
2842 1503 2917 1561 vt
2957 1498 3039 1558 ab

627 1600 730 1661 his
765 1600 1352 1662 honestissimarum
1391 1602 1754 1681 vigiliarum
1794 1602 2146 1680 praemium
2185 1602 2406 1677 ferant,
2441 1600 2675 1679 partim
2715 1619 2841 1677 quo
2883 1597 3042 1673 ipsis

628 1702 844 1759 contra
870 1699 1168 1760 nouitatis
1194 1699 1502 1761 inuidiam
1531 1701 1750 1779 magni
1781 1700 2059 1762 nominis
2089 1700 2397 1761 autoritas
2424 1699 2817 1777 suffragetur.
2904 1697 3039 1774 Ego

626 1815 791 1872 vero,
832 1797 1271 1858 candidissime
1311 1798 1796 1878 doctissimeque
1826 1799 2039 1875 Tutor,
2076 1819 2205 1860 non
2246 1797 2729 1873 lucubrationes,
2766 1795 2878 1857 sed
2919 1816 3041 1856 ces·

576 1911 604 1960 5
630 1894 901 1955 sationes
921 1914 1109 1968 meas,
1136 1895 1327 1956 etiam
1347 1896 1402 1955 si
1423 1897 1793 1975 neutiquam
1820 1898 2071 1969 ociosas,
2094 1900 2341 1958 nostrae
2368 1896 2812 1957 necessitudini
2840 1895 3042 1955 malui

629 2011 1020 2067 consecrare;
1081 2014 1271 2071 quam
1318 2013 1462 2053 cum
1510 2014 1846 2073 augurarer
1892 1997 2027 2057 fore
2074 1998 2455 2073 perpetuam,
2500 1997 2828 2072 propterea
2876 1992 3039 2071 quod

632 2090 792 2151 hanc
821 2109 950 2150 non
976 2091 1268 2168 vulgares
1293 2091 1443 2153 illae
1468 2093 1725 2154 amandi
1752 2113 1972 2155 causae
1999 2092 2279 2172 stuppeis
2300 2093 2575 2169 funibus,
2595 2092 2705 2152 sed
2733 2091 3047 2152 honestis·

631 2187 935 2248 simorum
964 2189 1318 2250 studiorum
1345 2191 1610 2252 societas
1654 2195 1721 2252 et
1766 2191 1973 2253 virtus
2012 2192 2151 2269 ipsa
2192 2190 2572 2252 immortalis
2613 2189 3046 2251 adamantinis

631 2287 906 2348 vinculis
944 2287 1248 2365 nodoque,
1297 2291 1459 2366 quod
1499 2290 1696 2365 aiunt,
1735 2290 2094 2352 Herculano
2136 2289 2506 2369 colligasset,
2554 2291 3046 2349 consentaneum

550 2400 608 2437 10
633 2404 768 2446 esse
794 2389 972 2446 ratus
998 2405 1140 2447 sum
1179 2391 1251 2449 vt
1284 2387 1567 2450 eiusdem
1599 2392 1924 2450 aeternum
1961 2388 2214 2468 aliquod
2250 2391 2489 2450 extaret
2529 2390 3041 2450 monumentum.

634 2485 715 2546 In
766 2484 953 2546 rebus
996 2488 1209 2546 autem
1256 2487 1555 2548 humanis
1601 2491 1713 2548 aut
1759 2488 1926 2549 nihil
1971 2487 2230 2549 omnino
2278 2487 2577 2562 durabile,
2622 2489 2732 2547 aut
2767 2485 3043 2562 profecto

634 2582 851 2644 literae
887 2587 1054 2644 sunt.
1139 2584 1221 2644 In
1257 2585 1563 2661 proximis
1598 2585 1794 2663 igitur
1833 2586 1992 2647 meis
2031 2584 2652 2658 inambulationibus,
2693 2581 2915 2661 quibus
2955 2581 3043 2641 ob

635 2681 1018 2743 valetudinis
1053 2682 1550 2745 imbecillitatem
1587 2705 1625 2746 a
1652 2684 1793 2746 cibo
1820 2685 2096 2747 crebrius
2120 2684 2218 2748 vti
2244 2684 2506 2746 solitum
2531 2683 2654 2746 scis
2682 2684 2851 2761 (nam
2878 2701 3051 2742 vnus

636 2781 766 2841 fere
806 2781 1240 2859 correptabas)‚
1271 2786 1402 2843 tres
1443 2782 1587 2844 illos
1632 2783 1714 2845 M.
1748 2783 1943 2846 Tullii
1980 2786 2058 2846 de
2089 2784 2325 2846 Officiis
2364 2783 2613 2845 libellos
2640 2801 2784 2865 vere
2823 2801 3050 2842 aureos

554 2895 610 2945 15
639 2877 990 2957 relegimus,
1021 2878 1331 2941 incertum
1360 2880 1677 2942 maiorene
1706 2882 2031 2960 voluptate
2056 2903 2139 2943 an
2168 2882 2401 2944 fructu.

720 2977 889 3054 Quos
917 2977 1214 3055 quoniam
1243 2975 1497 3038 Plinius
1525 2979 1849 3042 Secundus
1877 2983 2063 3057 negat
2086 3000 2368 3059 vnquam
2395 2980 2474 3040 de
2500 2978 2796 3041 manibus
2822 2980 3052 3057 deponi

639 3079 937 3153 oportere,
981 3075 1328 3137 voluminis
1383 3077 1888 3155 magnitudinem
1945 3079 2144 3156 quoad
2195 3078 2370 3139 licuit
2428 3078 2872 3152 contraximus,
2928 3100 3054 3157 quo

640 3194 885 3252 semper
915 3174 984 3234 in
1021 3173 1315 3235 manibus
1345 3175 1676 3236 enchiridii
1712 3177 1848 3237 vice
1887 3177 2118 3256 gestari
2152 3182 2232 3253 et,
2264 3177 2428 3256 quod
2466 3176 2718 3255 scripsit
2748 3177 2942 3252 idem,
2973 3178 3053 3239 ad

638 3273 905 3334 verbum
932 3271 1126 3333 edisci
1157 3273 1439 3350 possint;
1465 3293 1578 3351 pro
1607 3274 1785 3335 Petri
1812 3274 2006 3336 Marsi
2026 3275 2416 3349 commentis,
2447 3277 2695 3337 vtinam
2721 3275 3058 3354 exquisitis

554 3388 618 3427 πο
640 3370 849 3448 potius
890 3390 1079 3447 quam
1119 3369 1520 3447 immanibus,
1566 3373 1814 3434 crebras
1851 3373 2400 3435 annotatiunculas
2438 3373 2897 3451 asscripsimus,
2935 3394 3057 3451 que

642 3468 819 3528 velut
865 3467 1147 3529 asterisci
1194 3468 1449 3547 quidam
1504 3472 1832 3532 commode
1885 3473 1963 3533 ad
2011 3492 2268 3533 omnem
2320 3471 2658 3550 caliginem
2711 3471 3051 3534 alluceant.

644 3565 972 3625 Praeterea
1000 3565 1221 3627 titulos
1246 3566 1392 3627 illos
1430 3568 1657 3645 quibus
1685 3569 1896 3631 nescio
1924 3569 2065 3647 quis
2092 3589 2249 3646 opus
2274 3569 2432 3630 illud
2461 3569 2826 3630 intersecuit
2853 3573 3060 3648 magis

644 3684 833 3743 quam
889 3663 1198 3740 distinxit,
1250 3666 1483 3743 partim
1538 3672 1609 3729 vt
1666 3668 1901 3730 ociosos
1953 3668 2345 3744 sustulimus,
2403 3668 2636 3745 partim
2692 3672 2764 3730 vt
2814 3667 3061 3730 alienos

644 3761 769 3823 alio
804 3761 1177 3837 traiecimus,
1211 3764 1602 3827 mutauimus
1637 3786 1857 3828 omnes
1899 3770 2087 3846 atque
2120 3767 2433 3828 vberioms
2469 3766 3058 3844 argumentulorum

559 3876 618 3928 25
646 3860 849 3921 instar
890 3858 1295 3938 reposuimus.
1384 3861 1600 3941 Neque
1643 3864 1951 3926 minimus
1992 3865 2061 3927 in
2101 3865 2461 3943 castigando
2501 3865 2707 3926 sudor.
2795 3865 3062 3927 Mendas

647 3956 1026 4020 offendimus
1055 3958 1154 4034 (vt
1194 3954 1262 4017 in
1307 3977 1491 4035 opere
1533 3965 1664 4021 tam
1706 3962 1882 4040 trito)
1908 3961 2234 4041 plurimas,
2265 3964 2419 4025 dum
2459 3962 2849 4024 notariorum
2894 3963 3062 4025 inter

648 4053 1047 4117 scribendum
1095 4054 1198 4115 hic
1245 4057 1763 4135 compositionem
1804 4060 2145 4138 perturbat,
2186 4060 2295 4121 ille
2322 4080 2448 4138 ³pro
2494 4081 2644 4122 voce
2692 4082 2847 4140 quae
2897 4062 3061 4122 forte

648 4156 892 4233 fugerat
934 4153 1274 4215 finitimam
1316 4156 1577 4233 reponit,
1612 4177 1742 4219 non
1778 4158 1923 4220 illas
1957 4159 2213 4238 quidem
2250 4162 2655 4238 portentosas,
2692 4158 2800 4219 sed
2839 4161 3058 4220 tamen

721 4305 797 4353 1⁶.
838 4304 1055 4354 Plinius
1104 4310 1233 4359 ΜΗ.
1261 4307 1434 4357 Praef.
1460 4321 1542 4355 22.
1903 4304 2013 4355 and
2037 4302 2299 4368 Par-adonta,
2326 4305 2542 4368 Venice,
2569 4306 2729 4368 Bapt.
2765 4305 2835 4355 de
2862 4306 3058 4367 Tertia,

723 4371 798 4420 18.
825 4370 1035 4420 enchiri
1076 4372 1276 4437 ii,etc.]
1300 4372 1794 4434 Cf.thetitle—page.
1910 4386 1970 4419 12
2015 4371 2130 4421 Oct.
2174 4371 2334 4432 1481;
2390 4371 2561 4420 Silius
2604 4370 2852 4432 Italicus,
2903 4373 3058 4429 ibid..

653 4436 1608 4555 in¹fmfiii2¹³m³1ffssffi³0153h¹0ffi¹3t
1629 4437 1802 4553 {2⁵33}
1905 4435 3064 4553 mssffimvffissrffss

655 4569 704 4616 is
717 4567 936 4616 known.
980 4568 1805 4633 Hewasapupiloss’omponius
1909 4569 2075 4617 Rome
2096 4569 2157 4617 in
2188 4582 2329 4630 1509,
2350 4516 2598 4617 adai-nired
2612 4567 2701 4616 his
2719 4567 3064 4619 industrious

656 4632 854 4681 Laetus
871 4637 928 4684 at
945 4633 1128 4699 Rome,
1147 4638 1256 4685 and
1271 4640 1437 4686 wrote
1451 4634 1805 4684 annotatione
1906 4634 1997 4682 old
2016 4648 2110 4696 age
2126 4634 2312 4682 rather
2320 4634 2455 4682 than
2473 4632 2561 4682 his
2579 4633 2843 4698 learning.
2885 4635 3059 4684 Lond.

654 4711 724 4746 on
737 4697 966 4747 Cicero’s
977 4702 1151 4763 Officia,
1163 4705 1473 4764 desc-nectua,
1489 4703 1801 4761 deAmicieia,
1906 4700 2060 4765 xxiii.
2085 4714 2143 4761 5:
2178 4698 2284 4749 LB.
2305 4702 2420 4759 671.
