3355 5380
230 391 402 477 ¹⁴39]
879 398 985 458 ΤΟ
1038 398 1523 461 CORNELIUS
1582 398 1935 462 GERARD
2511 407 2625 464 113

226 554 467 632 pserim‚
492 574 722 615 meum
750 554 820 613 in
848 556 910 615 te
937 574 1214 616 amorem
1236 555 1589 634 elanguisse
1616 555 1963 634 suspiceris,
1988 576 2066 617 ne
2086 557 2291 619 dicam
2319 558 2624 621 interisse.

231 652 389 714 Haec
418 653 700 714 dixerim
730 672 863 714 non
889 653 1054 732 quod
1081 653 1210 714 iam
1238 652 1387 714 vllis
1413 653 1484 713 in
1521 653 1710 715 rebus
1737 658 1799 715 te
1824 675 1862 716 a
1889 675 2030 717 mea
2063 655 2276 716 abesse
2317 658 2633 720 sententia

234 751 488 827 videam,
520 751 632 812 sed
677 772 822 829 quo,
864 751 922 811 si
957 751 1204 830 quando
1242 751 1501 814 huiusce
1537 752 1631 813 rei
1667 752 1999 832 quicquam
2038 752 2343 830 inciderit,
2376 758 2632 818 mutuae

237 854 474 910 nostrae
515 850 998 911 beneuolentiae
1035 850 1396 912 consultum
1431 851 1643 913 velim.
1733 851 2057 930 Siquidem
2097 853 2261 930 quod
2302 853 2379 914 de
2414 855 2633 917 nostro
2661 876 2721 914 10

235 947 407 1008 Valla
434 947 678 1022 scribis,
710 948 802 1008 sic
828 948 1205 1027 interpretor
1230 952 1300 1009 vt
1328 948 1686 1010 existimem
1713 951 1776 1010 te
1803 969 1930 1011 non
1959 969 2036 1010 ex
2071 951 2284 1013 animo
2320 952 2430 1013 sed
2467 955 2633 1014 certo

238 1043 489 1106 consilio
516 1045 841 1123 scripsisse
863 1068 880 1122 ;
916 1047 1049 1108 siue
1070 1050 1142 1108 vt
1163 1045 1299 1108 stili
1326 1047 1687 1108 facultatem
1717 1052 1777 1108 ἐν
1803 1047 1982 1128 ᾶὸόξῳ
2008 1050 2277 1110 ὑποθέσει
2301 1070 2631 1129 exerceres,

237 1145 362 1204 siue
407 1147 482 1205 vt
528 1144 693 1205 mihi
739 1144 1049 1206 scribendi
1102 1144 1430 1206 materiam
1485 1146 1935 1223 suppeditareS‚
1987 1149 2051 1207 et
2105 1147 2634 1226 quemadmodum

236 1242 392 1321 apud
450 1243 791 1304 Platonem
848 1243 1088 1305 Glauco
1135 1244 1489 1322 vituperata
1542 1244 1795 1305 iusticia
1848 1245 2164 1306 Socratem
2220 1246 2298 1308 ad
2353 1246 2637 1309 iusticiae

238 1340 662 1402 defensionem
703 1345 1018 1420 prouocat,
1063 1343 1152 1403 ita
1192 1345 1264 1403 tu
1305 1362 1407 1402 me
1446 1341 1523 1402 ad
1558 1342 1777 1403 Vallae
1818 1342 2242 1404 defensionem
2283 1345 2631 1423 proliceres,
2666 1364 2725 1416 15

236 1460 561 1501 mcensens
601 1461 790 1519 quam
832 1441 1111 1519 indignis
1160 1441 1461 1503 conuiciis
1499 1441 1898 1502 stolidissimi
1938 1441 2245 1504 barbariei
2283 1446 2528 1520 mystae
2568 1445 2636 1506 in

236 1540 447 1600 virum
496 1537 1000 1600 literatissimum
1049 1538 1527 1601 debacchentur.
1613 1539 1794 1616 Quod
1844 1540 2097 1619 quidem
2143 1538 2246 1601 vel
2295 1540 2414 1602 hoc
2462 1561 2639 1620 argu·

236 1640 453 1698 mento
508 1637 690 1698 facile
746 1637 958 1716 colligi
1010 1640 1233 1717 potest,
1284 1637 1450 1717 quod
1493 1637 1747 1699 Vallam
1794 1658 1921 1699 non
1965 1637 2279 1700 lectitasse
2323 1640 2508 1701 modo
2553 1643 2632 1715 te,

235 1736 653 1796 verumetiam
700 1736 1024 1798 imitatum
1067 1736 1317 1800 fateris:
1381 1736 1566 1816 idque
1607 1737 1864 1797 tametsi
1904 1740 1977 1797 tu
2016 1757 2221 1817 neges,
2267 1740 2482 1800 tamen
2522 1737 2638 1799 ele·

234 1834 451 1911 gantis
490 1833 625 1895 stili
654 1835 753 1895 tui
789 1835 1153 1915 phrasisque
1192 1835 1495 1896 clamitat.
1582 1834 1880 1913 Quisquis
1914 1835 2112 1914 igitur
2143 1834 2253 1897 ille
2288 1838 2406 1912 est,
2433 1837 2541 1915 qui
2567 1839 2636 1898 vt
2664 1856 2727 1894 ιο

233 1951 340 1992 sus
366 1952 582 2008 coeno,
614 1932 704 1993 ita
730 1933 1079 2011 imperitiae
1105 1934 1347 1995 amicus
1386 1933 1733 2011 gloriosum
1768 1953 1840 1994 ac
1881 1932 2266 2013 praeclarum
2297 1934 2635 2009 existimat,

238 2031 291 2092 si
318 2032 455 2111 ipse
480 2052 694 2092 rerum
723 2033 1007 2093 omnium
1034 2032 1344 2093 bonarum
1372 2032 1609 2093 inscius
1640 2031 2035 2093 doctissimos
2068 2052 2340 2112 quosque
2376 2032 2634 2109 inuidia,
2679 2026 2682 2029 ’

236 2128 381 2190 odio
420 2128 845 2208 conuiciisque
876 2120 1320 2209 prosequatur:
1359 2133 1739 2209 quantopere
1778 2130 2061 2209 desipiat,
2092 2131 2325 2208 paucis,
2353 2130 2411 2192 si
2447 2130 2632 2207 volet,

233 2227 469 2288 audiat.

314 2326 398 2387 In
438 2326 666 2405 primis
707 2327 843 2388 suis
885 2348 1167 2408 quenque
1208 2327 1568 2403 virtutibuS,
1609 2348 1736 2389 non
1778 2326 2050 2389 aliorum
2083 2328 2393 2406 opinione,
2428 2328 2639 2389 metiri
2665 2345 2724 2397 25

233 2424 425 2501 decet,
467 2445 582 2486 nec
624 2425 846 2504 quanti
879 2426 1063 2487 illum
1099 2428 1287 2502 fama,
1318 2447 1441 2506 qua
1477 2425 1642 2487 nihil
1681 2426 1987 2502 fallacius,
2015 2425 2122 2487 sed
2162 2427 2470 2505 quomodo
2506 2426 2639 2505 ipse

231 2541 297 2581 se
333 2527 512 2601 gerat
550 2523 1184 2586 animaduertendum
1224 2527 1359 2586 est:
1406 2524 1639 2603 alioqui
1679 2524 1780 2585 cui
1822 2544 1946 2585 non
1985 2544 2106 2585 vsu
2146 2529 2489 2587 venturum
2518 2529 2632 2600 est,

230 2623 302 2681 vt
345 2621 616 2682 subinde
657 2623 833 2684 velut
872 2622 1036 2684 alius
1076 2626 1328 2703 repente
1370 2623 1576 2684 factus
1617 2644 1654 2684 a
1696 2622 1900 2702 seipso
1945 2622 2290 2684 dissideat?
2370 2621 2496 2684 Hic
2537 2643 2639 2684 me

231 2718 575 2797 literatum,
626 2720 736 2782 ille
788 2722 1162 2798 barbarum3
1225 2722 1328 2783 hic
1371 2721 1658 2799 probum,
1708 2721 1820 2782 ille
1873 2721 2235 2800 improbum
2281 2720 2470 2796 facit3
2529 2720 2641 2781 alii

232 2817 611 2894 gloriosulus
660 2839 818 2894 sum,
865 2820 975 2881 alii
1017 2841 1269 2882 rursum
1316 2820 1683 2899 putidulus;
1741 2819 2005 2897 denique
2052 2819 2242 2881 huius
2285 2819 2479 2880 oculis
2525 2820 2642 2880 for·
2666 2836 2730 2886 30

234 2935 452 2978 moeus
502 2938 669 2993 sum,
715 2918 891 2979 illius
946 2919 1260 2981 deformis.
1349 2919 1548 2995 Quem
1597 2939 1712 2997 ego
1761 2938 1892 2980 non
1941 2917 2218 2978 Prothea
2261 2917 2485 2992 vicero,
2530 2921 2640 2979 aut

233 3016 385 3093 quid
427 3016 693 3078 tandem
740 3018 1018 3096 portenti
1059 3018 1227 3094 fiam,
1273 3018 1330 3078 si
1373 3018 1430 3079 is
1469 3037 1575 3078 ero
1620 3037 2031 3097 quencunque
2079 3037 2181 3076 me
2224 3015 2501 3077 lubitum
2543 3021 2642 3077 est

230 3113 436 3175 facere
489 3115 725 3194 populo
740 3119 775 3177 ⁴?
859 3115 1000 3177 Imo
1048 3115 1578 3195 quemadmodum
1632 3117 1994 3195 suspectum
2049 3134 2184 3175 esse
2238 3114 2423 3176 debet
2474 3114 2641 3194 quic-

229 3212 383 3291 quid
428 3214 829 3275 multitudini
866 3213 1053 3276 valde
1098 3214 1436 3293 probatum
1493 3214 1584 3274 ita
1624 3214 2027 3276 vehementer
2074 3212 2401 3292 displicere
2451 3213 2642 3291 vulgo

227 3311 690 3388 praeiudicium
744 3315 840 3373 est
894 3313 976 3374 ad
1029 3312 1362 3391 probitatis
1417 3311 2040 3373 commendationem.
2128 3312 2296 3387 Quin
2360 3311 2469 3373 fiet
2533 3310 2641 3373 ali·
2667 3328 2729 3380 35

229 3410 477 3486 quoties
524 3414 597 3471 vt
634 3410 917 3472 eiusdem
956 3411 1235 3472 hominis
1278 3411 1540 3472 arbitrio
1585 3430 1754 3471 nunc
1798 3409 1980 3472 albus
2025 3430 2194 3471 nunc
2243 3409 2422 3489 niger
2467 3409 2639 3471 fiam.

231 3509 632 3570 Stesichorus
670 3509 988 3571 Helenam
1030 3510 1371 3572 deformem
1406 3510 1594 3585 facit;
1652 3529 1799 3570 mox
1842 3509 2099 3570 orbatus
2140 3509 2338 3570 oculis
2375 3509 2640 3570 eandem

230 3607 525 3669 omnium
573 3607 725 3668 facit
774 3608 1330 3684 formosissimam;
1389 3627 1501 3668 nec
1548 3607 1806 3668 interim
1851 3608 2181 3686 quicquam
2229 3608 2486 3669 accessit
2534 3611 2643 3669 aut

229 3703 499 3766 decessit
547 3704 830 3767 Helenae
882 3707 1136 3768 formae.
1223 3705 1403 3767 Nihil
1456 3705 1653 3784 igitur
1707 3709 1905 3782 agunt
1952 3705 2060 3784 qui
2114 3704 2421 3766 obiiciunt
2476 3706 2642 3784 quod

230 3801 735 3865 laurentianum
785 3824 1018 3867 nomen
1061 3804 1225 3885 apud
1274 3804 1601 3883 plerosque
1656 3805 1835 3882 graui
1890 3804 2112 3882 flagrat
2158 3804 2438 3880 inuidia3
2495 3825 2642 3865 nam
2668 3818 2734 3870 40

231 3920 483 3982 semper
524 3902 675 3964 huic
715 3903 886 3964 malo
925 3906 1129 3966 virtus
1170 3902 1439 3981 insignis
1478 3902 1597 3963 fuit
1640 3901 1927 3963 obnoxia.
2013 3901 2236 3962 Multis
2271 3922 2400 3963 non
2440 3901 2643 3981 placet

233 4000 651 4064 Laurentius:
700 4004 767 4062 at
796 4002 1025 4080 quibus
1042 4005 1076 4065 ⁹?
1153 4002 1475 4063 Nimirum
1502 4001 1582 4061 iis
1610 3999 1841 4079 quibus
1868 4020 1996 4060 non
2033 3999 2285 4079 placent
2320 3999 2644 4078 politiores

235 4097 468 4161 literae.

315 4198 443 4259 Hic
472 4199 639 4260 dicet
667 4200 998 4278 quispiam,
1028 4203 1100 4260 vt
1127 4198 1521 4278 negligamus
1548 4199 1727 4277 vulgi
1754 4197 2165 4273 rumusculos,
2198 4196 2448 4276 qualem
2475 4197 2644 4259 hunc

240 4294 523 4376 depinxit
571 4298 827 4376 Pogius,
873 4297 976 4359 vir
1019 4317 1134 4358 nec
1179 4297 1502 4375 inelegans
1551 4317 1664 4358 nec
1711 4296 2007 4358 indoctus
2023 4297 2057 4356 ⁴?
2139 4295 2336 4374 Pogio
2383 4296 2510 4356 fuit
2556 4296 2643 4358 in·
2669 4308 2734 4359 45

241 4395 427 4472 uisus,
480 4397 593 4459 sed
641 4397 795 4471 vni;
856 4399 918 4458 et
963 4395 1198 4475 Pogius
1238 4396 1356 4458 hoc
1404 4400 1533 4457 erat
1591 4394 1805 4456 animo
1854 4397 1926 4455 vt
1976 4393 2381 4454 doctissimus
2423 4393 2644 4455 haberi

304 4531 354 4578 9.
385 4534 491 4582 quo
512 4524 563 4569 E
578 4536 594 4569 z
626 4516 777 4581 quod
798 4521 864 4568 H.
1065 4532 1139 4580 15.
1179 4518 1258 4567 ita
1279 4521 1341 4567 tu
1364 4516 1507 4567 EN':
1540 4519 1620 4566 ita
1639 4519 1704 4566 vt
1726 4519 1790 4566 tu
1812 4515 1880 4564 Νι
1902 4520 2049 4566 Lond.
2245 4517 2320 4565 16.
2359 4530 2643 4565 recensens

245 4584 318 4632 2:
350 4599 590 4635 recenses
617 4588 761 4633 Lond.
965 4597 1043 4646 19.
1075 4586 1299 4633 tametsi
1320 4587 1400 4632 E:
1434 4583 1648 4633 etiamsi
1670 4586 1736 4632 Η.
1939 4596 2022 4641 42.
2060 4581 2128 4628 iis
2151 4584 2229 4630 E:
2264 4580 2352 4628 his
2375 4585 2433 4628 N.

511 4734 589 4782 ¹5·
625 4716 821 4767 Vallae
846 4713 1244 4790 defensionem]
1266 4715 1398 4764 This
1422 4716 1468 4764 is
1490 4712 1836 4764 undertaken
1857 4714 2016 4778 again
2045 4713 2105 4761 in
2128 4712 2225 4774 Ep.
2243 4712 2362 4761 182.
