3355 5380
259 390 444 477 1499]
1078 392 1187 454 TO
1241 390 1469 455 JOHN
1526 388 1829 455 SIXTIN
2527 394 2648 453 269

330 549 616 613 Tandem
673 568 819 610 cum
875 552 939 611 et
991 548 1240 628 longius
1290 550 1692 628 processisset
1738 547 2098 627 disputatio,
2146 551 2214 609 et
2254 552 2419 610 esset
2460 563 2651 628 quam

249 653 320 712 vt
360 648 656 710 conuiuio
703 648 1067 710 conueniret
1119 649 1369 727 grauior
1414 650 1601 726 atque
1640 647 1931 722 seuerior,
1974 649 2114 708 tum
2155 663 2269 726 ego
2308 645 2485 722 meis,
2530 646 2649 709 hoc

247 751 343 808 est
382 749 619 826 poetae,
658 744 943 824 partibus
980 745 1329 819 functurus,
1371 748 1444 807 vt
1482 749 1545 806 et
1585 763 1724 806 eam
1763 743 2232 806 contentionem
2273 743 2650 806 discuterem

245 849 314 907 et
367 844 689 908 festiuiore
741 843 971 906 fabella
1020 844 1354 922 prandium
1418 843 1849 918 exhilararem,
1915 845 1931 874 ‘
1947 842 2071 904 Res
2092 844 2109 869 '
2161 841 2423 921 inquam
2484 847 2500 876 ‘
2521 862 2632 921 per

247 943 509 1021 antiqua
552 945 651 1003 est
697 944 762 1002 et
806 960 885 1002 ex
930 940 1381 1004 vetustissimis
1424 941 1750 1003 autoribus
1796 940 2145 1020 repetenda,
2198 940 2277 1002 de
2323 959 2449 1019 qua
2495 939 2647 1019 quid

247 1040 382 1119 ipse
418 1038 490 1100 in
526 1038 728 1100 literis
762 1039 1097 1117 repererim
1137 1057 1463 1117 exponam,
1505 1039 1562 1100 si
1593 1039 1773 1117 prius
1807 1038 1974 1101 detis
2008 1036 2200 1100 fidem
2228 1057 2341 1101 vos
2377 1037 2443 1099 id
2481 1038 2647 1125 quod

247 1154 394 1197 sum
421 1140 787 1199 narraturus
811 1156 924 1216 pro
955 1136 1167 1199 fabula
1198 1156 1328 1199 non
1365 1136 1731 1199 habituros.’
1810 1136 1939 1197 Vbi
1964 1135 2416 1215 promisissent,
2452 1136 2471 1168 ‘
2489 1135 2650 1198 Inci-

248 1234 463 1296 dimus
479 1238 495 1262 ’
530 1236 792 1315 inquam
834 1237 850 1267 ‘
869 1234 1022 1296 olim
1070 1235 1141 1296 in
1179 1236 1685 1298 vetustissimum
1727 1234 2023 1311 codicem,
2062 1234 2244 1297 cuius
2283 1239 2348 1297 et
2388 1234 2650 1298 titulum

247 1336 315 1393 et
355 1336 635 1395 autorem
672 1336 848 1395 aetas
880 1332 1235 1396 aboleuerat
1273 1334 1600 1413 tineaeque
1639 1334 1825 1396 bonis
1864 1333 2067 1395 literis
2104 1351 2351 1410 semper
2387 1332 2649 1396 infestae
2674 1364 2744 1413 40

244 1430 624 1494 deroserant.
708 1432 792 1494 In
836 1451 911 1493 eo
941 1432 1124 1493 vnica
1162 1434 1418 1493 tantum
1454 1432 1683 1510 pagina
1728 1451 1845 1493 nec
1896 1434 2029 1493 erat
2072 1430 2236 1492 carie
2270 1431 2496 1493 viciata
2533 1450 2648 1493 nec

242 1547 283 1589 a
322 1529 512 1592 tineis
553 1533 666 1592 aut
702 1530 1003 1592 soricibus
1038 1550 1263 1606 arrosa,
1294 1530 1492 1592 Musis
1529 1531 1713 1592 credo
1746 1550 1902 1609 quae
1935 1549 2050 1592 sua
2085 1532 2237 1591 sunt
2272 1530 2643 1594 tutantibus.

245 1626 328 1688 In
373 1647 444 1689 ea
485 1628 604 1690 hac
647 1628 782 1708 ipsa
824 1629 905 1691 de
942 1649 1029 1705 re,
1068 1629 1146 1690 de
1188 1648 1310 1708 qua
1352 1627 1699 1704 decernitis,
1742 1628 1948 1708 legere
1986 1626 2251 1689 memini
2290 1630 2401 1689 aut
2435 1647 2647 1690 veram

239 1728 370 1801 aut,
417 1726 475 1787 si
514 1746 665 1789 vera
704 1746 833 1790 non
875 1729 988 1803 est,
1028 1729 1196 1788 certe
1236 1728 1371 1790 veri
1409 1726 1803 1788 simillimam
1841 1725 2305 1800 narrationem3
2361 1745 2551 1804 quam
2591 1725 2648 1788 si

239 1823 440 1886 vulfifl
465 1824 838 1888 recensebo-⁹
2671 1856 2738 1908 45

324 1922 704 1987 Iubentibus
739 1924 870 1986 illis
906 1925 922 1955 ‘
941 1924 1098 1985 Erat
1112 1925 1130 1950 ⁹
1163 1925 1426 2003 inquam
1466 1925 1482 1957 ⁴
1501 1925 1700 2002 Caym
1739 1921 1847 1985 ille
1889 1923 2081 1985 homo
2122 1923 2647 2003 quemadmodum

240 2022 613 2098 industrius,
672 2022 761 2086 ita
811 2021 1137 2085 famelicus
1200 2026 1264 2083 et
1328 2023 1569 2085 auidus.
1686 2022 1758 2084 Is
1820 2041 1859 2084 a
1923 2021 2288 2100 parentibus
2352 2040 2646 2101 persaepe

237 2119 521 2183 audierat
561 2122 632 2182 in
672 2121 972 2183 viridario
1010 2119 1122 2182 illo
1162 2121 1328 2183 vnde
1372 2122 1641 2182 fuissent
1683 2119 1948 2199 depulsi,
1987 2122 2227 2199 segetes
2265 2138 2380 2181 sua
2418 2122 2645 2199 sponte

237 2219 568 2296 prouenire
597 2219 968 2282 laetissimas
994 2217 1185 2297 spicis
1209 2218 1631 2298 amplissimis,
1655 2218 1871 2298 granis
1895 2217 2396 2297 praegrandibus,
2420 2217 2646 2280 culmis

238 2316 396 2378 adeo
442 2318 723 2395 proceris
767 2321 841 2380 vt
884 2317 1102 2379 alnum
1142 2319 1484 2380 nostratem
1524 2321 1902 2396 aequarent3
1955 2317 2048 2377 eis
2086 2335 2203 2378 nec
2244 2316 2484 2392 lolium,
2529 2336 2644 2379 nec
2671 2345 2738 2398 50

235 2416 487 2494 spinam
553 2416 753 2478 vllam
821 2422 931 2478 aut
990 2417 1287 2478 carduum
1346 2416 1706 2478 internasci,
1809 2416 1985 2478 Haec
2038 2434 2238 2494 quum
2291 2414 2403 2477 ille
2452 2414 2644 2494 probe

235 2515 639 2577 meminisset
671 2513 1032 2593 videretque
1069 2533 1208 2574 eam
1248 2513 1539 2575 tellurem
1575 2533 1769 2592 quam
1806 2517 1947 2574 tum
1978 2514 2246 2575 vexabat
2284 2513 2504 2591 aratro,
2534 2515 2644 2577 vix

230 2612 588 2693 malignam
613 2613 1051 2694 minutamque
1086 2611 1335 2692 frugem
1369 2611 1725 2690 producere,
1759 2611 1977 2674 dolum
2010 2610 2253 2673 addidit
2276 2610 2638 2674 industriae.
2670 2683 2677 2688 ,
2708 2655 2711 2660 -

228 2711 563 2791 Angelum
589 2711 777 2773 illum
802 2712 1073 2789 paradisi
1106 2710 1430 2772 custodem
1463 2710 1640 2787 adiit,
1671 2729 1939 2789 eumque
1967 2708 2362 2772 veteratoriis
2390 2708 2643 2771 technis

225 2810 498 2873 adortus
533 2810 785 2888 magnis
817 2809 1144 2888 promissis
1179 2809 1469 2887 corrupit,
1510 2812 1584 2871 vt
1622 2809 1749 2870 sibi
1784 2828 1863 2870 ex
1899 2806 2282 2870 felicioribus
2316 2805 2449 2869 illis
2472 2825 2641 2885 sege-
2668 2833 2734 2886 5⁵

224 2908 408 2971 tibus
446 2908 552 2970 vel
590 2908 857 2987 paucula
894 2927 1088 2987 grana
1127 2908 1289 2969 clam
1331 2908 1688 2987 largiretur.
1770 2905 2032 2969 Dicebat
2071 2906 2279 2967 Deum
2315 2903 2445 2965 iam
2486 2904 2640 2966 olim

224 3006 427 3068 huius
468 3006 560 3067 rei
599 3025 891 3069 securum
930 3026 1001 3068 ac
1043 3004 1466 3085 negligentem
1505 3025 1679 3081 esse;
1732 3009 1874 3067 tum
1915 3004 1972 3066 si
2013 3004 2286 3065 maxime
2329 3002 2635 3079 rescisset,

222 3105 415 3168 facile
431 3106 695 3184 impune
711 3106 1017 3182 futurum,
1042 3125 1187 3167 cum
1207 3124 1309 3166 res
1333 3106 1494 3166 esset
1512 3103 1754 3165 nullius
1777 3103 2103 3178 momenti,
2127 3101 2315 3164 modo
2336 3101 2414 3163 de
2437 3101 2643 3179 pomis

221 3203 361 3266 illis
389 3202 557 3266 nihil
582 3204 1013 3282 attingeretur,
1048 3204 1126 3264 de
1152 3204 1380 3283 quibus
1406 3201 1557 3264 solis
1583 3202 1788 3264 fuerat
1814 3200 2262 3263 interminatus
2288 3201 2479 3263 Deus.

317 3307 333 3336 ‘
357 3303 584 3365 “Eia'’
621 3303 829 3382 inquit
865 3304 904 3334 ‘⁴
928 3322 1009 3364 ne
1046 3303 1280 3364 ianitor
1317 3302 1404 3363 sis
1429 3301 1706 3362 nimium
1730 3299 2021 3379 diligens.
2107 3298 2271 3375 Quid
2300 3297 2358 3359 si
2396 3299 2732 3378 ingrataoo

222 3402 422 3465 etiam
443 3404 543 3462 est
560 3399 659 3462 illi
678 3401 878 3484 nimia
896 3403 1008 3463 tua
1033 3398 1411 3463 saedulitas?
1471 3398 1634 3475 Quid
1661 3398 1721 3458 si
1739 3397 1878 3459 falli
1895 3396 2088 3459 etiam
2107 3395 2297 3476 cupit,
2317 3396 2638 3476 magisque

223 3499 421 3563 illum
450 3499 784 3561 hominum
803 3498 1031 3560 callida
1055 3497 1370 3560 industria
1401 3515 1590 3576 quam
1620 3497 1793 3557 iners
1830 3496 2039 3557 ocium
2066 3494 2399 3556 delectabit
2417 3497 2453 3558 Ῥ
2530 3496 2639 3557 An

223 3618 380 3662 vero
422 3601 499 3660 tu
535 3598 654 3660 tibi
689 3598 814 3659 isto
843 3616 1105 3659 munere
1142 3614 1521 3675 magnopere
1545 3595 1755 3674 places
1769 3595 1804 3655 ⁴?
1884 3593 1985 3655 Ex
2020 3591 2243 3669 angelo
2281 3592 2637 3656 carnificem

222 3700 294 3758 te
347 3696 518 3771 fecit,
563 3698 640 3757 vt
690 3697 956 3758 miseros
1001 3713 1119 3756 nos
1161 3697 1228 3756 et
1267 3693 1548 3772 perditos
1588 3691 1861 3755 crudelis
1897 3709 2141 3754 arceres
2186 3710 2224 3752 a
2268 3690 2507 3769 patria;
2574 3694 2637 3753 te

217 3796 474 3859 foribus
501 3814 649 3857 cum
668 3794 1006 3874 romphaea
1030 3793 1334 3873 alligauit,
1358 3792 1458 3854 cui
1477 3793 1728 3854 muneri
1749 3810 1867 3853 nos
1886 3809 2068 3853 canes
2092 3809 2295 3869 nuper
2320 3789 2639 3869 coepimus
2661 3804 2726 3872 65

213 3894 532 3957 addicere.
605 3892 736 3955 Nos
762 3892 1020 3972 quidem
1045 3911 1267 3955 sumus
1290 3890 1649 3965 miserrimi,
1670 3892 1739 3951 at
1763 3890 1838 3950 tu
1863 3889 2026 3951 mihi
2043 3888 2253 3951 videre
2279 3888 2637 3951 conditione

215 4012 357 4055 non
397 3990 593 4072 paulo
630 3990 969 4053 afflictiore-
1056 3990 1188 4053 Nos
1229 3988 1482 4068 quidem
1520 3987 1807 4067 paradiso
1848 4006 2148 4063 caremus,
2192 3986 2340 4066 quia
2373 4005 2636 4065 pomum

209 4091 499 4154 nimium
537 4088 724 4152 dulce
761 4089 1174 4167 gustauimus.
1261 4087 1357 4148 Tu
1391 4088 1463 4147 vt
1497 4086 1648 4148 inde
1688 4106 1807 4149 nos
1843 4103 2071 4161 arceas,
2099 4085 2335 4163 pariter
2362 4088 2427 4146 et
2467 4084 2636 4147 coelo

207 4208 399 4252 cares
453 4192 522 4250 et
575 4188 899 4267 paradis03
967 4186 1085 4248 hoc
1142 4184 1446 4259 miserior,
1500 4184 1667 4263 quod
1722 4183 1909 4246 nobis
1962 4182 2218 4263 quidem
2272 4182 2399 4243 huc
2447 4185 2636 4260 atque

203 4287 401 4362 illuc,
455 4307 581 4366 quo
635 4287 755 4348 fert
807 4284 1006 4346 animi
1058 4282 1274 4357 libido,
1319 4282 1532 4360 vagari
1579 4281 1853 4344 liberum
1898 4285 2010 4343 est.
2114 4279 2328 4343 Habet
2373 4281 2439 4340 et
2483 4278 2634 4340 haec
2662 4304 2728 4358 70

197 4390 444 4450 nostra
477 4385 669 4465 regio,
709 4384 768 4447 si
803 4383 1021 4459 nescis,
1053 4382 1285 4462 quibus
1323 4380 1586 4442 exilium
1618 4384 1909 4444 nostrum
1943 4378 2347 4453 consolemur,
2380 4394 2636 4439 nemora

190 4486 425 4550 comis
449 4481 822 4557 virentibus,
856 4481 1032 4543 mille
1057 4481 1351 4543 arborum
1377 4498 1603 4557 genera
1630 4481 1696 4539 et
1722 4477 1952 4558 quibus
1975 4476 2235 4540 vixdum
2266 4474 2633 4538 inuenimus

187 4583 544 4659 vocabula,
569 4580 911 4645 fonticulos
931 4581 1165 4658 passim
1185 4599 1261 4641 ex
1281 4578 1477 4650 cliuis,
1499 4597 1578 4638 ex
1603 4576 1869 4657 rupibus
1894 4576 2299 4639 scaturientes
2311 4597 2328 4649 ς
2368 4571 2636 4635 flumina

688 4701 773 4750 62.
809 4698 966 4749 illum
992 4702 1105 4750 add.
1130 4702 1197 4751 H.
1391 4698 1472 4758 63.
1506 4710 1732 4746 munere
1754 4701 1823 4747 F:
1860 4696 2088 4745 numine
2108 4697 2167 4743 E.
