3355 5380
711 355 828 412 262
1403 351 1786 413 LETTERS
1842 352 1948 412 OF
2003 351 2405 415 ERASMUS
2922 349 3114 434 [1499

623 523 682 570 25
706 508 823 570 hos
865 528 993 570 non
1033 508 1308 570 multum
1347 498 1720 587 attin'gunt3
1760 529 1799 570 a
1839 508 2369 571 concitationibus
2406 529 2559 587 quae
2596 510 2754 586 πάθη
2790 512 3112 584 vocantur,

707 625 963 684 prorsus
1002 608 1361 683 abstinent;
1411 607 1590 669 nulla
1631 608 1705 669 in
1746 607 1838 668 eis
1880 608 2167 686 procella,
2215 607 2434 670 nullus
2472 610 2720 669 torrens
2761 607 2931 685 ripas
2973 628 3117 670 suas

706 705 1049 785 egrediens,
1096 706 1275 768 nulla
1323 707 1587 771 δείνωσις.
1675 706 2027 768 Verborum
2071 706 2233 768 mira
2278 706 2621 784 frugalitas,
2667 706 2918 767 malunt
2964 706 3118 768 citra

705 806 967 868 modum
1000 805 1336 868 consistere
1373 826 1563 883 quam
1600 805 1769 867 vltra
1803 805 2081 884 prouehi,
2113 826 2187 867 ac
2222 805 2326 866 vel
2365 805 2690 867 littoribus
2726 805 2892 866 illidi
2928 825 3117 883 quam

707 905 835 965 alto
882 923 950 966 se
997 905 1407 965 committere.
1498 905 1705 966 Fucus
1753 904 2013 965 omnino
2057 907 2154 964 est
2200 903 2438 978 nullus,
2490 904 2597 965 sed
2643 904 2815 965 color
2860 903 3120 965 natiuus

621 1015 685 1063 30
709 1004 966 1081 quidem
993 1003 1105 1065 ille
1132 1003 1590 1082 verum—quid
1621 1023 1765 1065 mea
1780 1005 2078 1064 ‘P—vetus
2102 1005 2168 1064 et
2195 1003 2613 1078 mustelinus;
2656 1001 3000 1064 artificium
3030 1002 3120 1064 ita

708 1101 1111 1163 dissimulant
1152 1105 1224 1163 vt
1265 1102 1457 1162 etiam
1505 1101 1562 1162 si
1602 1102 1893 1181 Lynceus
1946 1101 2049 1176 sis,
2098 1100 2351 1162 nullum
2391 1101 2596 1179 possis
2635 1101 3115 1179 deprehendere.

709 1203 846 1276 Qua
873 1201 1125 1279 quidem
1151 1220 1279 1261 vna
1320 1199 1502 1261 laude
1535 1220 1677 1261 sum
1715 1200 1953 1260 Atticis
1985 1198 2172 1277 paulo
2208 1200 2402 1260 etiam
2434 1200 2734 1277 superior.
2821 1200 2988 1260 Nam
3018 1198 3120 1259 'illi

709 1302 798 1361 sic
837 1303 1037 1361 artem
1078 1299 1284 1361 celant
1318 1302 1390 1360 vt
1426 1299 1580 1360 alios
1617 1298 1804 1360 modo
1839 1296 2084 1371 fallant,
2116 1318 2229 1377 ego
2265 1297 2356 1359 sic
2390 1301 2463 1358 vt
2495 1298 2811 1376 meipsum
2848 1317 3117 1376 quoque.

711 1398 820 1460 Illi
860 1399 980 1459 hoc
1022 1399 1210 1458 modo
1252 1397 1409 1458 dant
1449 1417 1705 1476 operam
1745 1416 1826 1456 ne
1862 1396 2015 1473 quid
2048 1400 2221 1457 extet
2256 1417 2418 1457 neue
2459 1396 2546 1457 sit
2584 1396 2815 1472 obuia;
2865 1416 3026 1474 quae
3064 1397 3124 1456 si

621 1503 681 1552 35
708 1517 838 1559 non
865 1498 943 1558 ab
969 1496 1271 1572 auditore,
1304 1496 1360 1558 si
1386 1516 1513 1558 non
1543 1516 1580 1557 a
1606 1495 1836 1556 lectore
1863 1495 2283 1570 oscitabundo,
2309 1498 2474 1556 certe
2501 1514 2538 1555 a
2565 1494 2820 1568 curioso,
2846 1496 3017 1555 certe
3041 1495 3125 1556 ab

710 1595 1095 1658 aemulatore
1141 1595 1429 1671 sentitur,
1477 1596 1604 1669 vbi,
1651 1597 1724 1655 vt
1760 1595 1849 1656 ait
1897 1594 2217 1667 Horatius,
2266 1594 2573 1673 sudatque
2610 1593 2724 1654 diu
2764 1593 3126 1672 frustraque

710 1692 963 1756 laborat.
1054 1695 1142 1755 At
1190 1713 1333 1753 mea
1377 1693 1434 1754 si
1483 1693 1625 1770 quis
1672 1696 1763 1754 ita
1810 1692 2084 1755 insaniat
2129 1695 2199 1752 vt
2247 1694 2508 1752 conetur
2566 1691 2935 1770 exprimere,
2980 1695 3127 1753 tum

710 1796 966 1855 demum
991 1792 1239 1853 artificii
1269 1813 1460 1870 quam
1487 1792 1826 1852 minimum
1853 1811 2151 1853 sensurus
2173 1794 2288 1852 est.
2357 1790 2684 1852 Hactenus
2708 1790 3127 1852 Atticismum

710 1895 969 1969 praesto.
1055 1891 1214 1951 Nam
1256 1893 1330 1952 vt
1366 1891 1695 1951 Ennianus
1729 1890 1836 1950 ille
1879 1889 2117 1950 modice
2152 1888 2583 1968 philosophari
2621 1888 2843 1965 voluit,
2882 1890 2977 1951 it·
3009 1911 3122 1969 ego

618 2007 686 2056 40
710 1990 1078 2051 Atticissare
1114 1989 1308 2067 probo
1345 1989 1622 2067 quidem,
1660 1991 1728 2049 at
1763 1987 2039 2049 nimium
2076 2007 2204 2049 non
2241 1987 2450 2064 probo.
2539 1988 2757 2048 Terret
2788 2008 2892 2049 me
2927 1988 3122 2050 'Pheo-

710 2089 795 2165 ph
804 2090 1005 2149 rastus
1028 2087 1308 2147 aniculae
1338 2089 1680 2148 scommate
1707 2089 1982 2162 notatus,
2005 2086 2166 2164 quod
2199 2085 2471 2146 nimium
2499 2083 2711 2147 Attice
2736 2086 3117 2164 loqueretur.

711 2186 898 2248 Hanc
949 2206 1064 2264 ego
1126 2188 1340 2246 notam
1405 2188 1476 2245 vt
1541 2185 1853 2264 effugiam,
1911 2183 2361 2246 Anacharsidis
2424 2183 2922 2264 Scythicismum
2984 2206 3121 2246 meo

712 2284 1045 2346 Atticismo
1084 2302 1357 2361 aspergo,
1447 2281 1589 2344 Non
1630 2304 1749 2345 nos
1790 2279 2084 2344 Enniano
2125 2303 2301 2343 more
2340 2303 2667 2360 nunquam
2705 2282 2830 2344 nisi
2869 2284 3008 2361 poti
3046 2284 3120 2344 ad

709 2402 886 2443 arma
927 2381 1188 2442 dicenda
1232 2381 1612 2460 prosilimus,
1659 2401 1776 2443 nec
1820 2381 2064 2442 Musam
2104 2379 2430 2459 antiquam
2471 2379 2874 2457 lacessimus3
2930 2380 3122 2445 sobrii

621 2494 685 2544 45
711 2480 1044 2541 scribimus
1069 2500 1287 2542 versus
1328 2480 1480 2540 adeo
1523 2500 1710 2541 sanos
1736 2482 1807 2541 vt
1844 2478 2091 2539 nullum
2134 2479 2395 2540 omnino
2422 2477 2747 2557 Apollinis
2778 2480 3120 2559 vestigium

709 2573 1001 2639 habeant.

794 2675 989 2739 Cuius
1016 2676 1108 2738 rei
1135 2679 1384 2738 tantum
1412 2676 1589 2738 abest
1621 2679 1694 2738 vt
1722 2697 1825 2738 me
1851 2676 2181 2755 poeniteat,
2213 2678 2284 2737 vt
2310 2677 2716 2738 vehementer
2738 2676 2935 2738 etiam
2963 2676 3127 2740 mihi

711 2775 1004 2852 placeam,
1031 2776 1139 2854 qui
1159 2776 1414 2854 quidem
1444 2775 1509 2836 id
1538 2775 1805 2836 habeam
1832 2796 1978 2836 cum
1999 2776 2290 2837 Cicerone
2317 2796 2669 2849 commune,
2695 2775 2861 2836 nihil
2885 2777 3127 2856 alioqui

711 2895 1044 2934 commune
1085 2875 1431 2936 habiturus.
1519 2873 1694 2935 Haec
1735 2874 1826 2934 ita
1865 2894 1969 2934 me
2009 2872 2293 2935 locutum
2336 2878 2504 2952 puta,
2548 2874 2809 2947 Sixtine,
2845 2878 2920 2936 vt
2963 2875 3127 2937 nihil

626 2988 689 3037 50
712 2992 842 3034 non
872 2993 948 3032 ex
976 2973 1204 3047 animo,
1232 2971 1484 3049 quando
1512 2972 1823 3034 ridentem
1851 2972 2053 3034 dicere
2079 2992 2297 3033 verum
2328 2971 2476 3050 quid
2507 2975 2726 3035 vetat?
2767 2974 3129 3036 Incidimus

713 3072 974 3132 omnino
1000 3071 1070 3130 in
1100 3071 1333 3130 siccum
1362 3071 1692 3150 quoddam,
1723 3069 1898 3146 exile,
1924 3090 2221 3148 exangue,
2251 3089 2554 3130 exuccum
2580 3070 2880 3132 carminis
2906 3092 3123 3151 genus,

713 3169 945 3245 partim
1001 3169 1240 3246 ingenii
1296 3171 1658 3246 paupertate
1715 3168 2000 3248 quadam,
2062 3166 2292 3246 partim
2348 3168 2665 3229 cacozelia.
2754 3167 3128 3231 Rectissime

710 3270 893 3344 putat
920 3267 1131 3328 Cicero
1163 3266 1329 3326 nihil
1364 3286 1557 3344 aeque
1593 3266 1670 3327 ad
1711 3264 2109 3344 ingeniorum
2150 3266 2661 3327 immutationem
2698 3267 2903 3328 facere
2938 3270 3129 3348 atque

709 3363 938 3425 locum.
1025 3363 1404 3441 Scripsimus
1440 3365 1623 3444 pueri
1658 3384 1787 3425 non
1819 3364 2241 3440 Consentinis,
2279 3364 2387 3425 sed
2423 3363 2837 3441 Honandicis,
2874 3365 3000 3428 hoc
3030 3369 3129 3427 est

625 3470 686 3520 55
713 3460 1162 3540 pinguissimis,
1197 3462 1471 3524 auribus.
1557 3461 1916 3541 cecinimus
1955 3460 2200 3539 Midae;
2249 3462 2478 3541 quibus
2518 3463 2674 3524 dum
2714 3462 2994 3526 nimium
3040 3485 3133 3525 re·

713 3558 932 3637 ligiose
971 3560 1442 3638 morigeramur,
1484 3559 1602 3621 hoc
1640 3560 1895 3620 demum
1936 3580 2158 3621 sumus
2199 3561 2540 3639 assequuti⁷
2569 3564 2646 3623 vt
2682 3581 2798 3623 nec
2838 3562 2976 3625 illis
3017 3585 3135 3626 nec

714 3656 977 3719 eruditis
1012 3657 1384 3736 placeamus.
1467 3659 1865 3721 conabamur
1899 3659 1977 3720 de
2010 3678 2133 3720 vna
2164 3659 2377 3721 fidelia
2404 3659 2562 3721 duos
2595 3659 2800 3721 linere
2832 3662 3129 3740 parietes,

714 3754 804 3814 ita
842 3754 1150 3832 imperitis
1205 3755 1509 3817 orationis
1551 3756 1954 3835 simplicitate
1998 3758 2239 3834 placere
2273 3761 2346 3819 vt
2383 3758 2691 3838 elegantia
2730 3762 2796 3820 et
2837 3761 3139 3822 acumine

714 3853 914 3914 doctis
951 3873 1077 3913 non
1117 3855 1375 3916 omnino
1412 3855 1896 3933 displiceremus.
1983 3853 2062 3916 Id
2100 3856 2436 3917 consilium
2473 3858 2546 3917 vt
2580 3856 2741 3918 mihi
2781 3858 2924 3921 tum
2963 3859 3139 3922 vide-

624 3949 692 3999 60
716 3953 901 4013 batur
947 3950 1261 4029 callidum,
1314 3953 1651 4015 infeliciter
1702 3953 1933 4017 euenit.
2037 3954 2364 4016 Eruditius
2419 3954 2753 4017 scribimus
2808 3977 3006 4035 quam
3056 3961 3140 4018 vt

717 4049 1067 4125 ineruditis,
1112 4050 1494 4112 ineruditius
1537 4072 1729 4129 quam
1770 4055 1843 4112 vt
1882 4052 2148 4113 eruditis
2189 4053 2545 4131 probemur.

747 4161 845 4261 li25
896 4148 1338 4261 coizvcitatioribus
1359 4152 1415 4198 F.
1619 4163 1703 4209 30.
1737 4150 1897 4198 vetus
1918 4154 2100 4200 restitui
2121 4167 2134 4199 ε
2166 4165 2327 4201 verus
2348 4153 2409 4201 D.
2622 4164 2707 4214 44.
2738 4152 3032 4214 antiquam
3051 4153 3100 4201 D
3125 4170 3145 4201 ε

713 4228 745 4260 a
791 4227 954 4275 quam
1018 4248 1031 4262 .

717 4294 1332 4387 W.
1362 4323 1493 4371 Eun.
1518 4321 1634 4384 688,
1657 4336 1708 4383 9.
2037 4337 2119 4383 43.
2153 4322 2411 4372 Enniano
2462 4322 2541 4372 Cf.
2565 4320 2697 4372 Hor.
2717 4325 2809 4383 h.
2836 4338 2880 4373 1.
2908 4338 2986 4389 ¹9·
3013 4324 3145 4387 7,8.

781 4391 862 4450 36.
905 4388 1169 4438 Horatius
1219 4391 1339 4437 AJ’.
1367 4402 1479 4449 24¹·
2038 4389 2118 4449 48.
2159 4390 2418 4438 Cicerone
2467 4389 2519 4438 Δ
2539 4389 2811 4451 marginal
2836 4395 2969 4441 note
2996 4390 3056 4439 in
3081 4389 3150 4440 1>

781 4470 860 4517 39.
896 4386 1210 4569 Ennianus}
1260 4453 1660 4516 Neoptolemus.
1756 4452 1864 4502 Cic.
1973 4452 2108 4502 adds
2135 4453 2369 4503 ‘Infelix
2390 4454 2451 4502 in
2475 4454 2717 4503 carmine
2739 4455 2970 4506 Cioero.'

719 4525 848 4571 Two.
877 4534 922 4569 ο.
956 4535 999 4571 1.
1026 4534 1071 4583 1,
1098 4534 1170 4569 an
1232 4523 1344 4580 Rep.
1377 4536 1418 4570 1.
1447 4519 1521 4569 18.
1549 4534 1631 4581 3ο.
2036 4534 2117 4579 5ο.
2157 4516 2458 4584 ridentem]
2483 4520 2618 4570 Hor.
2646 4523 2749 4569 Sat.
2784 4535 2831 4571 1.
2860 4536 2905 4571 1.
2932 4537 3013 4586 24,
3038 4535 3096 4584 5.

781 4601 865 4647 4ο.
899 4585 1322 4652 Theophrastus]
1379 4586 1457 4636 cf.
1509 4585 1693 4648 Quint.
1745 4589 1863 4635 Ιηει.
2035 4599 2120 4647 53.
2155 4583 2365 4650 Cicero]
2389 4587 2493 4633 Diu.
2521 4598 2564 4633 1.
2590 4586 2671 4647 36.
2701 4599 2781 4648 79.

718 4657 841 4702 Orat.
870 4651 917 4701 8.
948 4668 990 4702 1.
1016 4668 1062 4717 ο,
1090 4652 1198 4701 and
1223 4653 1330 4703 Cic.
1353 4654 1492 4702 Brut.
1521 4652 1599 4712 4⁶·
1629 4666 1740 4713 172.
2036 4666 2117 4714 54.
2156 4648 2532 4715 Consentinis]
2557 4651 2666 4701 Cio.
2690 4655 2805 4702 Pin.
2837 4665 2884 4705 1.
2906 4668 2956 4715 3.
2984 4668 3026 4715 7.
