<?xml version="1.0" encoding="UTF-8"?>
<!DOCTYPE html PUBLIC "-//W3C//DTD XHTML 1.0 Transitional//EN"
    "http://www.w3.org/TR/xhtml1/DTD/xhtml1-transitional.dtd">
<html xmlns="http://www.w3.org/1999/xhtml" xml:lang="en" lang="en">
 <head>
  <title>
</title>
<meta http-equiv="Content-Type" content="text/html;charset=utf-8" />
  <meta name='ocr-system' content='tesseract 3.04.00' />
  <meta name='ocr-capabilities' content='ocr_page ocr_carea ocr_par ocr_line ocrx_word'/>
</head>
<body>
  <div class='ocr_page' id='page_1' title='image "./opusepistolarum00flowgoog_0262.png"; bbox 0 0 3355 5380; ppageno 0'>
   <div class='ocr_carea' id='block_1_1' title="bbox 674 429 3078 514">
    <p class='ocr_par' dir='ltr' id='par_1_1' title="bbox 674 429 3078 514">
     <span class='ocr_line' id='line_1_1' title="bbox 674 429 3078 514; baseline -0.001 -21"><span class='ocrx_word' id='word_1_1' title='bbox 674 437 792 493; x_wconf 84' lang='lat'>230</span> <span class='ocrx_word' id='word_1_2' title='bbox 1348 472 1349 475; x_wconf 59' lang='lat'><em>=</em></span> <span class='ocrx_word' id='word_1_3' title='bbox 1391 433 1775 494; x_wconf 76' lang='lat' dir='ltr'><strong>LETTERS</strong></span> <span class='ocrx_word' id='word_1_4' title='bbox 1816 432 1923 496; x_wconf 77' lang='lat' dir='ltr'>OF</span> <span class='ocrx_word' id='word_1_5' title='bbox 1964 433 2363 514; x_wconf 76' lang='lat' dir='ltr'>ERASMUS</span> <span class='ocrx_word' id='word_1_6' title='bbox 2889 429 3078 512; x_wconf 78' lang='lat'>[1499</span> 
     </span>
    </p>
   </div>
   <div class='ocr_carea' id='block_1_2' title="bbox 672 586 3078 782">
    <p class='ocr_par' dir='ltr' id='par_1_2' title="bbox 672 586 3078 769">
     <span class='ocr_line' id='line_1_2' title="bbox 673 586 3078 651; baseline 0 -13"><span class='ocrx_word' id='word_1_7' title='bbox 673 590 792 651; x_wconf 82' lang='lat' dir='ltr'>(Ep.</span> <span class='ocrx_word' id='word_1_8' title='bbox 810 603 936 650; x_wconf 76' lang='lat'>3013</span> <span class='ocrx_word' id='word_1_9' title='bbox 970 588 1034 639; x_wconf 60' lang='grc' dir='ltr'>(εί</span> <span class='ocrx_word' id='word_1_10' title='bbox 1060 589 1164 639; x_wconf 78' lang='grc' dir='ltr'>ΒΕ.</span> <span class='ocrx_word' id='word_1_11' title='bbox 1195 591 1295 650; x_wconf 65' lang='grc' dir='ltr'>ἹΊῚ.</span> <span class='ocrx_word' id='word_1_12' title='bbox 1341 589 1419 639; x_wconf 67' lang='lat' dir='ltr'>Aa</span> <span class='ocrx_word' id='word_1_13' title='bbox 1438 603 1471 638; x_wconf 69' lang='lat' dir='ltr'><strong>a</strong></span> <span class='ocrx_word' id='word_1_14' title='bbox 1494 589 1667 638; x_wconf 80' lang='lat' dir='ltr'>result</span> <span class='ocrx_word' id='word_1_15' title='bbox 1689 588 1751 637; x_wconf 74' lang='lat' dir='ltr'>of</span> <span class='ocrx_word' id='word_1_16' title='bbox 1769 587 1857 636; x_wconf 87' lang='lat' dir='ltr'>his</span> <span class='ocrx_word' id='word_1_17' title='bbox 1880 586 2073 650; x_wconf 74' lang='lat' dir='ltr'>family</span> <span class='ocrx_word' id='word_1_18' title='bbox 2095 589 2398 647; x_wconf 77' lang='lat' dir='ltr'>connexion</span> <span class='ocrx_word' id='word_1_19' title='bbox 2421 589 2559 637; x_wconf 78' lang='lat' dir='ltr'>with</span> <span class='ocrx_word' id='word_1_20' title='bbox 2583 588 2880 643; x_wconf 76' lang='lat' dir='ltr'>scotland</span> <span class='ocrx_word' id='word_1_21' title='bbox 2867 603 2939 651; x_wconf 90' lang='lat' dir='ltr'>p.</span> <span class='ocrx_word' id='word_1_22' title='bbox 2958 588 3078 651; x_wconf 76' lang='lat'>208)</span> 
     </span>
     <span class='ocr_line' id='line_1_3' title="bbox 672 643 3078 782; baseline -0 -79"><span class='ocrx_word' id='word_1_23' title='bbox 672 655 1139 782; x_wconf 47' lang='grc' dir='ltr'>Ῑῶοεὶοιῖἰοῗᾶῃιῐξιὲ</span> <span class='ocrx_word' id='word_1_24' title='bbox 1153 654 1335 771; x_wconf 43' lang='grc' dir='ltr'>ἓξὲξ</span> <span class='ocrx_word' id='word_1_25' title='bbox 1352 654 1412 702; x_wconf 75' lang='lat' dir='ltr'>of</span> <span class='ocrx_word' id='word_1_26' title='bbox 1432 655 1511 705; x_wconf 86' lang='lat' dir='ltr'>St.</span> <span class='ocrx_word' id='word_1_27' title='bbox 1533 654 1788 703; x_wconf 82' lang='lat' dir='ltr'>Andrew.</span> <span class='ocrx_word' id='word_1_28' title='bbox 1853 654 1953 703; x_wconf 84' lang='lat' dir='ltr'>See</span> <span class='ocrx_word' id='word_1_29' title='bbox 1976 653 2247 714; x_wconf 74' lang='lat' dir='ltr'>Anselme,</span> <span class='ocrx_word' id='word_1_30' title='bbox 2276 653 2313 702; x_wconf 89' lang='lat' dir='ltr'>i.</span> <span class='ocrx_word' id='word_1_31' title='bbox 2341 656 2455 715; x_wconf 83' lang='lat'>256,</span> <span class='ocrx_word' id='word_1_32' title='bbox 2483 643 2550 703; x_wconf 88' lang='lat' dir='ltr'>de</span> <span class='ocrx_word' id='word_1_33' title='bbox 2574 653 2923 725; x_wconf 70' lang='lat' dir='ltr'>Reiffenberg,</span> <span class='ocrx_word' id='word_1_34' title='bbox 2953 659 3020 703; x_wconf 68' lang='lat' dir='ltr'>He</span> <span class='ocrx_word' id='word_1_35' title='bbox 3013 659 3078 705; x_wconf 72' lang='lat' dir='ltr'>st.</span> 
     </span>
    </p>
   </div>
   <div class='ocr_carea' id='block_1_3' title="bbox 778 892 2945 1046">
    <p class='ocr_par' dir='ltr' id='par_1_3' title="bbox 778 892 2945 1046">
     <span class='ocr_line' id='line_1_4' title="bbox 778 892 2945 943; baseline -0.001 0"><span class='ocrx_word' id='word_1_36' title='bbox 778 895 1095 943; x_wconf 73' lang='lat' dir='ltr'>ERASMVS</span> <span class='ocrx_word' id='word_1_37' title='bbox 1139 893 1524 942; x_wconf 73' lang='lat' dir='ltr'>CANomcvs</span> <span class='ocrx_word' id='word_1_38' title='bbox 1572 893 1933 942; x_wconf 65' lang='lat' dir='ltr'>INSTITV&#39;H</span> <span class='ocrx_word' id='word_1_39' title='bbox 1981 892 2139 940; x_wconf 84' lang='lat' dir='ltr'>DIVI</span> <span class='ocrx_word' id='word_1_40' title='bbox 2187 893 2566 941; x_wconf 74' lang='lat' dir='ltr'>AvasTmI</span> <span class='ocrx_word' id='word_1_41' title='bbox 2618 894 2945 943; x_wconf 72' lang='lat' dir='ltr'>ADOLPHO</span> 
     </span>
     <span class='ocr_line' id='line_1_5' title="bbox 1360 993 2466 1046; baseline 0.002 -3"><span class='ocrx_word' id='word_1_42' title='bbox 1360 996 1680 1045; x_wconf 81' lang='lat' dir='ltr'>PRINCIPI</span> <span class='ocrx_word' id='word_1_43' title='bbox 1728 997 2059 1044; x_wconf 75' lang='lat' dir='ltr'>VERIENSI</span> <span class='ocrx_word' id='word_1_44' title='bbox 2107 998 2160 1045; x_wconf 79' lang='lat' dir='ltr'>S.</span> <span class='ocrx_word' id='word_1_45' title='bbox 2205 996 2267 1046; x_wconf 80' lang='lat' dir='ltr'>P.</span> <span class='ocrx_word' id='word_1_46' title='bbox 2313 996 2381 1045; x_wconf 87' lang='lat' dir='ltr'>D.</span> <span class='ocrx_word' id='word_1_47' title='bbox 2462 993 2466 997; x_wconf 69' lang='grc'>’</span> 
     </span>
    </p>
   </div>
   <div class='ocr_carea' id='block_1_4' title="bbox 562 1135 3078 4257">
    <p class='ocr_par' dir='ltr' id='par_1_4' title="bbox 662 1135 3078 1510">
     <span class='ocr_line' id='line_1_6' title="bbox 748 1135 3076 1215; baseline -0.001 -17"><span class='ocrx_word' id='word_1_48' title='bbox 748 1138 1053 1198; x_wconf 75' lang='lat' dir='ltr'>Plu-:ssws</span> <span class='ocrx_word' id='word_1_49' title='bbox 1093 1136 1371 1197; x_wconf 88' lang='lat' dir='ltr'>intuenti</span> <span class='ocrx_word' id='word_1_50' title='bbox 1407 1135 1569 1197; x_wconf 84' lang='lat' dir='ltr'>mihi</span> <span class='ocrx_word' id='word_1_51' title='bbox 1606 1155 1737 1196; x_wconf 90' lang='lat' dir='ltr'>non</span> <span class='ocrx_word' id='word_1_52' title='bbox 1775 1155 2214 1213; x_wconf 84' lang='lat' dir='ltr'>vsquequaque</span> <span class='ocrx_word' id='word_1_53' title='bbox 2251 1136 2613 1196; x_wconf 85' lang='lat' dir='ltr'>assentandi</span> <span class='ocrx_word' id='word_1_54' title='bbox 2655 1135 3076 1215; x_wconf 72' lang='lat' dir='ltr'>palpandique</span> 
     </span>
     <span class='ocr_line' id='line_1_7' title="bbox 663 1232 3078 1314; baseline -0.001 -17"><span class='ocrx_word' id='word_1_55' title='bbox 663 1235 828 1297; x_wconf 81' lang='lat' dir='ltr'>vicio</span> <span class='ocrx_word' id='word_1_56' title='bbox 863 1238 1183 1314; x_wconf 87' lang='lat' dir='ltr'>receptum</span> <span class='ocrx_word' id='word_1_57' title='bbox 1215 1234 1417 1295; x_wconf 83' lang='lat' dir='ltr'>videri</span> <span class='ocrx_word' id='word_1_58' title='bbox 1453 1235 1629 1309; x_wconf 88' lang='lat' dir='ltr'>solet,</span> <span class='ocrx_word' id='word_1_59' title='bbox 1660 1232 1955 1312; x_wconf 86' lang='lat' dir='ltr'>Adelphe</span> <span class='ocrx_word' id='word_1_60' title='bbox 1989 1233 2379 1309; x_wconf 88' lang='lat' dir='ltr'>suauissime,</span> <span class='ocrx_word' id='word_1_61' title='bbox 2412 1237 2485 1293; x_wconf 79' lang='lat' dir='ltr'>vt</span> <span class='ocrx_word' id='word_1_62' title='bbox 2517 1234 2868 1312; x_wconf 87' lang='lat' dir='ltr'>antiquitus</span> <span class='ocrx_word' id='word_1_63' title='bbox 2903 1254 3078 1312; x_wconf 85' lang='lat' dir='ltr'>reges</span> 
     </span>
     <span class='ocr_line' id='line_1_8' title="bbox 662 1331 3075 1412; baseline -0.001 -17"><span class='ocrx_word' id='word_1_64' title='bbox 662 1337 727 1395; x_wconf 91' lang='lat' dir='ltr'>et</span> <span class='ocrx_word' id='word_1_65' title='bbox 760 1335 1167 1412; x_wconf 89' lang='lat' dir='ltr'>imperatores</span> <span class='ocrx_word' id='word_1_66' title='bbox 1203 1333 1594 1410; x_wconf 78' lang='lat' dir='ltr'>panegyricis</span> <span class='ocrx_word' id='word_1_67' title='bbox 1626 1331 1988 1407; x_wconf 80' lang='lat' dir='ltr'>solenniter,</span> <span class='ocrx_word' id='word_1_68' title='bbox 2019 1334 2085 1393; x_wconf 93' lang='lat' dir='ltr'>et</span> <span class='ocrx_word' id='word_1_69' title='bbox 2120 1331 2375 1412; x_wconf 85' lang='lat' dir='ltr'>quidem</span> <span class='ocrx_word' id='word_1_70' title='bbox 2419 1332 2488 1391; x_wconf 90' lang='lat' dir='ltr'>in</span> <span class='ocrx_word' id='word_1_71' title='bbox 2526 1352 2610 1409; x_wconf 90' lang='lat' dir='ltr'>os,</span> <span class='ocrx_word' id='word_1_72' title='bbox 2649 1333 3075 1394; x_wconf 77' lang='lat' dir='ltr'>laudarentur.</span> 
     </span>
     <span class='ocr_line' id='line_1_9' title="bbox 662 1429 3074 1510; baseline -0 -18"><span class='ocrx_word' id='word_1_73' title='bbox 662 1432 832 1508; x_wconf 81' lang='lat' dir='ltr'>Quin</span> <span class='ocrx_word' id='word_1_74' title='bbox 877 1432 1088 1509; x_wconf 90' lang='lat' dir='ltr'>potius</span> <span class='ocrx_word' id='word_1_75' title='bbox 1134 1431 1225 1491; x_wconf 90' lang='lat' dir='ltr'>sic</span> <span class='ocrx_word' id='word_1_76' title='bbox 1271 1429 1582 1506; x_wconf 83' lang='lat' dir='ltr'>existimo,</span> <span class='ocrx_word' id='word_1_77' title='bbox 1634 1430 1806 1492; x_wconf 81' lang='lat' dir='ltr'>viros</span> <span class='ocrx_word' id='word_1_78' title='bbox 1852 1431 2138 1492; x_wconf 78' lang='lat' dir='ltr'>cordatos</span> <span class='ocrx_word' id='word_1_79' title='bbox 2192 1449 2527 1507; x_wconf 84' lang='lat' dir='ltr'>rerumque</span> <span class='ocrx_word' id='word_1_80' title='bbox 2575 1433 2838 1492; x_wconf 88' lang='lat' dir='ltr'>naturae</span> <span class='ocrx_word' id='word_1_81' title='bbox 2884 1435 3074 1510; x_wconf 88' lang='lat' dir='ltr'>atque</span> 
     </span>
    </p>

    <p class='ocr_par' dir='ltr' id='par_1_5' title="bbox 608 1523 3076 2001">
     <span class='ocr_line' id='line_1_10' title="bbox 608 1523 3075 1608; baseline 0 -18"><span class='ocrx_word' id='word_1_82' title='bbox 608 1550 636 1599; x_wconf 88' lang='lat'>5</span> <span class='ocrx_word' id='word_1_83' title='bbox 662 1523 927 1599; x_wconf 89' lang='lat' dir='ltr'>humani</span> <span class='ocrx_word' id='word_1_84' title='bbox 973 1529 1211 1607; x_wconf 88' lang='lat' dir='ltr'>ingenii</span> <span class='ocrx_word' id='word_1_85' title='bbox 1255 1529 1496 1608; x_wconf 80' lang='lat' dir='ltr'>egregie</span> <span class='ocrx_word' id='word_1_86' title='bbox 1541 1530 1893 1608; x_wconf 79' lang='lat' dir='ltr'>prudentes,</span> <span class='ocrx_word' id='word_1_87' title='bbox 1945 1549 2100 1607; x_wconf 91' lang='lat' dir='ltr'>qum</span> <span class='ocrx_word' id='word_1_88' title='bbox 2153 1530 2293 1605; x_wconf 85' lang='lat' dir='ltr'>spes</span> <span class='ocrx_word' id='word_1_89' title='bbox 2348 1548 2480 1589; x_wconf 90' lang='lat' dir='ltr'>non</span> <span class='ocrx_word' id='word_1_90' title='bbox 2535 1534 2698 1590; x_wconf 87' lang='lat' dir='ltr'>esset</span> <span class='ocrx_word' id='word_1_91' title='bbox 2750 1531 3075 1592; x_wconf 86' lang='lat' dir='ltr'>leoninam</span> 
     </span>
     <span class='ocr_line' id='line_1_11' title="bbox 660 1624 3076 1706; baseline 0 -18"><span class='ocrx_word' id='word_1_92' title='bbox 660 1630 839 1690; x_wconf 90' lang='lat' dir='ltr'>illam</span> <span class='ocrx_word' id='word_1_93' title='bbox 880 1624 1036 1706; x_wconf 84' lang='lat' dir='ltr'>regii</span> <span class='ocrx_word' id='word_1_94' title='bbox 1073 1627 1343 1706; x_wconf 80' lang='lat' dir='ltr'>pectoris</span> <span class='ocrx_word' id='word_1_95' title='bbox 1387 1627 1869 1706; x_wconf 72' lang='lat' dir='ltr'>generositatem</span> <span class='ocrx_word' id='word_1_96' title='bbox 1911 1630 1979 1687; x_wconf 91' lang='lat' dir='ltr'>et</span> <span class='ocrx_word' id='word_1_97' title='bbox 2018 1627 2266 1689; x_wconf 88' lang='lat' dir='ltr'>aurium</span> <span class='ocrx_word' id='word_1_98' title='bbox 2307 1625 2563 1688; x_wconf 82' lang='lat' dir='ltr'>delicias</span> <span class='ocrx_word' id='word_1_99' title='bbox 2609 1629 2711 1688; x_wconf 76' lang='lat' dir='ltr'>vel</span> <span class='ocrx_word' id='word_1_100' title='bbox 2755 1628 3076 1689; x_wconf 89' lang='lat' dir='ltr'>monentis</span> 
     </span>
     <span class='ocr_line' id='line_1_12' title="bbox 659 1724 3069 1806; baseline -0.001 -17"><span class='ocrx_word' id='word_1_101' title='bbox 659 1727 1107 1789; x_wconf 84' lang='lat' dir='ltr'>authoritatem</span> <span class='ocrx_word' id='word_1_102' title='bbox 1189 1727 1291 1786; x_wconf 85' lang='lat' dir='ltr'>vel</span> <span class='ocrx_word' id='word_1_103' title='bbox 1372 1726 1757 1804; x_wconf 77' lang='lat' dir='ltr'>increpantis</span> <span class='ocrx_word' id='word_1_104' title='bbox 1830 1726 2229 1787; x_wconf 77' lang='lat' dir='ltr'>seueritatem</span> <span class='ocrx_word' id='word_1_105' title='bbox 2326 1724 2665 1804; x_wconf 84' lang='lat' dir='ltr'>aliquando</span> <span class='ocrx_word' id='word_1_106' title='bbox 2759 1747 3069 1806; x_wconf 82' lang='lat' dir='ltr'>passuras,</span> 
     </span>
     <span class='ocr_line' id='line_1_13' title="bbox 658 1814 3073 1903; baseline 0 -17"><span class='ocrx_word' id='word_1_107' title='bbox 658 1825 941 1902; x_wconf 75' lang='lat' dir='ltr'>publicae</span> <span class='ocrx_word' id='word_1_108' title='bbox 988 1814 1287 1903; x_wconf 65' lang='lat' dir='ltr'>¹Vtilitatis</span> <span class='ocrx_word' id='word_1_109' title='bbox 1338 1828 1617 1901; x_wconf 89' lang='lat' dir='ltr'>respectu</span> <span class='ocrx_word' id='word_1_110' title='bbox 1661 1825 1807 1897; x_wconf 18' lang='lat' dir='ltr'>,vela</span> <span class='ocrx_word' id='word_1_111' title='bbox 1851 1824 2115 1885; x_wconf 82' lang='lat' dir='ltr'>vertisse</span> <span class='ocrx_word' id='word_1_112' title='bbox 2160 1843 2232 1884; x_wconf 92' lang='lat' dir='ltr'>ac</span> <span class='ocrx_word' id='word_1_113' title='bbox 2281 1824 2387 1885; x_wconf 82' lang='lat' dir='ltr'>via</span> <span class='ocrx_word' id='word_1_114' title='bbox 2434 1824 2689 1902; x_wconf 87' lang='lat' dir='ltr'>quidem</span> <span class='ocrx_word' id='word_1_115' title='bbox 2737 1827 3073 1887; x_wconf 87' lang='lat' dir='ltr'>occultiore</span> 
     </span>
     <span class='ocr_line' id='line_1_14' title="bbox 656 1921 3071 2001; baseline 0 -16"><span class='ocrx_word' id='word_1_116' title='bbox 656 1925 872 1985; x_wconf 89' lang='lat' dir='ltr'>eodem</span> <span class='ocrx_word' id='word_1_117' title='bbox 895 1927 1107 1984; x_wconf 87' lang='lat' dir='ltr'>tamen</span> <span class='ocrx_word' id='word_1_118' title='bbox 1129 1922 1536 1983; x_wconf 82' lang='lat' dir='ltr'>contendisse.</span> <span class='ocrx_word' id='word_1_119' title='bbox 1603 1922 1828 2001; x_wconf 87' lang='lat' dir='ltr'>Itaque</span> <span class='ocrx_word' id='word_1_120' title='bbox 1847 1922 1966 1983; x_wconf 90' lang='lat' dir='ltr'>sub</span> <span class='ocrx_word' id='word_1_121' title='bbox 1987 1921 2365 1983; x_wconf 87' lang='lat' dir='ltr'>laudationis</span> <span class='ocrx_word' id='word_1_122' title='bbox 2391 1922 2588 2000; x_wconf 88' lang='lat' dir='ltr'>spetie</span> <span class='ocrx_word' id='word_1_123' title='bbox 2614 1922 3071 1985; x_wconf 86' lang='lat' dir='ltr'>simulachrum</span> 
     </span>
    </p>

    <p class='ocr_par' dir='ltr' id='par_1_6' title="bbox 574 2019 3070 2492">
     <span class='ocr_line' id='line_1_15' title="bbox 574 2019 3070 2100; baseline -0.002 -15"><span class='ocrx_word' id='word_1_124' title='bbox 574 2050 633 2086; x_wconf 86' lang='lat'>10</span> <span class='ocrx_word' id='word_1_125' title='bbox 656 2022 972 2100; x_wconf 88' lang='lat' dir='ltr'>quoddam</span> <span class='ocrx_word' id='word_1_126' title='bbox 1025 2020 1293 2082; x_wconf 83' lang='lat' dir='ltr'>absoluti</span> <span class='ocrx_word' id='word_1_127' title='bbox 1341 2020 1641 2099; x_wconf 86' lang='lat' dir='ltr'>principis</span> <span class='ocrx_word' id='word_1_128' title='bbox 1695 2021 1787 2082; x_wconf 86' lang='lat' dir='ltr'>eis</span> <span class='ocrx_word' id='word_1_129' title='bbox 1839 2022 2015 2082; x_wconf 79' lang='lat' dir='ltr'>velut</span> <span class='ocrx_word' id='word_1_130' title='bbox 2068 2020 2137 2079; x_wconf 90' lang='lat' dir='ltr'>in</span> <span class='ocrx_word' id='word_1_131' title='bbox 2192 2019 2408 2081; x_wconf 86' lang='lat' dir='ltr'>tabula</span> <span class='ocrx_word' id='word_1_132' title='bbox 2460 2019 2776 2099; x_wconf 88' lang='lat' dir='ltr'>depictum</span> <span class='ocrx_word' id='word_1_133' title='bbox 2832 2041 3070 2098; x_wconf 86' lang='lat' dir='ltr'>reprae-</span> 
     </span>
     <span class='ocr_line' id='line_1_16' title="bbox 658 2106 3069 2197; baseline -0.002 -15"><span class='ocrx_word' id='word_1_134' title='bbox 658 2122 951 2194; x_wconf 84' lang='lat' dir='ltr'>sentasse,</span> <span class='ocrx_word' id='word_1_135' title='bbox 981 2130 1055 2179; x_wconf 83' lang='lat' dir='ltr'>vt</span> <span class='ocrx_word' id='word_1_136' title='bbox 1087 2118 1211 2196; x_wconf 86' lang='lat' dir='ltr'>ipsi</span> <span class='ocrx_word' id='word_1_137' title='bbox 1246 2139 1376 2180; x_wconf 88' lang='lat' dir='ltr'>sese</span> <span class='ocrx_word' id='word_1_138' title='bbox 1413 2120 1495 2180; x_wconf 79' lang='lat' dir='ltr'>sd</span> <span class='ocrx_word' id='word_1_139' title='bbox 1531 2120 1923 2197; x_wconf 87' lang='lat' dir='ltr'>propositum</span> <span class='ocrx_word' id='word_1_140' title='bbox 1959 2117 2280 2196; x_wconf 84' lang='lat' dir='ltr'>exemplar</span> <span class='ocrx_word' id='word_1_141' title='bbox 2303 2106 2626 2195; x_wconf 75' lang='lat' dir='ltr'>exigentes</span> <span class='ocrx_word' id='word_1_142' title='bbox 2650 2118 2830 2180; x_wconf 89' lang='lat' dir='ltr'>taciti</span> <span class='ocrx_word' id='word_1_143' title='bbox 2858 2139 3069 2181; x_wconf 90' lang='lat' dir='ltr'>secum</span> 
     </span>
     <span class='ocr_line' id='line_1_17' title="bbox 654 2215 3068 2297; baseline -0.001 -18"><span class='ocrx_word' id='word_1_144' title='bbox 654 2220 1062 2297; x_wconf 84' lang='lat' dir='ltr'>agnoscerent</span> <span class='ocrx_word' id='word_1_145' title='bbox 1094 2219 1400 2294; x_wconf 89' lang='lat' dir='ltr'>quantum</span> <span class='ocrx_word' id='word_1_146' title='bbox 1437 2217 1518 2278; x_wconf 88' lang='lat' dir='ltr'>ab</span> <span class='ocrx_word' id='word_1_147' title='bbox 1559 2215 1669 2278; x_wconf 90' lang='lat' dir='ltr'>illa</span> <span class='ocrx_word' id='word_1_148' title='bbox 1710 2216 1952 2277; x_wconf 88' lang='lat' dir='ltr'>laudati</span> <span class='ocrx_word' id='word_1_149' title='bbox 1991 2216 2292 2294; x_wconf 89' lang='lat' dir='ltr'>principis</span> <span class='ocrx_word' id='word_1_150' title='bbox 2332 2217 2605 2295; x_wconf 86' lang='lat' dir='ltr'>imagine</span> <span class='ocrx_word' id='word_1_151' title='bbox 2645 2216 2952 2290; x_wconf 88' lang='lat' dir='ltr'>abessent,</span> <span class='ocrx_word' id='word_1_152' title='bbox 2997 2217 3068 2277; x_wconf 76' lang='lat' dir='ltr'>ac</span> 
     </span>
     <span class='ocr_line' id='line_1_18' title="bbox 655 2313 3063 2393; baseline -0 -17"><span class='ocrx_word' id='word_1_153' title='bbox 655 2317 812 2378; x_wconf 86' lang='lat' dir='ltr'>citra</span> <span class='ocrx_word' id='word_1_154' title='bbox 851 2319 993 2376; x_wconf 88' lang='lat' dir='ltr'>tum</span> <span class='ocrx_word' id='word_1_155' title='bbox 1033 2317 1335 2393; x_wconf 88' lang='lat' dir='ltr'>pudorem</span> <span class='ocrx_word' id='word_1_156' title='bbox 1376 2316 1515 2374; x_wconf 86' lang='lat' dir='ltr'>tum</span> <span class='ocrx_word' id='word_1_157' title='bbox 1557 2315 1862 2375; x_wconf 86' lang='lat' dir='ltr'>offensam</span> <span class='ocrx_word' id='word_1_158' title='bbox 1904 2313 2233 2390; x_wconf 85' lang='lat' dir='ltr'>discerent,</span> <span class='ocrx_word' id='word_1_159' title='bbox 2281 2314 2435 2392; x_wconf 89' lang='lat' dir='ltr'>quid</span> <span class='ocrx_word' id='word_1_160' title='bbox 2478 2314 2627 2375; x_wconf 84' lang='lat' dir='ltr'>vicii</span> <span class='ocrx_word' id='word_1_161' title='bbox 2665 2314 3063 2387; x_wconf 87' lang='lat' dir='ltr'>mutandum,</span> 
     </span>
     <span class='ocr_line' id='line_1_19' title="bbox 654 2411 3065 2492; baseline -0 -18"><span class='ocrx_word' id='word_1_162' title='bbox 654 2433 812 2489; x_wconf 85' lang='lat' dir='ltr'>quas</span> <span class='ocrx_word' id='word_1_163' title='bbox 832 2412 1099 2474; x_wconf 80' lang='lat' dir='ltr'>virtutes</span> <span class='ocrx_word' id='word_1_164' title='bbox 1116 2414 1429 2492; x_wconf 86' lang='lat' dir='ltr'>praestare</span> <span class='ocrx_word' id='word_1_165' title='bbox 1451 2415 1764 2490; x_wconf 86' lang='lat' dir='ltr'>oporteret</span> <span class='ocrx_word' id='word_1_166' title='bbox 1786 2433 1802 2487; x_wconf 68' lang='grc' dir='ltr'><strong>ς</strong></span> <span class='ocrx_word' id='word_1_167' title='bbox 1837 2412 2177 2489; x_wconf 89' lang='lat' dir='ltr'>eodemque</span> <span class='ocrx_word' id='word_1_168' title='bbox 2198 2412 2386 2473; x_wconf 91' lang='lat' dir='ltr'>titulo</span> <span class='ocrx_word' id='word_1_169' title='bbox 2408 2411 2536 2473; x_wconf 84' lang='lat' dir='ltr'>non</span> <span class='ocrx_word' id='word_1_170' title='bbox 2560 2413 2730 2474; x_wconf 90' lang='lat' dir='ltr'>idem</span> <span class='ocrx_word' id='word_1_171' title='bbox 2756 2416 3065 2491; x_wconf 87' lang='lat' dir='ltr'>ageretur,</span> 
     </span>
    </p>

    <p class='ocr_par' dir='ltr' id='par_1_7' title="bbox 572 2510 3068 2672">
     <span class='ocr_line' id='line_1_20' title="bbox 572 2510 3068 2591; baseline 0.002 -24"><span class='ocrx_word' id='word_1_172' title='bbox 572 2516 630 2567; x_wconf 83' lang='lat'>15</span> <span class='ocrx_word' id='word_1_173' title='bbox 656 2511 949 2574; x_wconf 84' lang='lat' dir='ltr'>videlicet</span> <span class='ocrx_word' id='word_1_174' title='bbox 986 2516 1059 2573; x_wconf 87' lang='lat' dir='ltr'>vt</span> <span class='ocrx_word' id='word_1_175' title='bbox 1099 2510 1247 2572; x_wconf 91' lang='lat' dir='ltr'>boni</span> <span class='ocrx_word' id='word_1_176' title='bbox 1290 2511 1601 2589; x_wconf 89' lang='lat' dir='ltr'>principes</span> <span class='ocrx_word' id='word_1_177' title='bbox 1640 2531 1801 2589; x_wconf 89' lang='lat' dir='ltr'>quae</span> <span class='ocrx_word' id='word_1_178' title='bbox 1841 2510 2118 2573; x_wconf 82' lang='lat' dir='ltr'>facerent</span> <span class='ocrx_word' id='word_1_179' title='bbox 2159 2515 2684 2591; x_wconf 86' lang='lat' dir='ltr'>recognoscerent,</span> <span class='ocrx_word' id='word_1_180' title='bbox 2715 2511 2868 2573; x_wconf 86' lang='lat' dir='ltr'>mali</span> <span class='ocrx_word' id='word_1_181' title='bbox 2911 2533 3068 2590; x_wconf 88' lang='lat' dir='ltr'>quae</span> 
     </span>
     <span class='ocr_line' id='line_1_21' title="bbox 655 2611 1317 2672; baseline 0 -2"><span class='ocrx_word' id='word_1_182' title='bbox 655 2611 853 2672; x_wconf 81' lang='lat' dir='ltr'>facere</span> <span class='ocrx_word' id='word_1_183' title='bbox 883 2611 1178 2672; x_wconf 87' lang='lat' dir='ltr'>deberent</span> <span class='ocrx_word' id='word_1_184' title='bbox 1206 2656 1219 2671; x_wconf 91' lang='lat'>.</span> <span class='ocrx_word' id='word_1_185' title='bbox 1254 2655 1267 2670; x_wconf 91' lang='lat'>.</span> <span class='ocrx_word' id='word_1_186' title='bbox 1302 2655 1317 2670; x_wconf 98' lang='lat'>.</span> 
     </span>
    </p>

    <p class='ocr_par' dir='ltr' id='par_1_8' title="bbox 652 2697 3067 2984">
     <span class='ocr_line' id='line_1_22' title="bbox 736 2697 3066 2791; baseline 0 -21"><span class='ocrx_word' id='word_1_187' title='bbox 736 2706 836 2791; x_wconf 68' lang='lat' dir='ltr'>[f0.</span> <span class='ocrx_word' id='word_1_188' title='bbox 856 2707 944 2770; x_wconf 75' lang='lat' dir='ltr'>A³</span> <span class='ocrx_word' id='word_1_189' title='bbox 958 2706 1084 2791; x_wconf 86' lang='lat' dir='ltr'>v0.]</span> <span class='ocrx_word' id='word_1_190' title='bbox 1106 2709 1249 2770; x_wconf 78' lang='lat' dir='ltr'>&#39;ribi</span> <span class='ocrx_word' id='word_1_191' title='bbox 1264 2729 1430 2783; x_wconf 81' lang='lat' dir='ltr'>vero,</span> <span class='ocrx_word' id='word_1_192' title='bbox 1450 2709 1541 2769; x_wconf 91' lang='lat' dir='ltr'>mi</span> <span class='ocrx_word' id='word_1_193' title='bbox 1558 2707 1866 2787; x_wconf 83' lang='lat' dir='ltr'>Adelphe,</span> <span class='ocrx_word' id='word_1_194' title='bbox 1890 2728 2294 2787; x_wconf 74' lang='lat' dir='ltr'>quaecunque</span> <span class='ocrx_word' id='word_1_195' title='bbox 2309 2708 2388 2771; x_wconf 89' lang='lat' dir='ltr'>ad</span> <span class='ocrx_word' id='word_1_196' title='bbox 2406 2697 2745 2787; x_wconf 79' lang='lat' dir='ltr'>perfectam</span> <span class='ocrx_word' id='word_1_197' title='bbox 2765 2709 3066 2771; x_wconf 77' lang='lat' dir='ltr'>virtutem</span> 
     </span>
     <span class='ocr_line' id='line_1_23' title="bbox 653 2807 3066 2892; baseline -0 -23"><span class='ocrx_word' id='word_1_198' title='bbox 653 2807 1039 2869; x_wconf 80' lang='lat' dir='ltr'>adminicula</span> <span class='ocrx_word' id='word_1_199' title='bbox 1079 2807 1340 2868; x_wconf 90' lang='lat' dir='ltr'>coelitus</span> <span class='ocrx_word' id='word_1_200' title='bbox 1380 2807 1514 2868; x_wconf 88' lang='lat' dir='ltr'>dari</span> <span class='ocrx_word' id='word_1_201' title='bbox 1554 2809 1838 2885; x_wconf 86' lang='lat' dir='ltr'>possunt,</span> <span class='ocrx_word' id='word_1_202' title='bbox 1874 2807 2027 2868; x_wconf 90' lang='lat' dir='ltr'>adeo</span> <span class='ocrx_word' id='word_1_203' title='bbox 2068 2809 2218 2868; x_wconf 88' lang='lat' dir='ltr'>sunt</span> <span class='ocrx_word' id='word_1_204' title='bbox 2257 2807 2503 2868; x_wconf 83' lang='lat' dir='ltr'>affatim</span> <span class='ocrx_word' id='word_1_205' title='bbox 2539 2807 2950 2892; x_wconf 76' lang='lat' dir='ltr'>suppeditata,</span> <span class='ocrx_word' id='word_1_206' title='bbox 2995 2812 3066 2868; x_wconf 80' lang='lat' dir='ltr'>vt</span> 
     </span>
     <span class='ocr_line' id='line_1_24' title="bbox 652 2904 3067 2984; baseline -0 -16"><span class='ocrx_word' id='word_1_207' title='bbox 652 2905 779 2968; x_wconf 86' lang='lat' dir='ltr'>nisi</span> <span class='ocrx_word' id='word_1_208' title='bbox 823 2906 1036 2967; x_wconf 77' lang='lat' dir='ltr'>omnia</span> <span class='ocrx_word' id='word_1_209' title='bbox 1078 2925 1328 2966; x_wconf 89' lang='lat' dir='ltr'>summa</span> <span class='ocrx_word' id='word_1_210' title='bbox 1368 2905 1768 2984; x_wconf 84' lang='lat' dir='ltr'>praestiteris,</span> <span class='ocrx_word' id='word_1_211' title='bbox 1818 2925 2018 2983; x_wconf 90' lang='lat' dir='ltr'>neque</span> <span class='ocrx_word' id='word_1_212' title='bbox 2067 2905 2224 2966; x_wconf 89' lang='lat' dir='ltr'>sorti</span> <span class='ocrx_word' id='word_1_213' title='bbox 2269 2926 2307 2967; x_wconf 90' lang='lat' dir='ltr'>a</span> <span class='ocrx_word' id='word_1_214' title='bbox 2362 2904 2496 2966; x_wconf 90' lang='lat' dir='ltr'>Deo</span> <span class='ocrx_word' id='word_1_215' title='bbox 2544 2905 2813 2966; x_wconf 83' lang='lat' dir='ltr'>creditae</span> <span class='ocrx_word' id='word_1_216' title='bbox 2861 2925 3067 2984; x_wconf 88' lang='lat' dir='ltr'>neque</span> 
     </span>
    </p>

    <p class='ocr_par' dir='ltr' id='par_1_9' title="bbox 568 3003 3064 3475">
     <span class='ocr_line' id='line_1_25' title="bbox 568 3003 3064 3083; baseline 0.001 -19"><span class='ocrx_word' id='word_1_217' title='bbox 568 3029 629 3064; x_wconf 85' lang='lat'>20</span> <span class='ocrx_word' id='word_1_218' title='bbox 653 3005 908 3063; x_wconf 89' lang='lat' dir='ltr'>tuorum</span> <span class='ocrx_word' id='word_1_219' title='bbox 946 3003 1363 3082; x_wconf 79' lang='lat' dir='ltr'>expectationi</span> <span class='ocrx_word' id='word_1_220' title='bbox 1399 3023 1811 3081; x_wconf 87' lang='lat' dir='ltr'>responsurus</span> <span class='ocrx_word' id='word_1_221' title='bbox 1844 3004 2134 3065; x_wconf 81' lang='lat' dir='ltr'>videaris.</span> <span class='ocrx_word' id='word_1_222' title='bbox 2219 3004 2511 3064; x_wconf 89' lang='lat' dir='ltr'>Primum</span> <span class='ocrx_word' id='word_1_223' title='bbox 2552 3004 2723 3064; x_wconf 89' lang='lat' dir='ltr'>enim</span> <span class='ocrx_word' id='word_1_224' title='bbox 2757 3003 2910 3082; x_wconf 91' lang='lat' dir='ltr'>quid</span> <span class='ocrx_word' id='word_1_225' title='bbox 2952 3023 3064 3083; x_wconf 77' lang='lat' dir='ltr'>ego</span> 
     </span>
     <span class='ocr_line' id='line_1_26' title="bbox 652 3101 3063 3180; baseline 0.001 -18"><span class='ocrx_word' id='word_1_226' title='bbox 652 3101 921 3162; x_wconf 85' lang='lat' dir='ltr'>referam</span> <span class='ocrx_word' id='word_1_227' title='bbox 968 3102 1258 3162; x_wconf 78' lang='lat' dir='ltr'>fortunae</span> <span class='ocrx_word' id='word_1_228' title='bbox 1303 3101 1532 3161; x_wconf 88' lang='lat' dir='ltr'>miram</span> <span class='ocrx_word' id='word_1_229' title='bbox 1580 3101 1650 3162; x_wconf 89' lang='lat' dir='ltr'>in</span> <span class='ocrx_word' id='word_1_230' title='bbox 1697 3103 1762 3162; x_wconf 89' lang='lat' dir='ltr'>te</span> <span class='ocrx_word' id='word_1_231' title='bbox 1816 3121 2146 3179; x_wconf 89' lang='lat' dir='ltr'>raramque</span> <span class='ocrx_word' id='word_1_232' title='bbox 2195 3101 2659 3180; x_wconf 87' lang='lat' dir='ltr'>indulgentiam</span> <span class='ocrx_word' id='word_1_233' title='bbox 2675 3104 2708 3163; x_wconf 74' lang='lat'>¹?</span> <span class='ocrx_word' id='word_1_234' title='bbox 2791 3123 2951 3180; x_wconf 84' lang='lat' dir='ltr'>quae</span> <span class='ocrx_word' id='word_1_235' title='bbox 3004 3106 3063 3165; x_wconf 85' lang='lat' dir='ltr'>te</span> 
     </span>
     <span class='ocr_line' id='line_1_27' title="bbox 649 3197 3064 3279; baseline 0.001 -20"><span class='ocrx_word' id='word_1_236' title='bbox 649 3198 915 3259; x_wconf 78' lang='lat' dir='ltr'>‘vixdum</span> <span class='ocrx_word' id='word_1_237' title='bbox 952 3202 1171 3259; x_wconf 82' lang='lat' dir='ltr'>natum</span> <span class='ocrx_word' id='word_1_238' title='bbox 1211 3199 1411 3260; x_wconf 86' lang='lat' dir='ltr'>veluti</span> <span class='ocrx_word' id='word_1_239' title='bbox 1444 3197 1738 3259; x_wconf 88' lang='lat' dir='ltr'>manibus</span> <span class='ocrx_word' id='word_1_240' title='bbox 1774 3199 1908 3260; x_wconf 89' lang='lat' dir='ltr'>suis</span> <span class='ocrx_word' id='word_1_241' title='bbox 1943 3200 2013 3260; x_wconf 89' lang='lat' dir='ltr'>in</span> <span class='ocrx_word' id='word_1_242' title='bbox 2050 3219 2302 3261; x_wconf 88' lang='lat' dir='ltr'>summo</span> <span class='ocrx_word' id='word_1_243' title='bbox 2339 3202 2553 3260; x_wconf 84' lang='lat' dir='ltr'>rerum</span> <span class='ocrx_word' id='word_1_244' title='bbox 2590 3200 2842 3279; x_wconf 76' lang='lat' dir='ltr'>fastigio</span> <span class='ocrx_word' id='word_1_245' title='bbox 2884 3200 3064 3262; x_wconf 87' lang='lat' dir='ltr'>collo·</span> 
     </span>
     <span class='ocr_line' id='line_1_28' title="bbox 651 3296 3063 3378; baseline 0.001 -21"><span class='ocrx_word' id='word_1_246' title='bbox 651 3297 836 3371; x_wconf 90' lang='lat' dir='ltr'>cauit,</span> <span class='ocrx_word' id='word_1_247' title='bbox 884 3316 1042 3374; x_wconf 89' lang='lat' dir='ltr'>quae</span> <span class='ocrx_word' id='word_1_248' title='bbox 1087 3299 1153 3357; x_wconf 91' lang='lat' dir='ltr'>te</span> <span class='ocrx_word' id='word_1_249' title='bbox 1205 3297 1284 3358; x_wconf 80' lang='lat' dir='ltr'>sd</span> <span class='ocrx_word' id='word_1_250' title='bbox 1339 3316 1621 3362; x_wconf 87' lang='lat' dir='ltr'>summas</span> <span class='ocrx_word' id='word_1_251' title='bbox 1674 3317 1775 3358; x_wconf 88' lang='lat' dir='ltr'>res</span> <span class='ocrx_word' id='word_1_252' title='bbox 1830 3316 1962 3358; x_wconf 90' lang='lat' dir='ltr'>non</span> <span class='ocrx_word' id='word_1_253' title='bbox 2008 3299 2220 3359; x_wconf 81' lang='lat' dir='ltr'>euexit</span> <span class='ocrx_word' id='word_1_254' title='bbox 2272 3296 2382 3359; x_wconf 89' lang='lat' dir='ltr'>sed</span> <span class='ocrx_word' id='word_1_255' title='bbox 2433 3297 2673 3378; x_wconf 82' lang='lat' dir='ltr'>genuit,</span> <span class='ocrx_word' id='word_1_256' title='bbox 2718 3297 2849 3359; x_wconf 91' lang='lat' dir='ltr'>imo</span> <span class='ocrx_word' id='word_1_257' title='bbox 2905 3319 3063 3378; x_wconf 89' lang='lat' dir='ltr'>quae</span> 
     </span>
     <span class='ocr_line' id='line_1_29' title="bbox 648 3393 3063 3475; baseline 0.001 -21"><span class='ocrx_word' id='word_1_258' title='bbox 648 3395 997 3472; x_wconf 88' lang='lat' dir='ltr'>principem</span> <span class='ocrx_word' id='word_1_259' title='bbox 1024 3393 1543 3456; x_wconf 83' lang='lat' dir='ltr'>florentissimum</span> <span class='ocrx_word' id='word_1_260' title='bbox 1568 3397 1634 3456; x_wconf 91' lang='lat' dir='ltr'>et</span> <span class='ocrx_word' id='word_1_261' title='bbox 1660 3398 2000 3473; x_wconf 80' lang='lat' dir='ltr'>antequam</span> <span class='ocrx_word' id='word_1_262' title='bbox 2026 3395 2096 3455; x_wconf 90' lang='lat' dir='ltr'>in</span> <span class='ocrx_word' id='word_1_263' title='bbox 2124 3397 2328 3457; x_wconf 88' lang='lat' dir='ltr'>lucem</span> <span class='ocrx_word' id='word_1_264' title='bbox 2363 3397 2578 3457; x_wconf 84' lang='lat' dir='ltr'>ederet</span> <span class='ocrx_word' id='word_1_265' title='bbox 2606 3396 2793 3471; x_wconf 78' lang='lat' dir='ltr'>fecit3</span> <span class='ocrx_word' id='word_1_266' title='bbox 2834 3398 3063 3475; x_wconf 84' lang='lat' dir='ltr'>quippe</span> 
     </span>
    </p>

    <p class='ocr_par' dir='ltr' id='par_1_10' title="bbox 562 3481 3066 3967">
     <span class='ocr_line' id='line_1_30' title="bbox 562 3481 3058 3574; baseline 0.001 -20"><span class='ocrx_word' id='word_1_267' title='bbox 562 3519 620 3569; x_wconf 79' lang='lat'>25</span> <span class='ocrx_word' id='word_1_268' title='bbox 650 3512 809 3572; x_wconf 87' lang='lat' dir='ltr'>quae</span> <span class='ocrx_word' id='word_1_269' title='bbox 839 3493 959 3554; x_wconf 88' lang='lat' dir='ltr'>tibi</span> <span class='ocrx_word' id='word_1_270' title='bbox 1000 3512 1200 3570; x_wconf 84' lang='lat' dir='ltr'>genus</span> <span class='ocrx_word' id='word_1_271' title='bbox 1237 3492 1465 3571; x_wconf 87' lang='lat' dir='ltr'>largita</span> <span class='ocrx_word' id='word_1_272' title='bbox 1506 3496 1603 3555; x_wconf 88' lang='lat' dir='ltr'>est</span> <span class='ocrx_word' id='word_1_273' title='bbox 1633 3493 2002 3555; x_wconf 81' lang='lat' dir='ltr'>clarissimis</span> <span class='ocrx_word' id='word_1_274' title='bbox 2039 3495 2334 3573; x_wconf 83' lang='lat' dir='ltr'>vtrinque</span> <span class='ocrx_word' id='word_1_275' title='bbox 2375 3481 2759 3574; x_wconf 80' lang='lat' dir='ltr'>imaginibus</span> <span class='ocrx_word' id='word_1_276' title='bbox 2798 3494 3058 3571; x_wconf 86' lang='lat' dir='ltr'>illustre,</span> 
     </span>
     <span class='ocr_line' id='line_1_31' title="bbox 649 3590 3065 3671; baseline 0.001 -20"><span class='ocrx_word' id='word_1_277' title='bbox 649 3592 984 3669; x_wconf 86' lang='lat' dir='ltr'>paternum</span> <span class='ocrx_word' id='word_1_278' title='bbox 1011 3590 1265 3668; x_wconf 89' lang='lat' dir='ltr'>quidem</span> <span class='ocrx_word' id='word_1_279' title='bbox 1291 3609 1330 3651; x_wconf 87' lang='lat' dir='ltr'>a</span> <span class='ocrx_word' id='word_1_280' title='bbox 1357 3591 1655 3669; x_wconf 90' lang='lat' dir='ltr'>Philippo</span> <span class='ocrx_word' id='word_1_281' title='bbox 1682 3592 2213 3670; x_wconf 87' lang='lat' dir='ltr'>Burgundionum</span> <span class='ocrx_word' id='word_1_282' title='bbox 2240 3593 2415 3670; x_wconf 89' lang='lat' dir='ltr'>duce,</span> <span class='ocrx_word' id='word_1_283' title='bbox 2449 3593 2636 3666; x_wconf 84' lang='lat' dir='ltr'>heroe</span> <span class='ocrx_word' id='word_1_284' title='bbox 2662 3611 2808 3654; x_wconf 85' lang='lat' dir='ltr'>cum</span> <span class='ocrx_word' id='word_1_285' title='bbox 2837 3594 3065 3671; x_wconf 88' lang='lat' dir='ltr'>quouis</span> 
     </span>
     <span class='ocr_line' id='line_1_32' title="bbox 648 3689 3060 3770; baseline 0.001 -20"><span class='ocrx_word' id='word_1_286' title='bbox 648 3689 839 3751; x_wconf 85' lang='lat' dir='ltr'>etiam</span> <span class='ocrx_word' id='word_1_287' title='bbox 880 3692 1164 3750; x_wconf 84' lang='lat' dir='ltr'>veterum</span> <span class='ocrx_word' id='word_1_288' title='bbox 1200 3690 1648 3768; x_wconf 88' lang='lat' dir='ltr'>componendo,</span> <span class='ocrx_word' id='word_1_289' title='bbox 1691 3692 2053 3752; x_wconf 85' lang='lat' dir='ltr'>maternum</span> <span class='ocrx_word' id='word_1_290' title='bbox 2088 3711 2237 3752; x_wconf 86' lang='lat' dir='ltr'>vero</span> <span class='ocrx_word' id='word_1_291' title='bbox 2270 3711 2311 3753; x_wconf 88' lang='lat' dir='ltr'>a</span> <span class='ocrx_word' id='word_1_292' title='bbox 2345 3691 2698 3766; x_wconf 81' lang='lat' dir='ltr'>Borbonica</span> <span class='ocrx_word' id='word_1_293' title='bbox 2737 3691 2953 3770; x_wconf 87' lang='lat' dir='ltr'>stirpe,</span> <span class='ocrx_word' id='word_1_294' title='bbox 2997 3690 3060 3753; x_wconf 88' lang='lat' dir='ltr'>id</span> 
     </span>
     <span class='ocr_line' id='line_1_33' title="bbox 647 3786 3064 3868; baseline 0.001 -21"><span class='ocrx_word' id='word_1_295' title='bbox 647 3790 745 3847; x_wconf 89' lang='lat' dir='ltr'>est</span> <span class='ocrx_word' id='word_1_296' title='bbox 783 3786 1112 3847; x_wconf 86' lang='lat' dir='ltr'>Gallorum</span> <span class='ocrx_word' id='word_1_297' title='bbox 1153 3787 1420 3866; x_wconf 89' lang='lat' dir='ltr'>regibus,</span> <span class='ocrx_word' id='word_1_298' title='bbox 1462 3788 1740 3864; x_wconf 89' lang='lat' dir='ltr'>ductum,</span> <span class='ocrx_word' id='word_1_299' title='bbox 1772 3791 1847 3850; x_wconf 79' lang='lat' dir='ltr'>vt</span> <span class='ocrx_word' id='word_1_300' title='bbox 1882 3789 2175 3850; x_wconf 82' lang='lat' dir='ltr'>omittam</span> <span class='ocrx_word' id='word_1_301' title='bbox 2211 3789 2488 3851; x_wconf 88' lang='lat' dir='ltr'>interim·</span> <span class='ocrx_word' id='word_1_302' title='bbox 2510 3801 2644 3851; x_wconf 88' lang='lat' dir='ltr'>rem</span> <span class='ocrx_word' id='word_1_303' title='bbox 2682 3791 2959 3868; x_wconf 83' lang='lat' dir='ltr'>amplam</span> <span class='ocrx_word' id='word_1_304' title='bbox 2993 3808 3064 3850; x_wconf 89' lang='lat' dir='ltr'>ac</span> 
     </span>
     <span class='ocr_line' id='line_1_34' title="bbox 648 3884 3066 3967; baseline 0.002 -21"><span class='ocrx_word' id='word_1_305' title='bbox 648 3884 954 3946; x_wconf 89' lang='lat' dir='ltr'>ditionem</span> <span class='ocrx_word' id='word_1_306' title='bbox 1020 3885 1425 3961; x_wconf 83' lang='lat' dir='ltr'>luculentam,</span> <span class='ocrx_word' id='word_1_307' title='bbox 1490 3889 1564 3946; x_wconf 80' lang='lat' dir='ltr'>vt</span> <span class='ocrx_word' id='word_1_308' title='bbox 1622 3887 1847 3949; x_wconf 86' lang='lat' dir='ltr'>sileam</span> <span class='ocrx_word' id='word_1_309' title='bbox 1916 3888 2251 3950; x_wconf 86' lang='lat' dir='ltr'>affinitates</span> <span class='ocrx_word' id='word_1_310' title='bbox 2317 3887 2644 3967; x_wconf 71' lang='lat' dir='ltr'>Vtriusque</span> <span class='ocrx_word' id='word_1_311' title='bbox 2712 3889 3066 3950; x_wconf 85' lang='lat' dir='ltr'>sororculae</span> 
     </span>
    </p>

    <p class='ocr_par' dir='ltr' id='par_1_11' title="bbox 562 3983 3063 4257">
     <span class='ocr_line' id='line_1_35' title="bbox 562 3983 3063 4063; baseline 0.001 -17"><span class='ocrx_word' id='word_1_312' title='bbox 562 4011 626 4060; x_wconf 84' lang='lat'>30</span> <span class='ocrx_word' id='word_1_313' title='bbox 648 3983 1042 4061; x_wconf 85' lang='lat' dir='ltr'>sponsalibus</span> <span class='ocrx_word' id='word_1_314' title='bbox 1078 4002 1225 4044; x_wconf 91' lang='lat' dir='ltr'>cum</span> <span class='ocrx_word' id='word_1_315' title='bbox 1260 3984 1528 4044; x_wconf 82' lang='lat' dir='ltr'>summis</span> <span class='ocrx_word' id='word_1_316' title='bbox 1567 3986 1925 4061; x_wconf 87' lang='lat' dir='ltr'>proceribus</span> <span class='ocrx_word' id='word_1_317' title='bbox 1965 3986 2306 4063; x_wconf 87' lang='lat' dir='ltr'>adiunctas,</span> <span class='ocrx_word' id='word_1_318' title='bbox 2344 3989 2418 4047; x_wconf 79' lang='lat' dir='ltr'>vt</span> <span class='ocrx_word' id='word_1_319' title='bbox 2457 4003 2544 4047; x_wconf 85' lang='lat' dir='ltr'>ne</span> <span class='ocrx_word' id='word_1_320' title='bbox 2576 3986 2696 4047; x_wconf 91' lang='lat' dir='ltr'>tibi</span> <span class='ocrx_word' id='word_1_321' title='bbox 2739 3987 2817 4047; x_wconf 90' lang='lat' dir='ltr'>de</span> <span class='ocrx_word' id='word_1_322' title='bbox 2858 3990 3063 4048; x_wconf 86' lang='lat' dir='ltr'>matre</span> 
     </span>
     <span class='ocr_line' id='line_1_36' title="bbox 648 4067 3062 4163; baseline 0.002 -22"><span class='ocrx_word' id='word_1_323' title='bbox 648 4084 780 4141; x_wconf 88' lang='lat' dir='ltr'>tam</span> <span class='ocrx_word' id='word_1_324' title='bbox 835 4080 940 4158; x_wconf 89' lang='lat' dir='ltr'>pia</span> <span class='ocrx_word' id='word_1_325' title='bbox 989 4080 1279 4158; x_wconf 87' lang='lat' dir='ltr'>gratuler,</span> <span class='ocrx_word' id='word_1_326' title='bbox 1332 4102 1492 4159; x_wconf 91' lang='lat' dir='ltr'>quae</span> <span class='ocrx_word' id='word_1_327' title='bbox 1544 4082 1970 4145; x_wconf 88' lang='lat' dir='ltr'>sollicitudine</span> <span class='ocrx_word' id='word_1_328' title='bbox 2016 4085 2288 4163; x_wconf 87' lang='lat' dir='ltr'>quadam</span> <span class='ocrx_word' id='word_1_329' title='bbox 2342 4067 2694 4146; x_wconf 87' lang='lat' dir='ltr'>incredibili</span> <span class='ocrx_word' id='word_1_330' title='bbox 2749 4088 2813 4147; x_wconf 90' lang='lat' dir='ltr'>te</span> <span class='ocrx_word' id='word_1_331' title='bbox 2861 4084 3062 4147; x_wconf 76' lang='lat' dir='ltr'>veluti</span> 
     </span>
     <span class='ocr_line' id='line_1_37' title="bbox 647 4177 3063 4257; baseline 0.003 -20"><span class='ocrx_word' id='word_1_332' title='bbox 647 4177 853 4238; x_wconf 90' lang='lat' dir='ltr'>denuc</span> <span class='ocrx_word' id='word_1_333' title='bbox 886 4178 1173 4256; x_wconf 87' lang='lat' dir='ltr'>parturit,</span> <span class='ocrx_word' id='word_1_334' title='bbox 1206 4178 1491 4257; x_wconf 88' lang='lat' dir='ltr'>nihilque</span> <span class='ocrx_word' id='word_1_335' title='bbox 1526 4180 1755 4256; x_wconf 89' lang='lat' dir='ltr'>putat</span> <span class='ocrx_word' id='word_1_336' title='bbox 1735 4200 1800 4239; x_wconf 85' lang='grc' dir='ltr'>ιιι</span> <span class='ocrx_word' id='word_1_337' title='bbox 1831 4181 2033 4243; x_wconf 81' lang='lat' dir='ltr'>vitam</span> <span class='ocrx_word' id='word_1_338' title='bbox 2062 4182 2368 4257; x_wconf 85' lang='lat' dir='ltr'>eduxisse,</span> <span class='ocrx_word' id='word_1_339' title='bbox 2401 4183 2527 4244; x_wconf 81' lang='lat' dir='ltr'>nisi</span> <span class='ocrx_word' id='word_1_340' title='bbox 2556 4185 2622 4244; x_wconf 93' lang='lat' dir='ltr'>et</span> <span class='ocrx_word' id='word_1_341' title='bbox 2647 4184 2727 4245; x_wconf 90' lang='lat' dir='ltr'>ad</span> <span class='ocrx_word' id='word_1_342' title='bbox 2754 4183 3063 4245; x_wconf 82' lang='lat' dir='ltr'>virtutem</span> 
     </span>
    </p>
   </div>
   <div class='ocr_carea' id='block_1_5' title="bbox 1366 4308 2334 4370">
    <p class='ocr_par' dir='ltr' id='par_1_12' title="bbox 1366 4308 2334 4370">
     <span class='ocr_line' id='line_1_38' title="bbox 1366 4308 2334 4370; baseline 0.004 -14"><span class='ocrx_word' id='word_1_343' title='bbox 1366 4323 1448 4370; x_wconf 86' lang='lat'>31.</span> <span class='ocrx_word' id='word_1_344' title='bbox 1482 4308 1853 4359; x_wconf 84' lang='lat' dir='ltr'>sollicitudine</span> <span class='ocrx_word' id='word_1_345' title='bbox 1874 4327 1935 4362; x_wconf 75' lang='lat' dir='ltr'>a:</span> <span class='ocrx_word' id='word_1_346' title='bbox 1971 4311 2267 4362; x_wconf 83' lang='lat' dir='ltr'>solitudine</span> <span class='ocrx_word' id='word_1_347' title='bbox 2289 4314 2334 4363; x_wconf 80' lang='grc' dir='ltr'>δ.</span> 
     </span>
    </p>
   </div>
   <div class='ocr_carea' id='block_1_6' title="bbox 648 4401 3063 4810">
    <p class='ocr_par' dir='ltr' id='par_1_13' title="bbox 648 4401 3063 4810">
     <span class='ocr_line' id='line_1_39' title="bbox 713 4401 3063 4497; baseline 0.003 -34"><span class='ocrx_word' id='word_1_348' title='bbox 713 4429 760 4476; x_wconf 83' lang='lat'>3.</span> <span class='ocrx_word' id='word_1_349' title='bbox 796 4415 1162 4493; x_wconf 75' lang='lat' dir='ltr'>panegyricis]</span> <span class='ocrx_word' id='word_1_350' title='bbox 1178 4417 1257 4468; x_wconf 78' lang='lat' dir='ltr'>Cf.</span> <span class='ocrx_word' id='word_1_351' title='bbox 1268 4416 1366 4466; x_wconf 85' lang='lat' dir='ltr'>the</span> <span class='ocrx_word' id='word_1_352' title='bbox 1379 4416 1599 4466; x_wconf 79' lang='lat' dir='ltr'>defence</span> <span class='ocrx_word' id='word_1_353' title='bbox 1614 4416 1672 4466; x_wconf 82' lang='lat' dir='ltr'>of</span> <span class='ocrx_word' id='word_1_354' title='bbox 1684 4417 1798 4467; x_wconf 87' lang='lat' dir='ltr'>this</span> <span class='ocrx_word' id='word_1_355' title='bbox 1897 4418 2165 4497; x_wconf 83' lang='lat' dir='ltr'>daughter</span> <span class='ocrx_word' id='word_1_356' title='bbox 2197 4420 2258 4469; x_wconf 82' lang='lat' dir='ltr'>cf</span> <span class='ocrx_word' id='word_1_357' title='bbox 2291 4401 2447 4470; x_wconf 79' lang='lat' dir='ltr'>Duke</span> <span class='ocrx_word' id='word_1_358' title='bbox 2482 4418 2644 4471; x_wconf 79' lang='lat' dir='ltr'>Leuis</span> <span class='ocrx_word' id='word_1_359' title='bbox 2679 4432 2716 4486; x_wconf 83' lang='lat'>¹.-</span> <span class='ocrx_word' id='word_1_360' title='bbox 2796 4419 3063 4471; x_wconf 76' lang='lat' dir='ltr'>Anselme</span> 
     </span>
     <span class='ocr_line' id='line_1_40' title="bbox 648 4481 2467 4549; baseline 0.003 -19"><span class='ocrx_word' id='word_1_361' title='bbox 648 4481 884 4544; x_wconf 76' lang='lat' dir='ltr'>practice</span> <span class='ocrx_word' id='word_1_362' title='bbox 907 4481 968 4529; x_wconf 89' lang='lat' dir='ltr'>in</span> <span class='ocrx_word' id='word_1_363' title='bbox 992 4481 1088 4544; x_wconf 85' lang='lat' dir='ltr'>Ep.</span> <span class='ocrx_word' id='word_1_364' title='bbox 1119 4483 1228 4531; x_wconf 82' lang='lat'>180.</span> <span class='ocrx_word' id='word_1_365' title='bbox 1898 4486 1935 4534; x_wconf 88' lang='lat' dir='ltr'>i.</span> <span class='ocrx_word' id='word_1_366' title='bbox 1960 4500 2074 4548; x_wconf 82' lang='lat'>314,</span> <span class='ocrx_word' id='word_1_367' title='bbox 2098 4486 2212 4535; x_wconf 87' lang='lat' dir='ltr'>and</span> <span class='ocrx_word' id='word_1_368' title='bbox 2232 4485 2327 4535; x_wconf 82' lang='lat' dir='ltr'>vii.</span> <span class='ocrx_word' id='word_1_369' title='bbox 2358 4500 2467 4549; x_wconf 80' lang='lat'><strong>¹05·</strong></span> 
     </span>
     <span class='ocr_line' id='line_1_41' title="bbox 715 4545 3057 4617; baseline 0.003 -22"><span class='ocrx_word' id='word_1_370' title='bbox 715 4550 794 4596; x_wconf 82' lang='lat'>26.</span> <span class='ocrx_word' id='word_1_371' title='bbox 832 4545 1110 4612; x_wconf 84' lang='lat' dir='ltr'>Philippo]</span> <span class='ocrx_word' id='word_1_372' title='bbox 1160 4548 1258 4597; x_wconf 85' lang='lat' dir='ltr'>the</span> <span class='ocrx_word' id='word_1_373' title='bbox 1296 4548 1446 4598; x_wconf 82' lang='lat' dir='ltr'>Gcod</span> <span class='ocrx_word' id='word_1_374' title='bbox 1484 4549 1608 4612; x_wconf 83' lang='lat'><strong>(†15</strong></span> <span class='ocrx_word' id='word_1_375' title='bbox 1651 4550 1798 4600; x_wconf 83' lang='lat' dir='ltr'>June</span> <span class='ocrx_word' id='word_1_376' title='bbox 1963 4566 2048 4613; x_wconf 79' lang='lat'>29.</span> <span class='ocrx_word' id='word_1_377' title='bbox 2081 4551 2406 4617; x_wconf 75' lang='lat' dir='ltr'>sororculse]</span> <span class='ocrx_word' id='word_1_378' title='bbox 2465 4549 2741 4612; x_wconf 82' lang='lat' dir='ltr'>Anselme,</span> <span class='ocrx_word' id='word_1_379' title='bbox 2792 4551 3057 4615; x_wconf 77' lang='lat' dir='ltr'>vii.105,</span> 
     </span>
     <span class='ocr_line' id='line_1_42' title="bbox 651 4612 3061 4702; baseline 0.004 -43"><span class='ocrx_word' id='word_1_380' title='bbox 651 4612 819 4676; x_wconf 77' lang='lat'>1467),</span> <span class='ocrx_word' id='word_1_381' title='bbox 845 4614 1370 4675; x_wconf 78' lang='lat' dir='ltr'>great-grandfather</span> <span class='ocrx_word' id='word_1_382' title='bbox 1391 4618 1446 4664; x_wconf 92' lang='lat' dir='ltr'>to</span> <span class='ocrx_word' id='word_1_383' title='bbox 1468 4615 1775 4702; x_wconf 86' lang='lat' dir='ltr'>Adelphus.</span> <span class='ocrx_word' id='word_1_384' title='bbox 1899 4616 2046 4679; x_wconf 79' lang='lat' dir='ltr'>gives</span> <span class='ocrx_word' id='word_1_385' title='bbox 2069 4617 2233 4666; x_wconf 81' lang='lat' dir='ltr'>Anne</span> <span class='ocrx_word' id='word_1_386' title='bbox 2257 4618 2415 4666; x_wconf 87' lang='lat' dir='ltr'>three</span> <span class='ocrx_word' id='word_1_387' title='bbox 2437 4617 2642 4680; x_wconf 84' lang='lat' dir='ltr'>sisters,</span> <span class='ocrx_word' id='word_1_388' title='bbox 2666 4616 2742 4666; x_wconf 83' lang='lat' dir='ltr'>all</span> <span class='ocrx_word' id='word_1_389' title='bbox 2769 4617 2866 4667; x_wconf 86' lang='lat' dir='ltr'>the</span> <span class='ocrx_word' id='word_1_390' title='bbox 2891 4620 3061 4668; x_wconf 80' lang='lat' dir='ltr'>wives</span> 
     </span>
     <span class='ocr_line' id='line_1_43' title="bbox 780 4678 3062 4747; baseline 0.003 -20.134"><span class='ocrx_word' id='word_1_391' title='bbox 780 4679 1132 4728; x_wconf 78' lang='lat' dir='ltr'>‚Borbonica</span> <span class='ocrx_word' id='word_1_392' title='bbox 1187 4680 1349 4729; x_wconf 81' lang='lat' dir='ltr'>Anne</span> <span class='ocrx_word' id='word_1_393' title='bbox 1383 4681 1442 4729; x_wconf 77' lang='lat' dir='ltr'>of</span> <span class='ocrx_word' id='word_1_394' title='bbox 1472 4678 1770 4730; x_wconf 87' lang='lat' dir='ltr'>Borsselen’</span> <span class='ocrx_word' id='word_1_395' title='bbox 1774 4696 1800 4729; x_wconf 89' lang='lat' dir='ltr'>s</span> <span class='ocrx_word' id='word_1_396' title='bbox 1902 4681 1962 4729; x_wconf 83' lang='lat' dir='ltr'>of</span> <span class='ocrx_word' id='word_1_397' title='bbox 1978 4682 2182 4732; x_wconf 88' lang='lat' dir='ltr'>nobles.</span> <span class='ocrx_word' id='word_1_398' title='bbox 2249 4682 2358 4732; x_wconf 85' lang='lat' dir='ltr'>The</span> <span class='ocrx_word' id='word_1_399' title='bbox 2389 4686 2657 4747; x_wconf 79' lang='lat' dir='ltr'>youngest</span> <span class='ocrx_word' id='word_1_400' title='bbox 2679 4697 2790 4732; x_wconf 81' lang='lat' dir='ltr'>was</span> <span class='ocrx_word' id='word_1_401' title='bbox 2821 4684 3062 4747; x_wconf 73' lang='lat' dir='ltr'>perhaps</span> 
     </span>
     <span class='ocr_line' id='line_1_44' title="bbox 648 4693 2392 4810; baseline 0.005 -19"><span class='ocrx_word' id='word_1_402' title='bbox 648 4693 830 4793; x_wconf 71' lang='lat' dir='ltr'>mo2the</span> <span class='ocrx_word' id='word_1_403' title='bbox 803 4759 862 4792; x_wconf 89' lang='lat' dir='ltr'>er</span> <span class='ocrx_word' id='word_1_404' title='bbox 921 4759 1032 4794; x_wconf 85' lang='lat' dir='ltr'>was</span> <span class='ocrx_word' id='word_1_405' title='bbox 1086 4745 1128 4794; x_wconf 86' lang='lat' dir='ltr'>C</span> <span class='ocrx_word' id='word_1_406' title='bbox 1167 4745 1360 4796; x_wconf 85' lang='lat' dir='ltr'>arlotte</span> <span class='ocrx_word' id='word_1_407' title='bbox 1416 4745 1476 4796; x_wconf 74' lang='lat' dir='ltr'>of</span> <span class='ocrx_word' id='word_1_408' title='bbox 1525 4747 1794 4808; x_wconf 88' lang='lat' dir='ltr'>Bourbcn,</span> <span class='ocrx_word' id='word_1_409' title='bbox 1903 4749 2001 4797; x_wconf 89' lang='lat' dir='ltr'>not</span> <span class='ocrx_word' id='word_1_410' title='bbox 2023 4751 2116 4810; x_wconf 76' lang='lat' dir='ltr'>yet</span> <span class='ocrx_word' id='word_1_411' title='bbox 2139 4748 2392 4799; x_wconf 84' lang='lat' dir='ltr'>married.</span> 
     </span>
    </p>
   </div>
  </div>
 </body>
</html>
