3355 5380
247 358 424 441 ¹50¹]
1236 362 1344 423 ΤΟ
1398 362 1628 424 JOHN
2514 371 2643 425 375-

237 519 617 581 ediscendus.
706 517 785 577 In
831 537 1017 595 quem
1068 537 1184 578 nos
1228 519 1603 597 iampridem
1652 525 2106 584 enarrationem
2152 542 2381 601 magno
2424 525 2633 585 studio

238 618 554 679 molimur.
660 616 891 677 Audax
934 615 1189 694 quidem
1233 617 1488 688 facium,
1534 620 1642 678 sed
1687 621 1901 680 tamen
1949 620 2167 681 diuino
2210 622 2445 682 auxilio
2485 623 2632 684 freti
2657 639 2722 688 40

238 717 454 778 sedulo
498 717 792 778 dabimus
834 735 1103 792 operam,
1152 735 1233 775 ne
1274 719 1416 791 post
1461 716 1815 795 origenem,
1862 719 2287 796 Ambrosium,
2336 722 2634 799 Augusti-

239 834 408 890 num‚
451 836 531 876 ne
571 818 713 892 post
753 817 849 875 tot
891 814 1265 874 recentiores
1306 814 1682 891 interpretes
1716 817 1883 878 huuc
1923 817 2201 879 laborem
2240 819 2500 880 omnino
2532 820 2634 880 vel

237 916 368 974 sine
406 934 591 975 causa
624 913 729 973 vel
764 913 902 974 sine
929 912 1138 973 fructu
1167 913 1509 990 suscepisse
1535 913 1897 990 videamur3
1937 920 2127 994 atque
2162 920 2236 977 vt
2273 917 2632 996 intelligant

239 1012 714 1072 calumniatores
729 1011 984 1090 quidam
1005 1011 1115 1088 qui
1136 1030 1449 1071 summam
1478 1012 1844 1073 existimant
1869 1014 2240 1091 religionem
2261 1016 2420 1076 nihil
2444 1016 2631 1078 bona·

240 1130 378 1171 rum
435 1110 784 1172 litterarum
837 1111 1011 1185 scire,
1071 1109 1234 1187 quod
1291 1110 1648 1187 politiorem
1710 1114 1996 1172 veterum
2052 1114 2469 1175 litteraturam
2523 1137 2634 1194 per
2658 1129 2721 1179 45

236 1208 717 1270 adolescentiam
781 1227 1003 1269 sumus
1063 1207 1354 1286 amplexi,
1417 1209 1581 1286 quod
1642 1209 1971 1289 vtriusque
2036 1211 2304 1290 linguae,
2366 1214 2634 1275 Graecae

238 1307 470 1384 pariter
506 1328 577 1368 ac
604 1308 879 1380 Latinae,
912 1307 1286 1366 mediocrem
1330 1307 1748 1383 cognitionem
1791 1328 1920 1369 non
1964 1310 2125 1369 sine
2144 1311 2366 1372 multis
2400 1312 2635 1388 vigiliis

239 1405 418 1467 nobis
457 1406 827 1484 peperimus,
863 1424 991 1465 non
1017 1405 1095 1466 ad
1135 1405 1367 1464 famam
1407 1405 1662 1467 inanem
1698 1409 1809 1467 aut
1848 1407 2154 1485 puerilem
2195 1409 2391 1469 animi
2419 1407 2633 1487 volup-

240 1510 431 1566 tatem
470 1506 778 1583 spectasse
818 1523 950 1579 nos,
995 1502 1103 1565 sed
1149 1504 1356 1563 multo
1400 1507 1545 1564 ante
1591 1503 1784 1564 fuisse
1831 1507 2277 1581 premeditatos
2316 1509 2390 1567 vt
2440 1508 2633 1568 domi-

237 1605 451 1664 nicum
517 1602 844 1680 templum,
910 1601 1075 1680 quod
1146 1601 1434 1662 nonnulli
1501 1602 1747 1662 inscitia
1800 1599 2209 1682 barbarieque
2273 1624 2387 1665 sua
2440 1605 2634 1666 nimis
2660 1623 2724 1673 50

236 1702 743 1777 dehonestarunt,
788 1701 1048 1762 exoticis
1090 1699 1311 1778 opibus
1359 1720 1474 1778 pro
1511 1700 1757 1761 viribus
1798 1719 2255 1780 exornaremus,
2303 1703 2535 1781 quibus
2572 1709 2634 1766 et

235 1821 534 1880 generosa
578 1800 830 1878 ingenia
876 1801 1130 1876 possent
1175 1797 1256 1859 ad
1306 1798 1665 1859 diuinarum
1715 1800 2170 1878 scripturarum
2221 1820 2500 1862 amorem
2544 1801 2634 1862 in-

235 1899 566 1961 flammari.
648 1899 769 1960 Sed
795 1897 910 1958 hac
937 1900 1113 1958 tanta
1142 1916 1207 1956 re
1247 1896 1549 1974 pauculos
1585 1897 1726 1972 dies
1761 1898 2119 1959 intermissa
2150 1899 2319 1960 hunc
2356 1898 2633 1960 laborem

233 2003 340 2059 tua
378 2017 567 2059 causa
606 1996 1069 2073 assumpsimus,
1102 1999 1174 2055 vt
1215 1995 1331 2055 tibi
1372 1995 1569 2055 veluti
1610 1996 1818 2076 digito
1858 1997 2030 2057 viam
2069 2016 2226 2076 quae
2265 1998 2634 2075 compendio

233 2097 408 2158 ducit
459 2096 537 2156 ad
586 2094 923 2168 Christum,
971 2093 1404 2153 indicaremus,
1491 2093 1725 2155 Precor
1770 2098 1980 2156 autem
2028 2094 2241 2156 Iesum
2288 2096 2473 2157 istius
2520 2098 2633 2172 (vti
2661 2111 2722 2163 55

234 2194 438 2273 spero)
459 2192 762 2271 propositi
788 2195 1131 2270 parentem,
1156 2194 1227 2251 vt
1246 2191 1606 2284 salubribus
1627 2193 1755 2255 tuis
1776 2193 2013 2271 coeptis
2032 2193 2345 2274 benignus
2364 2195 2634 2273 aspirare

231 2293 548 2371 dignetur,
596 2289 727 2350 imo
765 2293 837 2351 vt
876 2309 1062 2351 suum
1105 2289 1173 2348 in
1215 2292 1279 2349 te
1322 2291 1634 2352 mutando
1673 2311 1910 2353 munus
1948 2295 2172 2370 augeat
2213 2294 2629 2372 perficiatque,

233 2409 354 2469 quo
382 2389 516 2450 cito
541 2387 907 2466 grandescas
933 2388 1001 2447 in
1028 2407 1102 2447 eo
1128 2390 1192 2446 et
1218 2387 1510 2450 occurras
1538 2389 1608 2449 in
1633 2391 1844 2451 virum
1870 2391 2232 2469 perfectum.
2306 2391 2387 2451 In
2413 2393 2633 2453 eodem

229 2486 384 2549 bene
428 2488 594 2561 vale,
640 2487 829 2547 frater
873 2488 938 2546 et
984 2484 1196 2560 amice,
1241 2472 1492 2563 semper
1534 2487 1788 2566 quidem
1834 2489 2048 2549 animo
2095 2489 2317 2550 dilecte
2362 2510 2521 2565 meo,
2568 2495 2635 2550 at

229 2605 398 2647 nunc
425 2584 640 2646 multo
667 2603 855 2662 quam
883 2583 1144 2644 antehac
1169 2579 1314 2645 tum
1344 2586 1590 2646 charior
1613 2589 1756 2648 tum
1783 2586 2128 2648 iucundior.
2660 2590 2725 2640 60

304 2683 510 2764 Apud
555 2683 692 2745 diui
732 2682 1093 2758 Andomari,
1133 2674 1225 2745 ex
1267 2684 1644 2747 monasterio
1685 2684 2023 2763 Bertinico,
2067 2688 2259 2748 Anno
2301 2707 2339 2747 a
2380 2686 2635 2749 Christo

230 2790 379 2846 nato
409 2803 610 2862 supra
639 2782 1045 2843 millesimum
1079 2782 1579 2861 quingentesimo
1604 2785 1832 2862 prime.

1087 2982 1231 3045 165.
1321 2979 1416 3045 To
1462 2982 1789 3048 EDMUND.

297 3068 561 3140 Farrago
584 3086 639 3138 p.
665 3082 786 3135 249.
2085 3065 2526 3123 Courtebourne.

295 3156 358 3213 F.
385 3175 446 3227 p.
478 3170 626 3226 372:
663 3151 804 3208 HN:
837 3152 1011 3212 Lond.
1040 3156 1114 3210 ix.
1144 3171 1212 3210 2:
1251 3156 1359 3212 LB.
1390 3156 1476 3225 96.
2050 3154 2339 3226 (Autumn
2370 3151 2561 3224 1501.)

296 3278 460 3340 [This
494 3278 665 3326 letter
687 3276 736 3324 is
750 3279 969 3328 written
993 3277 1131 3326 from
1154 3292 1188 3326 a
1208 3278 1374 3326 castle
1396 3292 1457 3327 or
1477 3277 1899 3339 country-house
1922 3278 2213 3340 belonging
2231 3279 2290 3325 to
2313 3274 2534 3324 Florent
2564 3275 2633 3323 de

231 3342 497 3403 Galenus,
527 3343 712 3391 Baton
733 3344 793 3394 of
816 3345 1239 3404 Courtebourne‚
1265 3346 1325 3392 in
1360 3344 1454 3392 the
1477 3344 1693 3405 County
1716 3344 1777 3392 of
1793 3344 2016 3406 Guines,
2044 3343 2154 3392 and
2180 3343 2337 3405 lying
2367 3340 2633 3390 therefore

229 3410 397 3457 about
445 3424 514 3458 10
556 3407 711 3457 miles
750 3413 806 3457 to
849 3409 945 3458 the
980 3407 1117 3457 N'W.
1151 3409 1210 3457 of
1242 3409 1321 3458 St.
1356 3410 1532 3457 Omer.
1624 3408 1738 3457 The
1770 3409 2062 3457 invitation
2108 3408 2339 3471 perhaps
2382 3420 2531 3455 came
2578 3409 2635 3454 to

232 3474 502 3523 Erasmus
535 3472 788 3538 through·
806 3475 969 3524 Peter
997 3475 1058 3523 of
1084 3475 1483 3523 Courtebourne
1508 3474 1626 3536 (Ep.
1659 3475 1789 3537 169),
1813 3474 1940 3523 who
1961 3486 2134 3523 seems
2163 3476 2222 3521 to
2254 3473 2394 3521 have
2419 3470 2636 3521 residcd

228 3540 400 3590 there.
482 3539 547 3589 It
587 3536 705 3591 <bes
744 3543 845 3590 not
878 3554 1076 3602 appear
1109 3540 1357 3589 whether
1394 3540 1491 3589 the
1530 3540 1713 3589 Baron
1749 3554 1862 3589 was
1900 3544 1959 3589 at
1996 3539 2399 3590 Courtebourne
2435 3538 2634 3599 during

228 3604 516 3654 Erasmus'
556 3603 714 3665 visin
760 3606 832 3655 he
864 3606 1140 3654 doubtless
1173 3605 1281 3653 had
1316 3605 1510 3654 castles
1541 3604 1853 3654 elsewhere.

291 3671 430 3734 Epp.
465 3672 633 3733 1639
662 3685 753 3721 are
786 3670 1079 3720 connected
1113 3670 1360 3733 together
1390 3670 1500 3718 and
1533 3673 1682 3720 must
1713 3671 1777 3719 bc
1810 3669 1999 3731 placed
2033 3669 2213 3718 before
2245 3668 2343 3718 the
2376 3668 2542 3717 death
2578 3669 2639 3718 of

223 3735 356 3786 Batt
399 3738 464 3785 in
515 3734 613 3788 tle
653 3737 803 3799 early
841 3740 964 3799 part
997 3736 1056 3784 of
1089 3750 1211 3797 15oe
1247 3737 1366 3799 (Ep.
1406 3739 1519 3797 170)
1554 3735 1664 3784 and
1709 3734 1850 3785 after
1885 3735 2063 3785 Louis’
2100 3737 2264 3797 entry
2299 3735 2418 3784 into
2457 3734 2634 3783 Batt’s

222 3803 449 3852 service.
522 3800 639 3853 nne
670 3802 803 3851 visit
825 3803 882 3850 to
905 3803 1307 3851 Gourtebourne
1331 3805 1477 3851 must
1502 3800 1770 3850 therefore
1792 3801 1856 3849 be
1878 3799 2064 3863 placed
2095 3801 2156 3848 in
2189 3800 2286 3850 the
2314 3802 2547 3849 autumn
2579 3799 2639 3847 of

227 3881 558 3987 ¹⁵32&de
590 3948 706 3983 was
730 3932 985 3995 probably
1006 3948 1040 3983 a
1064 3934 1306 3982 member
1328 3933 1387 3981 of
1402 3932 1498 3981 the
1522 3932 1844 3981 Franciscan
1867 3932 2204 3994 community
2228 3933 2285 3980 at
2320 3932 2401 3981 st.
2426 3928 2631 3993 Omen]

620 4063 934 4112 ERASMVS
978 4064 1310 4112 EDMONDO
1356 4063 1737 4111 SACERDOTI
1783 4062 2045 4111 OPTIMO
2090 4063 2144 4111 Β.
2188 4062 2255 4111 D.

307 4180 578 4241 Anmm
629 4195 734 4236 me
786 4177 855 4237 in
902 4176 1124 4237 villam
1173 4175 1614 4237 humanissimi
1661 4175 1972 4253 Principis
2019 4175 2096 4235 de
2140 4175 2623 4251 Courtebourne,

217 4271 527 4353 hybernis
567 4275 680 4337 his
716 4274 1038 4335 mensibus
1075 4275 1144 4335 in
1186 4273 1429 4335 arcanis
1469 4273 1672 4334 literis
1713 4277 2144 4349 mussaturus;
2188 4277 2253 4335 et
2278 4274 2526 4333 vtinam
2564 4273 2627 4333 id

337 4401 456 4449 164.
482 4398 574 4446 61.
617 4410 684 4443 ex
706 4396 1032 4444 monasterio
1053 4395 1326 4444 Bertinico
1346 4410 1434 4444 om.
1461 4395 1514 4448 β.
1717 4396 1828 4445 166.
1856 4411 1897 4444 1.
1933 4409 1964 4443 a
1989 4393 2417 4445 Gourtemburne
2440 4396 2494 4441 F.

272 4551 388 4602 1¹34.
451 4562 543 4610 39.
607 4544 1037 4609 enarrationem]
1099 4543 1177 4593 Cf.
1243 4544 1377 4607 Epp.
1482 4542 1736 4607 Calonne,
1765 4543 1943 4592 Baron
1974 4542 2035 4591 of
2063 4542 2483 4593 Courtebourne.
2515 4541 2626 4589 Sei-

217 4613 317 4668 181.
343 4629 436 4677 32,-
465 4613 596 4675 296.
635 4624 744 4673 157,
770 4611 877 4658 and
901 4624 1013 4671 300.
1481 4623 1655 4671 gneur
1686 4608 1747 4657 of
1772 4607 2173 4670 Beverlinghen
2208 4607 2317 4655 and
2341 4606 2620 4655 Alembon.

261 4684 386 4734 166.
419 4695 466 4730 1.
509 4679 586 4728 de
615 4674 1043 4738 Courtebourne]
1071 4675 1289 4724 Floreat
1316 4674 1382 4723 de
1485 4675 1572 4723 He
1586 4675 1821 4724 married
1837 4675 1896 4724 in
1910 4672 2626 4735 148901auded’Humicres,
