3355 5380
285 399 466 485 1497]
1034 402 1144 465 ΤΟ
1197 401 1240 463 J
1243 401 1427 464 OHN
1482 399 1918 463 MAUBURN
2562 405 2674 460 167

280 560 437 622 dere.
513 558 573 620 N
574 577 678 619 am
704 577 850 619 sum
877 577 1078 636 nuper
1094 578 1133 620 a
1151 557 1371 620 morbo
1391 561 1720 634 recreatus,
1744 558 2028 620 nondum
2054 556 2239 635 plane
2259 556 2677 630 confirmatus,

279 663 341 720 et
377 659 466 719 ita
499 659 836 735 occupatus
872 675 1016 717 sum
1050 660 1123 717 vt
1157 675 1486 735 nunquam
1523 657 1593 718 in
1619 657 1754 718 vita
1789 655 2154 734 occupatior.
2243 654 2544 734 Alioquin
2582 658 2679 716 tot
2711 678 2769 714 10

280 761 532 833 tamque
566 752 846 815 verbosis
887 753 1168 831 epistolis
1207 757 1273 816 te
1312 754 1641 817 obruerem
1675 758 1748 815 vt
1787 754 1973 832 plane
2014 754 2345 828 satiareris,
2387 754 2584 815 etiam
2625 755 2682 814 si

278 856 365 917 sis
395 853 612 915 helluo
639 852 1011 927 litterarum,
1041 852 1335 931 equidem
1360 855 1577 914 tantus
1605 856 1880 931 quantus
1916 872 2045 931 ego,
2077 853 2176 913 cui
2204 872 2423 913 omnes
2457 852 2680 913 famili·

281 952 483 1013 arium
509 950 810 1029 epistolae
842 949 1065 1011 breues
1103 969 1239 1012 esse
1265 952 1490 1013 solent.
1577 951 1761 1012 Nunc
1788 951 1843 1010 si
1869 950 2380 1028 occupationibus
2407 969 2536 1010 non
2562 950 2679 1025 vis,

280 1048 631 1111 valetudini
663 1049 891 1110 saltem
916 1050 1169 1110 veniam
1198 1049 1371 1111 dabit
1404 1053 1515 1110 tua
1546 1049 1910 1111 humanitas
1935 1070 1950 1122 ς
1993 1042 2101 1108 vbi
2127 1048 2445 1126 continget
2477 1048 2682 1109 ocium

282 1152 345 1210 et
371 1169 478 1209 ero
504 1147 690 1226 paulo
718 1147 1158 1223 confirmatior,
1190 1150 1255 1208 et
1281 1148 1577 1227 frequens
1606 1152 1669 1209 et
1707 1145 2184 1226 loquacissimus
2221 1146 2415 1207 fuero,
2504 1145 2683 1207 Nihil
2713 1169 2770 1222 15

280 1246 438 1308 solet
492 1245 657 1307 mihi
704 1265 840 1307 esse
885 1245 1131 1307 dulcius
1178 1266 1367 1323 quam
1415 1248 1526 1307 aut
1570 1246 1652 1306 ad
1702 1246 1920 1307 doctos
1968 1245 2203 1307 amicos
2250 1244 2522 1306 scribere
2573 1248 2682 1307 aut

278 1344 534 1406 illorum
574 1343 819 1405 litteras
858 1342 1079 1422 legere.
2505 1338 2508 1339 ⁷

357 1443 508 1505 Misi
545 1442 626 1504 ad
668 1443 732 1502 te
770 1444 913 1503 tum
952 1460 1124 1503 meas
1165 1461 1364 1521 nugas
1400 1445 1548 1504 ante
1591 1462 1830 1504 annum
1872 1442 2208 1520 impressas
2246 1445 2310 1503 et
2353 1441 2683 1504 Guillelmi

279 1540 577 1616 carmina,
623 1539 692 1599 in
741 1539 971 1617 quibus
1019 1539 1258 1617 aliquot
1306 1541 1569 1602 mendas
1609 1541 1903 1602 offendes.
1992 1540 2226 1602 Euenit
2272 1542 2446 1602 enim
2494 1544 2565 1601 vt
2612 1542 2683 1602 in

276 1643 541 1716 vtraque
578 1637 992 1715 impressione
1026 1638 1290 1700 aduersa
1326 1638 1692 1700 valetudine
1730 1637 2111 1714 laborarem3
2155 1660 2280 1717 quo
2315 1638 2552 1700 factum
2589 1642 2682 1700 est
2713 1662 2774 1696 ιο

277 1741 348 1796 vt
372 1737 675 1815 castigare
702 1734 1112 1814 nequiuerim.
1199 1736 1320 1798 Sed
1351 1739 1423 1797 tu
1449 1736 1631 1798 facile
1659 1736 2141 1799 animaduertes.

359 1835 674 1897 Boschius
727 1834 1062 1897 carmelita
1115 1836 1185 1895 in
1240 1835 1467 1896 litteris
1519 1836 1597 1896 ad
1653 1855 1755 1896 me
1810 1835 1944 1896 suis
1998 1837 2093 1896 tui
2148 1836 2457 1897 meminit.
2546 1835 2688 1896 Per-

255 1935 612 1995 'cunctatus
663 1936 759 1993 est
803 1933 913 1994 vbi
967 1951 1150 2007 esses,
1204 1932 1353 2012 quid
1408 1952 1640 2012 ageres.
1722 1933 1958 2012 Scripsi
2001 1934 2295 1995 omnibus
2350 1934 2428 1995 de
2475 1934 2679 1994 rebus.

278 2031 561 2106 Vtinam,
605 2031 699 2092 mi
745 2034 938 2109 pater,
983 2030 1238 2108 propius
1287 2030 1534 2093 abesses
1577 2050 1617 2092 a
1656 2031 1838 2094 nobis
1877 2052 2202 2111 essemque
2242 2052 2357 2112 ego
2396 2031 2686 2105 liberior;

279 2129 561 2209 quotidie
615 2129 728 2190 aut
780 2132 846 2189 te
897 2129 1236 2190 inuiserem
1294 2131 1405 2190 aut
1466 2128 1818 2191 scriberem.
1930 2130 2118 2191 Esses
2176 2133 2248 2192 tu
2307 2129 2472 2192 mihi
2529 2129 2689 2192 alter
2714 2150 2773 2201 25

280 2227 682 2303 Guillelmus,
712 2227 906 2288 altera
942 2246 1086 2304 pars
1120 2228 1369 2289 animae
1403 2246 1594 2289 meae.
1680 2228 1825 2290 Tibi
1863 2229 2035 2289 enim
2076 2230 2284 2290 nescio
2325 2249 2447 2308 quo
2489 2231 2681 2306 pacto,

279 2346 427 2387 cum
457 2328 627 2387 inter
643 2345 761 2386 nos
787 2322 968 2385 nulla
992 2324 1386 2387 familiaritas
1412 2326 1846 2401 intercesserit,
1874 2326 2111 2387 afficior
2136 2327 2538 2389 vehementer
2559 2349 2575 2399 ;
2615 2347 2688 2387 eo

279 2429 496 2486 tamen
523 2424 776 2503 ingenio
811 2425 996 2484 natus
1029 2443 1176 2486 sum
1202 2426 1274 2484 vt
1309 2424 1387 2485 ad
1430 2424 1739 2502 quaslibet
1773 2425 2083 2486 amicitias
2113 2424 2529 2487 conciliandas
2566 2425 2687 2486 sim

279 2522 631 2603 perfacilisg
670 2522 746 2582 ad
781 2521 1135 2583 litterarum
1161 2540 1310 2582 vero
1343 2521 1652 2583 bonarum
1691 2522 2006 2585 studiosos
2042 2523 2130 2583 ita
2165 2541 2511 2602 propensus
2543 2541 2688 2585 sum

276 2628 350 2684 vt
389 2622 498 2685 vel
538 2620 817 2682 aemulos
854 2638 1082 2681 amem.
1170 2620 1260 2681 Te
1293 2639 1444 2681 vero
1483 2640 1595 2683 cur
1633 2640 1765 2683 non
1804 2621 2069 2683 habeam
2111 2620 2503 2682 carissimum
2544 2640 2688 2682 cum
2715 2643 2778 2693 30

279 2743 404 2802 qno
445 2722 535 2783 sit
573 2719 733 2782 mihi
773 2721 1159 2798 optimorum
1199 2719 1554 2782 studiorum
1593 2719 1869 2796 societas,
1905 2721 2091 2798 longe
2131 2719 2586 2793 fidelissimum,
2617 2722 2689 2779 vt

278 2821 498 2884 Cicero
517 2819 727 2893 sentit,
745 2818 1215 2880 beneuolentiae
1233 2818 1481 2896 gluten3
1502 2818 1680 2880 cuius
1695 2819 2018 2894 modestia,
2037 2818 2413 2890 humanitas,
2438 2817 2683 2891 candor,

279 2917 616 2998 integritas
651 2915 754 2978 vel
795 2917 931 2978 sine
966 2915 1098 2977 illis
1129 2917 1206 2977 ad
1245 2920 1310 2977 te
1345 2917 1687 2978 amandum
1727 2920 2014 2996 poterant
2054 2915 2375 2996 impellere
2391 2917 2424 2976 Ῥ
2503 2914 2689 2978 Addo

279 3016 591 3089 ordinem,
613 3015 902 3078 habitum
927 3033 1344 3090 communem,
1368 3017 1629 3091 animos,
1651 3018 1725 3076 vt
1752 3035 1867 3093 ego
1895 3015 2169 3090 conficio,
2194 3034 2322 3077 non
2349 3014 2690 3076 admodum

282 3113 638 3189 dissimiles,
672 3116 925 3192 excepto
952 3113 1118 3193 quod
1147 3116 1218 3176 tu
1243 3114 1322 3176 ad
1348 3114 1657 3175 virtutem
1684 3114 2064 3193 propensior.
2716 3134 2777 3184 35

365 3211 564 3275 Exilii
592 3211 690 3275 tui
724 3214 792 3273 te
826 3210 1124 3274 nonnihil
1158 3211 1372 3290 pigere
1408 3211 1572 3274 nihil
1600 3213 1810 3289 miror,
1840 3232 2062 3274 verum
2089 3212 2157 3273 in
2194 3231 2262 3273 re
2288 3215 2423 3273 tam
2449 3210 2688 3285 diuina,

281 3313 419 3373 tam
445 3312 694 3390 egregia
716 3312 993 3372 maximo
1021 3314 1085 3371 te
1111 3329 1244 3371 esse
1270 3310 1483 3372 animo
1515 3312 1580 3373 et
1612 3310 1795 3391 cupio
1832 3314 1895 3374 et
1930 3312 2164 3373 hortor.
2251 3309 2561 3389 Equidem
2600 3308 2690 3369 ita

282 3410 412 3472 iam
439 3409 589 3471 inde
614 3410 693 3470 ab
729 3409 915 3471 initio
949 3413 1289 3489 auguratus
1322 3428 1484 3482 sum,
1515 3413 1578 3471 et
1615 3429 1786 3470 nunc
1823 3409 1974 3469 item
2011 3428 2296 3487 auguror,
2329 3427 2463 3468 rem
2499 3408 2690 3469 istam

284 3506 527 3569 infiniti
581 3507 731 3569 boni
785 3505 1194 3568 seminarium
1248 3508 1546 3568 futuram.
1642 3507 1905 3570 Dulcius
1957 3508 2213 3585 quidem
2268 3509 2398 3568 erat
2444 3505 2513 3566 in
2560 3505 2690 3566 otio

282 3606 590 3668 litterario
630 3607 882 3682 viuere3
929 3605 1037 3667 sed
1077 3604 1196 3666 tibi
1236 3604 1532 3667 Herculis
1572 3606 1762 3682 viam,
1805 3607 1922 3668 hoc
1963 3609 2060 3667 est
2101 3606 2377 3679 virtutis,
2409 3604 2689 3683 ingresso
2716 3626 2781 3677 40

287 3703 636 3767 Herculeus
683 3704 1028 3767 sumendus
1080 3705 1177 3765 est
1230 3703 1501 3765 animus.
1594 3704 1756 3765 Cum
1802 3724 1984 3782 saepe
2033 3707 2171 3764 tum
2221 3702 2463 3764 erudite
2509 3705 2690 3780 poete

283 3802 659 3882 significant,
704 3804 768 3864 id
812 3804 976 3881 quod
1017 3803 1254 3865 Seneca
1293 3802 1462 3878 dicit,
1508 3803 1773 3864 arduum
1815 3822 2225 3882 asperumque
2264 3820 2397 3862 esse
2435 3800 2693 3862 virtutis

285 3902 446 3976 iter3
488 3921 629 3963 eam
657 3921 786 3964 non
812 3902 883 3962 in
908 3901 1164 3976 balneis,
1194 3919 1326 3963 non
1358 3901 1427 3962 in
1463 3899 1785 3977 cubiculis,
1819 3920 1948 3962 non
1983 3900 2052 3961 in
2088 3898 2399 3961 conuiuiis
2433 3898 2687 3971 versari,

283 4001 395 4062 sed
430 4001 504 4062 in
536 3999 889 4075 sudoribus,
923 4000 990 4060 in
1028 3998 1231 4076 bellis,
1260 4000 1331 4060 in
1367 4000 1659 4078 negociis.
1726 3997 1888 4061 'Hoc
1925 3998 2046 4060 sibi
2075 3999 2324 4059 volebat
2353 3995 2686 4068 Homerus,

284 4100 398 4177 qui
420 4098 721 4178 Vlyssem
746 4099 942 4160 tantis
966 4099 1183 4160 iactari
1209 4097 1529 4160 laboribus
1555 4098 1759 4176 fingit.
1845 4097 2026 4159 Idem
2054 4097 2173 4159 sibi
2199 4096 2340 4158 vult
2366 4094 2686 4174 Virgilius,
2715 4117 2777 4167 45

350 4244 399 4291 9.
437 4229 794 4281 confirmatus
814 4243 936 4279 sum
958 4231 1014 4280 et
1029 4232 1080 4285 B.
1214 4230 1290 4280 18.
1326 4227 1617 4280 Guillermi
1639 4230 1693 4284 β.
1829 4243 1912 4280 22.
1946 4227 2193 4278 Bosclius
2217 4230 2320 4276 siue
2341 4225 2586 4276 Boselius
2606 4227 2690 4278 αΒ.

284 4296 811 4416 ἰξὲῑῇοὶέὶίἑιτέαὲβ.
1002 4311 1084 4358 27.
1117 4297 1304 4346 tamen
1320 4299 1424 4355 pose
1443 4294 1644 4345 afficior
1666 4298 1780 4344 aad.
1806 4297 1858 4348 β.
2038 4310 2121 4354 4o.
2155 4294 2258 4343 hoc
2280 4296 2360 4342 est
2383 4292 2604 4342 virtutis
2628 4307 2690 4342 a:

358 4520 435 4568 18.
473 4516 673 4582 nugas]
705 4519 819 4569 The
845 4523 1040 4569 Demea
1061 4522 1282 4571 newlia‘a
1304 4524 1431 4571 Iesu.
1541 4519 1733 4583 pested
1766 4518 2013 4568 illnesses
2046 4517 2109 4567 in
2140 4516 2295 4565 thes
2269 4514 2459 4576 spring
2491 4511 2690 4571 during

288 4583 383 4647 Ep
405 4584 737 4714 guiffedlrgi]
747 4583 1168 4711 Ῑὲῧῖῑαῐαηοααηιηι.
1236 4651 1328 4714 Ep.
1354 4666 1438 4712 49.
1544 4585 1634 4711 hi:
1642 4583 1962 4712 ιξίἒέἰοξξ]
1963 4583 2125 4697 iacgr
2122 4581 2245 4707 {ps-
2246 4595 2269 4628 ι
2275 4595 2354 4703 13·
2376 4658 2415 4691 1·

355 4730 438 4765 20.
490 4714 833 4780 valetudine]
890 4715 995 4766 Por
1048 4716 1317 4767 Erasmus'
1364 4732 1443 4765 re-
1609 4731 1690 4778 ⁴⁵·
1728 4714 2014 4778 Virgilius]
2041 4716 2161 4763 Aen.
2192 4726 2233 4762 r.
2260 4726 2387 4771 204-
2357 4710 2435 4756 -.6
