3355 5380
698 396 811 452 104
1395 388 1773 449 LETTERS
1825 389 1931 450 OF
1986 387 2385 450 ERASMUS
2899 380 3112 470 [1489

690 551 755 609 et
797 547 1051 626 quidem
1092 547 1296 608 nescio
1345 546 1711 622 mehercule,
1758 547 2009 608 Corneli
2056 547 2436 620 charissime,
2484 567 2607 625 quo
2654 551 2837 625 pacto
2883 551 3112 609 contra

691 667 932 710 morem
958 646 1283 707 literarum
1310 646 1642 707 assiduitas
1667 665 1800 706 non
1827 644 2014 706 modo
2042 645 2203 705 mihi
2230 644 2556 706 fastidium
2585 664 2713 705 non
2738 645 2957 724 pariat,
2991 646 3106 707 sed

637 773 664 821 5
691 746 1097 818 voluntatem,
1157 743 1264 804 sed
1319 743 1671 816 feruorem;
1752 743 1972 804 crescit
2039 735 2368 806 scribendo
2420 743 2736 805 scribendi
2791 743 3099 805 studium.

688 844 923 906 Videor
939 843 1111 904 enim
1132 842 1250 902 hac
1271 844 1404 902 arte
1423 841 1622 902 nostri
1644 841 1862 902 fallere
1880 841 2229 903 absentiam
2251 846 2587 921 tecumque
2605 846 2718 905 tua
2736 842 3114 904 dulcissima

690 941 1033 1004 delectatus
1080 939 1432 1018 praesentia
1472 958 1680 1001 coram
1731 940 1992 1001 miscere
2034 958 2405 1003 sermonem.
2495 941 2625 1002 Nec
2672 960 2821 1002 sane
2867 940 2984 1001 hac
3032 941 3107 1000 in

690 1061 759 1102 re
804 1060 1000 1118 vsque
1047 1038 1199 1100 adeo
1248 1057 1351 1099 me
1397 1037 1535 1098 falli
1582 1036 1967 1098 crediderim.
2055 1038 2397 1116 Siquidem,
2443 1039 2499 1101 si
2546 1039 2737 1101 fidem
2793 1039 3112 1100 habemus

688 1140 991 1218 Turpilio,
1030 1137 1353 1198 literarum
1388 1135 1757 1197 vicissitudo
1790 1155 1919 1196 vna
1957 1154 2058 1196 res
2097 1138 2193 1196 est
2233 1156 2391 1215 quae
2430 1137 2723 1199 absentes
2761 1138 3107 1215 coniungat

607 1262 667 1298 10
689 1237 941 1300 amicos.
1044 1236 1173 1297 Nec
1219 1235 1458 1314 gratius
1502 1253 1617 1295 nec
1661 1233 2010 1312 proximius
2057 1234 2224 1294 inter
2268 1235 2583 1297 seiunctos
2633 1235 3120 1297 consuetudinis

689 1355 889 1414 genus
926 1334 1129 1397 vllum
1168 1332 1425 1411 reperiri
1462 1331 1697 1410 poterit
1736 1351 1926 1410 quam
1966 1335 2039 1393 vt
2078 1332 2335 1393 alternis
2376 1334 2662 1412 epistolis
2709 1336 2933 1396 mutuo
2973 1334 3110 1396 sibi

691 1436 792 1497 sui
828 1435 1103 1495 referant
1139 1432 1476 1509 imaginem
1500 1453 1514 1505 ;
1555 1430 1835 1508 alterque
1860 1430 2059 1507 alteri,
2090 1431 2210 1492 etsi
2237 1451 2366 1492 non
2394 1452 2662 1510 corpore,
2695 1435 2859 1493 certe
2883 1433 3110 1495 animo

688 1555 762 1595 ac
789 1533 1113 1594 voluntate
1152 1551 1216 1592 se
1259 1532 1650 1608 praesentem
1691 1528 1998 1591 exhibeat.
2087 1531 2228 1591 Hoc
2268 1530 2477 1591 studio
2519 1531 2642 1592 duo
2681 1531 2781 1592 illi
2819 1530 3118 1610 insignes

690 1632 1001 1694 Ecclesiae
1043 1630 1246 1704 duces,
1296 1629 1762 1706 Hieronymum
1801 1627 2025 1706 loquor
2062 1632 2127 1689 et
2168 1629 2619 1707 Augustinum,
2664 1648 2811 1690 cum
2856 1630 3114 1707 inffinti

604 1749 660 1799 15
688 1730 967 1792 locorum
1035 1749 1105 1790 ac
1160 1731 1519 1804 temporum
1587 1726 1925 1788 interuallo
1978 1747 2105 1789 vna
2160 1747 2294 1788 esse
2347 1728 2714 1806 mutuisque
2779 1749 2895 1806 pro
2947 1734 3117 1790 voto

690 1826 1115 1905 complexibus
1162 1825 1289 1886 frui
1342 1825 1607 1886 minime
1652 1825 2025 1900 sinerentur,
2081 1845 2409 1903 nunquam
2464 1829 2675 1887 tamen
2731 1827 2911 1888 alteri
2966 1846 3110 1889 non

688 1927 902 1988 aderat
949 1928 1254 2004 vterque3
1323 1923 1703 2002 alteriusque
1748 1925 1812 1985 et
1868 1923 2152 1985 animum
2201 1926 2267 1984 et
2321 1924 2828 1987 beneuolentiam
2877 1929 3113 1988 neuter

690 2024 1017 2086 nesciebat.
1078 2024 1210 2084 Nos
1238 2024 1465 2100 itaque,
1488 2022 1742 2085 Corneli
1767 2020 2142 2097 dulcissime,
2167 2042 2288 2100 quo
2316 2025 2379 2084 et
2406 2026 2691 2084 nostram
2709 2024 3113 2092 vindicemus

689 2125 1039 2186 absentiam
1086 2126 1147 2183 et
1202 2123 1355 2183 satis
1406 2123 1753 2200 perfectum
1801 2139 2082 2181 amorem
2131 2121 2360 2182 debitis
2408 2122 2815 2184 exercitemus
2861 2123 3103 2198 officiis,

603 2242 665 2279 20
690 2222 907 2284 sedulo
937 2221 1160 2282 demus
1188 2240 1437 2298 operam
1464 2221 1537 2280 vt
1573 2218 1850 2280 crebrius
1890 2222 1999 2280 aut
2040 2219 2274 2280 isthinc
2315 2219 2553 2299 aliquid
2591 2225 2843 2282 tuorum
2876 2221 2955 2281 ad
2982 2242 3117 2283 nos

689 2320 940 2382 aduolet
966 2323 1074 2381 aut
1103 2321 1253 2380 hinc
1282 2318 1610 2397 quippiam
1633 2316 2076 2396 proficiscatur.
2140 2318 2401 2397 Hocque
2428 2339 2618 2397 quam
2645 2320 3112 2381 iucundissimo

690 2419 1004 2482 amicitiae
1051 2418 1504 2478 contendamus
1552 2417 1895 2478 certamine
1941 2435 2198 2494 semper,
2253 2417 2323 2477 in
2370 2437 2493 2495 quo
2541 2437 2686 2479 cum
2732 2419 2896 2479 mihi
2952 2439 2988 2479 a
3039 2422 3110 2480 te

690 2517 970 2598 superari
1012 2517 1349 2578 molestum
1391 2536 1518 2576 non
1562 2516 1701 2590 erit,
1739 2517 1880 2576 tum
1923 2514 2085 2575 mihi
2125 2515 2238 2575 abs
2279 2518 2342 2576 te
2377 2515 2551 2577 vinci
2593 2537 2781 2594 quam
2822 2517 3118 2596 gratissi·

692 2636 885 2679 mum.
995 2615 1211 2694 Neque
1258 2615 1431 2675 enim
1478 2632 1772 2692 vnquam,
1825 2613 2291 2692 quantumlibet
2342 2616 2750 2692 contenderis,
2797 2618 2941 2677 tuae
2994 2636 3114 2678 me

606 2734 664 2784 25
690 2721 825 2779 tam
880 2716 1097 2777 crebro
1152 2715 1432 2775 inuisent
1486 2713 1802 2790 epistolae,
1859 2717 1932 2774 vt
1988 2714 2084 2774 tui
2145 2734 2360 2776 meum
2415 2714 2795 2776 desiderium
2851 2715 3110 2794 explere

691 2815 941 2890 queant,
976 2811 1208 2870 nedum
1247 2809 1315 2869 in
1354 2808 1683 2869 fastidium
1713 2810 1995 2883 vertere3
2050 2827 2167 2869 nec
2208 2809 2361 2869 item
2402 2810 2495 2871 ita
2526 2810 2726 2885 facile,
2757 2811 2814 2872 si
2856 2810 2912 2870 is
2946 2814 3108 2872 tuus

689 2911 761 2971 in
808 2931 911 2972 me
958 2911 1044 2972 sit
1092 2929 1269 2971 amor
1321 2928 1509 2987 quem
1554 2911 1702 2968 tuae
1746 2926 1897 2985 prae
1944 2927 2010 2968 se
2060 2908 2273 2969 ferunt
2324 2909 2537 2970 literae
2586 2910 2773 2989 (quod
2832 2911 3112 2973 minime

690 3008 1149 3084 dubitauerim)‚
1175 3008 1372 3068 nostri
1399 3006 1850 3068 consuetudine
1876 3006 2216 3067 satiaberis.
2284 3007 2441 3082 Imo,
2463 3011 2536 3069 vt
2563 3009 2841 3086 apertius
2870 3010 3099 3086 dicam,

691 3107 747 3169 si
794 3107 851 3168 is
890 3109 987 3168 est
1036 3107 1104 3166 in
1146 3126 1249 3166 me
1291 3109 1441 3165 tuus
1484 3104 1753 3179 animus,
1797 3124 1991 3182 aeque
2031 3107 2102 3165 tu
2143 3107 2380 3168 nostris
2421 3105 2806 3168 delectabere
2849 3110 3112 3186 scriptis

603 3226 667 3274 30
691 3207 879 3282 atque
908 3224 1020 3282 ego
1047 3204 1191 3263 tuis.

771 3302 874 3361 Me
894 3301 1148 3380 quidem
1168 3319 1290 3379 qua
1306 3300 1627 3377 voluptate
1643 3302 1783 3360 tum
1799 3302 1949 3361 tuus
1962 3300 2427 3381 Apologeticus,
2448 3306 2589 3365 tum
2611 3307 2756 3364 tuae
2778 3304 3108 3366 affecerint

689 3399 1005 3478 epistolae,
1053 3399 1225 3460 dictu
1268 3398 1712 3459 difficillimum
1750 3401 1922 3477 puto.
2011 3400 2374 3463 Meminisse
2411 3406 2625 3464 tamen
2665 3402 2923 3476 luberet,
2971 3403 3109 3464 nisi

691 3499 752 3558 id
782 3496 1139 3560 assentandi
1168 3497 1371 3573 magis
1396 3497 1598 3573 gratia
1625 3515 1815 3574 quam
1841 3516 1919 3558 ex
1945 3498 2159 3559 animo
2186 3499 2361 3577 loqui
2381 3500 2582 3561 videri
2602 3520 2863 3562 vererer.
2933 3501 3110 3563 Noui

688 3597 877 3671 enim,
933 3595 1024 3656 mi
1074 3595 1338 3669 Corneli,
1395 3593 1545 3655 noui
1601 3614 1791 3671 quam
1845 3595 1931 3657 sit
1985 3595 2246 3658 laudum
2293 3602 2544 3659 tuarum
2599 3600 2938 3678 impatiens
2989 3604 3111 3662 tua

601 3709 663 3761 35
690 3695 1035 3756 humilitas.
1121 3694 1201 3755 Id
1243 3696 1452 3755 tamen
1479 3713 1698 3768 vnum,
1729 3698 1802 3755 vt
1832 3697 2068 3756 caetera
2109 3699 2506 3773 praeteream,
2541 3697 2773 3759 dixisse
2810 3698 3106 3775 sufficiat,
3175 3757 3191 3772 ,

692 3792 853 3854 nihil
883 3796 946 3855 te
972 3793 1223 3854 misisse
1249 3793 1530 3854 muneris
1564 3792 1859 3872 potuisse,
1892 3814 2015 3872 quo
2043 3814 2144 3855 me
2171 3795 2440 3873 gratiore
2467 3794 2768 3857 beneficio
2800 3796 3103 3858 affeceris.

691 3891 761 3953 Is
779 3891 950 3952 enim
977 3891 1139 3953 mihi
1167 3896 1262 3953 est
1288 3895 1476 3971 atque
1501 3913 1539 3953 a
1557 3911 1750 3970 puero
1776 3892 1897 3952 fuit
1924 3892 2252 3954 literarum
2279 3914 2472 3971 amor,
2492 3897 2565 3956 vt
2594 3894 2814 3972 dignae
2841 3913 3114 3972 prorsus

687 3989 1036 4066 videantur,
1058 4009 1212 4067 quas
1232 3990 1334 4050 vel
1357 3989 1652 4051 omnibus
1670 3990 1956 4050 Arabum
1975 3990 2146 4068 gazis
2173 4010 2302 4051 non
2328 3992 2648 4055 immerito
2674 3993 3101 4070 antetulerim,

691 4108 806 4149 nec
843 4087 995 4150 totis
1031 4090 1241 4152 Croesi
1279 4089 1519 4167 opibus,
1556 4091 2075 4168 quantaecunque
2111 4088 2360 4165 fuerint,
2395 4091 2928 4154 commutauerim.
3017 4092 3108 4153 Et

599 4205 666 4254 40
691 4187 943 4266 quidem
991 4208 1115 4267 quo
1170 4189 1414 4249 litteras
1466 4208 1609 4248 amo
1654 4187 2114 4264 vehementius,
2164 4208 2237 4248 eo
2291 4208 2396 4249 me
2444 4187 2837 4251 literatorum
2891 4191 3114 4253 studia

690 4287 1001 4348 delectant
1046 4286 1399 4349 iucundius.
1487 4287 1586 4346 Tu
1631 4285 1844 4364 igitur,
1892 4286 1984 4346 mi
2026 4285 2291 4361 Corneli,
2336 4286 2394 4347 si
2441 4307 2544 4348 me
2588 4308 2776 4362 amas,
2822 4291 2895 4350 vt
2937 4293 3110 4351 certe

689 4385 858 4461 facis,
907 4386 1002 4446 fac
1043 4385 1266 4446 amabo
1308 4389 1562 4446 tuorum
1605 4403 1709 4443 me
1751 4403 1997 4463 semper
2043 4384 2397 4446 studiorum
2435 4385 2806 4465 participem
2854 4387 3098 4450 reddas

694 4484 905 4559 Porro,
927 4484 982 4544 si
1010 4484 1119 4561 qui
1147 4484 1259 4544 alii
1283 4483 1424 4544 istic
1451 4485 1600 4544 sunt
1627 4482 1783 4542 artis
1809 4483 2084 4561 poeticae
2111 4503 2241 4544 non
2268 4483 2554 4563 imperiti,
2582 4484 2833 4546 illorum
2855 4505 3112 4566 quoque

985 4715 1034 4762 9.
1073 4698 1350 4763 Turpilio]
1372 4699 1410 4750 1.
1435 4712 1546 4761 2¹3·
1576 4699 1659 4750 ed.
1688 4698 1952 4761 Ribbeck3
1991 4697 2276 4761 preserved
2300 4700 2358 4748 in
2380 4699 2612 4763 Jerome,
2641 4700 2737 4763 Ep.
2762 4700 2811 4749 8.
