3355 5380
694 371 771 426 64
1391 363 1773 425 LE'H'ERS
1831 363 1937 423 OF
1992 362 2392 425 ERASMUS
2901 360 3096 445 [1540

688 524 796 585 vbi
843 522 1072 583 iudicio
1118 540 1275 598 opus
1327 522 1460 581 erat
1507 522 1760 597 propter
1806 518 2258 598 exemplarium
2304 518 2733 594 variationem,
2781 538 3098 597 nusquam

567 633 661 688 275
688 622 914 683 deerat.
1000 619 1242 680 Verum
1282 617 1709 696 Epistolarum
1749 617 2074 678 volumina
2110 616 2232 677 sibi
2271 617 2663 695 peculiariter
2696 617 3089 694 vendicabat,

684 722 916 800 partim
942 717 1342 780 absoluendis
1375 715 1644 791 scholiis,
1679 733 1831 793 quae
1870 715 2001 776 iam
2036 715 2282 792 pridem
2316 717 2614 792 coeperat,
2646 715 2879 792 partim
2905 717 3098 777 nouis

684 817 984 879 addendis
1006 819 1071 876 et
1096 813 1487 893 argumentis
1512 812 1938 875 adscribendis
1965 815 2322 890 occupatus.
2405 813 2531 874 Hic
2569 812 2746 873 labor
2785 833 2917 874 non
2956 819 3096 877 erat

684 917 959 994 exiguus.
1045 913 1324 976 Accessit
1372 913 1555 990 longe
1597 912 1814 973 maior.
1921 911 2375 973 Desiderabant
2430 910 2697 972 studiosi
2740 911 3093 974 Galliarum

684 1016 748 1073 et
791 1012 1268 1073 Germaniarum
1311 1011 1568 1071 seorsim
1624 1009 1764 1070 aedi
1811 1008 2064 1071 Nouum
2113 1009 2590 1070 Testamentum
2637 1009 2882 1087 Graece,
2925 1012 3093 1088 quod

565 1121 661 1170 280
685 1130 830 1172 cum
873 1111 1087 1173 Veteri
1131 1110 1414 1170 Venetiis
1460 1108 1926 1169 coniunxerant.
2016 1107 2098 1168 In
2142 1107 2207 1168 id
2245 1106 2400 1170 olim
2442 1109 2770 1185 scripserat
2808 1111 3097 1170 Annota-

683 1209 904 1288 tiones,
952 1208 1363 1269 Laurentium
1408 1206 1661 1267 Vallam
1714 1206 2014 1267 imitatus.
2116 1206 2242 1267 Eas
2294 1226 2491 1283 quum
2545 1207 2868 1283 reperisset
2921 1208 3095 1270 inter

681 1308 941 1368 schedas
1006 1325 1166 1382 suas,
1231 1304 1641 1366 tumultuarie
1697 1304 2059 1381 recognouit
2124 1307 2189 1364 et
2254 1305 2434 1365 auxit
2505 1305 2669 1366 inter
2729 1304 3094 1382 praelorum

682 1405 995 1483 strepitus.
1079 1403 1210 1465 Nec
1237 1403 1496 1464 deerant
1521 1403 1627 1481 qui
1658 1403 1870 1480 ipsum
1900 1402 2153 1463 Nouum
2181 1403 2655 1464 Testamentum
2695 1404 3090 1467 elimandum

682 1506 991 1579 putarent,
1047 1501 1236 1579 vulgo
1291 1501 1811 1575 Christianorum,
1872 1503 1944 1563 vt
2004 1500 2266 1577 videtur,
2327 1502 2636 1578 scriptum
2706 1503 2809 1564 vel
2876 1502 3094 1581 potius

566 1610 656 1673 285
680 1620 949 1662 versum.
1038 1600 1125 1660 Et
1162 1601 1312 1661 haec
1345 1599 1752 1661 monentibus
1786 1620 1900 1677 pro
1935 1619 2048 1661 sua
2078 1599 2376 1660 facilitate
2411 1600 2641 1677 paruit.
2722 1601 2915 1663 Hunc
2940 1623 3091 1664 vero

682 1698 954 1759 laborem
982 1699 1176 1759 Leoni
1210 1719 1254 1758 x
1281 1698 1467 1759 Pont.
1499 1699 1661 1760 Max.
1695 1699 2031 1776 inscripsit,
2064 1702 2129 1759 et
2155 1698 2406 1777 quidem
2449 1699 2673 1760 merito
2714 1701 3090 1777 primarium

682 1800 931 1858 nostrae
984 1797 1305 1875 religionis
1369 1798 1867 1858 instrumentum
1935 1816 2186 1857 summo
2253 1796 2531 1858 eiusdem
2587 1799 2877 1875 praesidi.
2992 1801 3091 1863 At

680 1895 1320 1972 Hieronymianorum
1347 1915 1605 1973 operum
1641 1895 2129 1973 recognitionem
2155 1895 2584 1956 cantuariensi
2622 1897 3088 1977 archiepiscopo

679 1992 995 2054 Vuaramo
1011 1995 1407 2069 consecrauit,
1428 1997 1754 2055 aeternum
1775 1993 2208 2054 obseruantiae
2228 1993 2565 2071 singularis
2579 2001 3080 2060 monumentum.

564 2114 658 2166 290
761 2091 974 2153 Rediit
1023 2096 1166 2152 tum
1220 2093 1287 2153 in
1336 2092 1698 2153 inferiorem
1750 2092 2156 2153 Germaniam
2204 2096 2458 2169 propter
2512 2093 2777 2171 negocia,
2824 2114 2896 2155 ac
2951 2114 3084 2157 non

678 2190 768 2251 ita
823 2191 932 2252 diu
985 2193 1128 2268 post
1180 2191 1258 2251 ad
1307 2210 1423 2251 nos
1469 2208 1754 2250 reuersus
1807 2189 2206 2250 commodum
2259 2189 2410 2251 illuc
2464 2194 2825 2267 recurrerat,
2886 2212 3086 2271 quum

678 2288 964 2349 Maiestas
1002 2291 1113 2349 tua
1154 2288 1425 2349 Romani
1463 2287 1725 2365 Imperii
1764 2286 2049 2360 fascibus,
2098 2287 2274 2348 cuius
2304 2289 2488 2349 nobis
2527 2289 2605 2350 ab
2646 2289 2803 2367 ipsis
2831 2290 3078 2366 Gothis,

678 2387 1105 2449 Theodoricho
1158 2387 1272 2448 illo
1325 2385 1670 2448 Veronensi
1729 2388 1795 2445 et
1863 2385 2132 2460 caeteris,
2206 2387 2566 2465 antiquitas,
2633 2387 2799 2465 apud
2865 2390 3086 2467 Aquas

679 2486 875 2547 Grani
898 2487 1390 2565 inauguraretur.
1478 2483 1626 2544 Mox
1652 2482 1948 2544 Coloniae
1974 2483 2277 2544 Vbiorum
2312 2485 2515 2545 adfuit
2545 2484 2664 2545 sub
2698 2490 3084 2548 conuentum

560 2604 651 2654 295
676 2583 1240 2658 Vuormaciensem,
1271 2583 1339 2643 in
1366 2582 1584 2644 ordine
1611 2601 1828 2642 eorum
1854 2581 1962 2659 qui
1986 2581 2106 2642 tibi
2132 2585 2283 2642 sunt
2308 2601 2346 2642 a
2370 2583 2649 2645 consiliis
2683 2584 3041 2661 spectabilis
3066 2609 3085 2660 ς

675 2703 827 2745 nam
868 2682 939 2744 in
977 2680 1206 2744 horum
1247 2683 1496 2744 coetum
1536 2680 1908 2759 iampridem
1948 2701 1986 2741 a
2024 2683 2089 2741 te
2127 2680 2615 2759 prudentissime
2656 2686 2793 2745 erat
2831 2683 3079 2759 ascitus,

674 2782 877 2844 adhuc
953 2782 1211 2843 viuente
1281 2782 1519 2842 Ioanne
1596 2779 1893 2857 Syluagio
1967 2778 2325 2857 summique
2406 2781 2771 2841 Cancellarii
2844 2801 3082 2844 munus

677 2881 963 2944 obeunte.
1049 2880 1284 2943 Solutis
1323 2879 1592 2941 comitiis
1638 2878 2044 2956 Vangionum
2091 2881 2157 2938 et
2202 2878 2353 2938 vrbe
2395 2879 2768 2940 'fornacensi
2811 2884 3073 2959 recepta,

676 3000 872 3058 quum
898 2980 968 3040 in
987 2979 1326 3057 Hispanias
1349 2998 1426 3039 ex
1442 2977 1788 3039 Brabantia
1805 2976 2094 3037 Maiestas
2119 2978 2230 3037 tua
2255 2978 2418 3037 esset
2443 2996 2734 3055 regressa,
2761 2977 3079 3041 Basilem

557 3099 652 3147 300
674 3078 924 3155 repetiit
939 3077 1240 3137 Erasmus
1260 3077 1488 3138 iterum
1507 3075 1825 3135 aediturus
1843 3073 2227 3151 Adagiorum
2248 3074 2561 3136 Chiliadas
2579 3078 2643 3136 et
2663 3075 3081 3153 Paraphrases

674 3175 973 3236 Paulinas
1010 3178 1193 3252 atque
1220 3174 1628 3250 Euangelicas
1658 3172 2089 3245 absoluturus3
2136 3191 2291 3250 quas
2327 3172 2589 3234 dubium
2626 3177 2721 3234 est
2759 3174 3079 3236 maiorene

673 3273 1092 3333 studiosorum
1158 3272 1458 3349 applausu
1528 3270 1696 3331 orbis
1759 3270 2068 3347 exceperit
2128 3288 2210 3330 an
2279 3270 2500 3331 maiori
2568 3270 2880 3332 alacritate
2941 3271 3078 3350 ipse

672 3370 1000 3447 scripserit.
1119 3374 1135 3400 ‘
1156 3369 1282 3429 Hic
1349 3387 1494 3429 sum
1511 3370 1528 3395 ’
1593 3368 1798 3446 inquit
1856 3370 1872 3400 ‘
1892 3367 1962 3427 in
2030 3387 2170 3428 meo
2236 3369 2496 3445 camp0.’
2606 3370 2693 3431 Et
2760 3368 2851 3430 sic
2919 3374 3069 3432 erat.

672 3466 1047 3544 Inspiciebat
1114 3470 1358 3528 veteres
1423 3466 1696 3527 maxime
1762 3467 2149 3543 interpretes,
2210 3486 2287 3527 ex
2355 3467 2586 3527 nostris
2645 3467 3072 3543 Ambrosium,

554 3580 647 3628 305
674 3564 1153 3643 Hieronymum,
1208 3564 1657 3644 Augustinum,
1719 3564 2057 3639 Hilarium,
2120 3585 2196 3625 ex
2251 3564 2503 3625 Graecis
2556 3565 3077 3643 chrysostomum

674 3665 739 3724 et
793 3664 982 3725 huius
1032 3664 1408 3725 imitatorem
1462 3662 2040 3740 Theophylactum3
2109 3662 2242 3739 ipse
2296 3661 2517 3722 stilum
2572 3662 3078 3725 accommodabat

672 3763 936 3823 tantum.
1024 3762 1122 3823 Ex
1168 3762 1296 3823 hiis
1341 3780 1535 3824 Vnam
1582 3760 1895 3822 Maiestati
1936 3763 2080 3821 tuae
2126 3759 2459 3838 inscripsit,
2520 3779 2745 3838 nempe
2797 3760 3076 3838 primam

672 3878 825 3935 quae
851 3862 949 3920 est
972 3860 1041 3920 in
1068 3860 1482 3939 Euangelium
1510 3858 1827 3934 Matthaei,
1860 3861 1924 3918 et
1955 3859 2338 3936 postremam
2371 3877 2670 3936 germano
2691 3860 2799 3918 tuo
2828 3859 3078 3920 Caesari

674 3956 1109 4032 Ferdinando;
1179 3979 1328 4020 nam
1382 3959 1491 4037 qui
1547 3961 1612 4018 te
1664 3957 1961 4018 iuuenem
2016 3976 2406 4033 summopere
2453 3959 2788 4017 veneratus
2834 3959 2930 4017 est
2977 3960 3075 4018 tot

553 4072 649 4120 3¹0
673 4075 1006 4134 regnorum
1058 4056 1404 4133 haeredem,
1454 4056 1565 4135 qui
1615 4056 1832 4117 minus
1884 4054 2224 4132 suspiceret
2273 4054 2352 4116 ad
2423 4054 2746 4133 fastigium
2800 4053 3078 4116 Romani

738 4279 850 4327 280.
886 4279 1103 4327 venetii
1085 4277 1157 4342 is]
1198 4277 1437 4340 Perhaps
1472 4291 1505 4325 a
1542 4276 1816 4325 reference
1913 4276 2003 4325 till
2037 4275 2164 4326 Feb.
2201 4276 2364 4338 15183
2404 4274 2451 4323 it
2482 4273 2767 4324 embodies
2800 4273 3074 4325 Emsmus’

673 4347 730 4392 to
761 4342 955 4392 Aldus’
988 4343 1232 4406 proposal
1264 4346 1321 4393 to
1353 4343 1507 4406 print
1529 4342 1627 4391 the
1659 4341 1728 4390 Bi
1731 4340 1816 4390 ble
1915 4344 1939 4390 t
1942 4343 2034 4390 ext
2047 4340 2106 4389 of
2115 4341 2162 4389 N
2168 4341 2240 4390 .'1*.
2267 4341 2351 4390 No
2362 4339 2840 4390 earlierVenetian
2857 4341 3075 4392 edition

672 4411 733 4458 in
768 4409 1017 4472 Hebrewr,
1051 4408 1244 4472 Greek,
1278 4409 1387 4458 and
1421 4408 1599 4470 Latin,
1628 4405 1815 4455 which
1914 4406 1974 4456 of
1990 4407 2084 4456 the
2101 4404 2258 4455 Bible
2281 4407 2342 4456 in
2365 4406 2541 4456 Greek
2564 4406 2613 4454 is
2636 4404 2861 4455 known.

672 4489 783 4523 was
835 4473 1184 4524 commenced
1240 4475 1302 4522 in
1361 4487 1502 4536 1501,
1562 4473 1663 4521 but
1715 4473 1815 4520 not
1979 4485 2091 4533 ⁹93.
2129 4469 2522 4533 Theodoricho]
2564 4470 2680 4519 The
2725 4471 3072 4533 Ostrogothic

671 4541 879 4590 carried
913 4545 1021 4590 out.
1108 4540 1205 4588 See
1242 4538 1543 4601 Renouard,
1577 4541 1810 4598 Annales,
1913 4537 2062 4600 king,
2087 4537 2124 4596 †
2139 4538 2253 4599 526.
2325 4537 2428 4586 For
2460 4536 2550 4584 his
2582 4536 2893 4586 connexion
2928 4537 3072 4588 with

673 4605 824 4656 third
862 4606 993 4655 edit.
1035 4619 1122 4668 pp.
1166 4607 1260 4654 261
1302 4605 1411 4653 and
1455 4604 1633 4666 388-9.
1700 4602 1815 4652 The
1911 4604 2124 4652 Verona
2156 4616 2243 4652 see
2272 4602 2458 4665 Bryce,
2492 4604 2615 4660 Helu
2636 4605 2824 4651 Roman
2851 4605 3068 4665 Empin,

670 4672 872 4721 Aldine
894 4672 1048 4721 Bible
1072 4673 1131 4720 in
1152 4669 1325 4721 Greek
1344 4684 1455 4721 was
1476 4671 1572 4719 not
1593 4668 1814 4731 printed
1914 4684 1963 4731 p.
1989 4670 2072 4718 28.
2098 4670 2228 4718 note
2249 4683 2295 4718 c.
