3355 5380
576 353 695 409 516
1269 348 1652 409 LETTERS
1710 348 1818 409 oF
1874 347 2280 409 ERASMUS
2796 342 2986 426 [¹51²

572 504 829 583 dignius
853 504 995 565 istis
1021 503 1320 581 epistolis.
1410 504 1687 564 Proinde
1712 504 1771 565 si
1799 525 1923 582 qua
1949 503 2087 564 fieri
2113 507 2341 582 posset,
2372 503 2570 564 velim
2602 503 2685 564 ad
2710 502 2992 564 natalem

575 602 712 663 diui
757 601 1083 679 Baptistae
1130 601 1355 662 saltem
1402 605 1646 679 partem
1692 602 1942 676 habere,
1992 605 2066 662 vt
2111 601 2423 680 auspicari
2465 600 2725 680 poaeim.
2811 601 2995 661 Tunc

573 701 749 761 enim
776 700 1181 760 absoluentur
1206 699 1369 760 mihi
1396 701 1520 761 tria
1546 701 1759 778 praela
1785 723 1800 774 3
1842 721 2108 778 quorum
2136 720 2337 761 vnum
2364 700 2556 778 Copia
2583 704 2695 760 tua
2711 699 2995 778 primum

574 800 904 877 occupabo,
938 803 1003 860 et
1029 798 1286 876 reliqua,
1315 798 1371 859 si
1401 800 1705 872 adessent,
1740 799 2023 877 epistolis
2049 798 2209 861 istis.

485 920 549 971 35
657 898 987 959 Caeterum
1014 901 1085 957 vt
1109 897 1323 974 paucis
1359 897 1508 974 quid
1537 898 1723 975 pretii
1751 918 1998 959 mecum
2035 897 2171 976 ipse
2192 897 2627 959 constituerim
2663 896 2994 975 explicem,

574 999 652 1059 de
707 996 987 1075 Adagiis,
1040 997 1093 1056 si
1154 1000 1318 1057 recte
1372 997 1653 1072 memini,
1707 998 1787 1059 ad
1844 1018 1932 1058 xv
1983 999 2046 1058 fl.
2105 997 2532 1058 conuenimus.
2638 997 2856 1058 Habes
2909 1015 2999 1068 x;

577 1113 873 1171 reponam
902 1115 946 1154 v
974 1099 1039 1155 et
1064 1095 1184 1155 tris
1212 1116 1324 1173 pro
1353 1096 1754 1173 exemplario.
1844 1097 2147 1157 Libenter
2172 1116 2287 1174 pro
2315 1096 2740 1174 recognitione
2766 1095 3000 1173 episto·

578 1193 785 1253 larum
824 1193 898 1254 D.
933 1192 1312 1270 Hieronymi
1350 1196 1579 1255 alteros
1615 1194 1980 1272 quindecim
2007 1196 2069 1255 fl.
2104 1194 2460 1269 rescribam,
2492 1197 2556 1256 et
2584 1195 2853 1255 totidem
2882 1212 3001 1271 pro

578 1311 748 1352 nunc
803 1292 1031 1353 missis.
1147 1293 1300 1369 Hui,
1361 1294 1544 1368 dices,
1606 1294 2016 1372 porexiguum
2070 1294 2386 1371 pretium!
2507 1292 2713 1367 Nulla,
2773 1292 2997 1366 fateor,

491 1411 554 1458 ..ο
579 1390 857 1451 mercede
898 1411 1145 1468 possem
1193 1412 1454 1470 aequare
1494 1393 1841 1469 ingenium,
1888 1392 2288 1467 industriam,
2333 1391 2691 1453 doctrinam
2731 1390 3004 1452 labores·

580 1511 701 1567 que
746 1494 927 1565 tuos;
984 1510 1207 1552 verum
1257 1491 1674 1569 pulcherrima
1717 1491 1995 1569 primum
2050 1491 2144 1552 dii
2186 1510 2518 1568 moresque
2570 1490 2814 1551 dabunt
2860 1489 2996 1550 isti.

582 1588 848 1649 Meritus
893 1609 961 1649 es
1009 1589 1243 1666 optime
1290 1590 1367 1652 de
1407 1590 1613 1651 literis
1652 1590 1954 1650 humanis
2002 1591 2133 1651 tam
2179 1589 2435 1651 Graecis
2482 1608 2673 1666 quam
2714 1587 3003 1662 Latinis3

584 1686 919 1748 mereberis
972 1687 1090 1748 hoc
1144 1692 1324 1765 pacto
1378 1690 1458 1750 de
1518 1689 1756 1749 diuinis
1810 1689 2182 1767 sanctisque,
2240 1687 2608 1765 iuuabisque
2661 1685 2999 1746 Badiolum

585 1787 785 1858 tuum,
834 1786 935 1845 cui
982 1787 1188 1847 multa
1232 1787 1438 1864 proles
1492 1791 1558 1848 et
1611 1790 1858 1865 praeter
1910 1787 2189 1848 laborem
2256 1786 2676 1848 cottidianum
2743 1785 3003 1844 nullum

494 1904 555 1952 45
583 1885 1084 1945 emolumentum
1132 1888 1246 1945 est.
1331 1886 1643 1963 Agedum,
1696 1886 1877 1947 dulce
1923 1885 2303 1964 praesidium
2362 1887 2670 1958 nostrum,
2717 1883 3004 1944 Erasme·

588 1982 879 2042 Rescribe
904 1985 1013 2042 aut
1041 2002 1185 2042 cum
1213 1983 1544 2045 Francisco
1572 1985 1931 2046 Coloniensi
1968 1989 2081 2045 aut
2111 2004 2257 2045 eum
2285 1984 2526 2045 Ioanne
2557 1982 3005 2044 Confluentino

588 2079 960 2157 bibliopolis,
1007 2079 1118 2158 qui
1163 2080 1311 2141 istic
1358 2102 1526 2142 nunc
1582 2086 1782 2160 agunt
1827 2085 1893 2143 et
1941 2082 2303 2160 propediem
2351 2081 2478 2142 huc
2523 2079 2781 2142 venturi
2827 2084 3002 2155 sunt,

588 2180 819 2238 bonam
837 2178 1233 2240 voluntatem
1262 2182 1457 2241 tuam.
1523 2181 1740 2258 Neque
1770 2201 1930 2258 opus
1957 2185 2054 2242 est
2075 2180 2377 2242 selectum
2399 2182 2723 2256 propterea
2750 2179 3007 2239 mittere

590 2277 902 2337 nuntium.

500 2390 563 2437 50
672 2376 994 2451 Quantum
1045 2378 1124 2436 ad
1166 2376 1361 2437 libros
1402 2378 1713 2438 emundos
1759 2379 2004 2452 attinet,
2055 2378 2285 2438 Ioanni
2340 2378 2531 2438 Petro
2587 2375 2752 2435 nihil
2798 2376 3008 2436 adhuc

591 2475 899 2551 Lugduno
927 2474 1193 2536 allatum
1220 2479 1331 2537 est.
1421 2477 1645 2555 Siquid
1676 2477 1972 2538 habuerit
1998 2497 2036 2537 a
2065 2482 2129 2537 te
2156 2476 2429 2554 petitum
2457 2477 2567 2536 aut
2594 2479 2706 2535 tua
2732 2474 3010 2535 lectione

591 2593 691 2632 me
720 2593 972 2633 censore
1000 2574 1281 2652 dignum,
1314 2575 1666 2635 Aduersam
1696 2576 1829 2635 siue
1858 2574 2356 2652 Handwerpiam
2390 2574 2684 2634 mittetur
2715 2572 2816 2632 vel
2842 2576 3006 2649 tute,

591 2671 776 2733 rebus
801 2677 872 2733 vt
899 2692 1068 2733 nunc
1095 2674 1428 2736 stantibus.
1486 2674 1648 2736 Dedi
1669 2673 1971 2735 Mauricio
2001 2680 2110 2735 tuo
2137 2675 2210 2735 in
2231 2673 2531 2735 viaticum
2559 2672 2716 2733 duos
2737 2673 3007 2735 fra-ncne.

589 2772 764 2833 Vale.

504 2882 565 2930 55
675 2871 794 2930 Sed
839 2871 1013 2946 heus,
1055 2873 1111 2931 si
1153 2873 1576 2933 conditionem
1619 2872 2007 2950 propositam
2049 2870 2328 2949 accipies,
2373 2871 2486 2932 vbi
2527 2873 2704 2933 voles
2742 2873 3014 2950 pecunia

592 2969 1042 3043 numerabitur,
1073 2970 1547 3048 custodiamque
1585 2971 1812 3032 missos
1847 2971 2042 3032 libros
2076 2973 2321 3048 praeter
2356 2970 2634 3047 Copiam,
2665 2990 2852 3048 quam
2889 2969 3014 3032 hoc

593 3069 792 3129 natali
847 3070 980 3128 diui
1030 3070 1352 3148 Baptistae
1396 3091 1695 3147 premam,
1750 3070 2280 3149 quemadmodum
2332 3070 2409 3130 de
2455 3090 2530 3130 ea
2576 3070 3011 3146 conuenimus,

595 3168 790 3226 donec
833 3168 1057 3227 certior
1097 3168 1444 3228 voluntatis
1484 3172 1630 3230 tuae
1671 3171 1838 3231 fiam.
1923 3169 2100 3229 Vale.

677 3265 928 3326 Pridiae
956 3266 1362 3327 Ascensionis
1388 3267 1773 3343 Dominicae,
1806 3268 2038 3329 ParisS.
2077 3284 2252 3345 1512.

507 3378 572 3426 60
679 3363 1057 3439 Imprimam
1079 3365 1211 3426 Deo
1231 3365 1609 3426 secundante
1639 3386 1763 3443 qua
1784 3365 1941 3426 facie
1968 3365 2276 3426 monuisti
2302 3367 2368 3425 et
2395 3365 2623 3443 quibus
2650 3367 3018 3427 characteri·

597 3463 716 3522 bus
743 3462 972 3536 omnia,
1007 3463 1258 3523 etiamsi
1287 3483 1508 3523 omnes
1537 3464 1701 3524 mihi
1730 3464 2118 3525 aduersarios
2147 3464 2547 3524 constituam.

686 3647 1152 3724 <D>octissimo
1179 3651 1245 3707 et
1271 3668 1414 3707 cum
1445 3649 1667 3725 primis
1696 3648 2066 3709 honorando
2084 3647 2317 3708 oratori
2342 3652 2407 3710 et
2432 3649 2726 3726 theologo
2747 3649 3021 3710 Erasmo

603 3747 1035 3807 Roterodamo.
2107 3741 2119 3748 ⁹

668 3880 746 3937 46.
789 3878 1091 3941 Francisco]
1116 3879 1194 3927 Cf.
1220 3878 1315 3941 Ep.
1343 3879 1455 3939 258.
1483 3893 1542 3938 14
1558 3892 1614 3926 n.
1862 3878 1980 3925 him
2035 3892 2095 3926 as
2138 3892 2208 3925 an
2259 3876 2687 3939 unsatisfactory
2729 3882 2892 3940 agent
2934 3881 3024 3928 for

734 3944 940 3992 Ioanne
1008 3944 1415 4007 confluentino]
1483 3942 1630 3992 John
1703 3944 1762 3991 of
1860 3942 2051 3991 Aldus’
2093 3943 2257 3991 books
2291 3943 2353 3990 in
2396 3942 2549 3991 Paris
2604 3943 2717 3993 AB..
2748 3945 2853 4007 57).
2930 3944 3024 3993 He

606 4010 849 4071 CoblenZ,
899 4010 1196 4058 bookseller
1238 4008 1347 4057 and
1392 4010 1660 4057 stationer
1702 4011 1758 4057 at
1863 4023 1965 4056 can
2008 4007 2207 4069 hardly
2249 4007 2317 4055 be
2361 4007 2459 4056 the
2505 4007 2551 4057 1.
2581 3944 2646 4056 (1³.
2697 4010 2779 4057 for
2833 4009 3021 4058 whom

608 4076 775 4132 Paria„
821 4090 1150 4138 ¹495-15093
1197 4090 1285 4123 see
1324 4072 1631 4135 Renouard,
1672 4089 1755 4136 op.
1864 4072 2152 4122 Renouard
2175 4073 2323 4135 gives
2346 4072 2442 4121 the
2464 4073 2615 4122 dates
2641 4076 2954 4136 1528-1532.

605 4142 697 4191 cit.
1930 4142 2012 4198 56.
2049 4143 2264 4201 praeter
2293 4138 2539 4202 copiam]
2566 4140 2670 4187 For
2696 4141 2791 4189 the
2824 4145 3028 4203 urgent

673 4223 754 4268 5ο.
793 4209 986 4257 Ioanni
1021 4205 1204 4270 Petro]
1240 4207 1292 4254 A
1324 4205 1570 4254 Pan-isian
1601 4205 1761 4253 book-
1865 4219 2055 4252 reason
2096 4204 2180 4253 for
2212 4205 2327 4252 this
2364 4204 2756 4265 republication
2797 4222 2884 4254 see
2918 4206 3021 4269 Bp.

609 4275 786 4323 seller.
858 4274 928 4321 In
974 4274 1101 4333 1508
1133 4272 1410 4321 Alcander
1457 4274 1761 4331 represents
1862 4269 2149 4319 66introd.
