3355 5380
663 412 783 470 232
1392 403 1771 467 LETTERS
1811 404 1919 465 OF
1957 403 2354 466 ERASMUS
2880 399 3071 486 [1499

744 560 844 646 [θ’.
864 565 949 624 A‘
964 559 1089 645 v⁰.]
1159 564 1331 639 Quae
1356 563 1414 624 si
1440 563 1511 624 in
1530 561 1866 623 obscurum
1886 561 2245 640 quempiam
2272 559 2630 638 inciderint,
2659 561 2911 624 etiamsi
2935 582 3076 640 pre·

661 663 869 726 clarae
906 661 1052 736 sint,
1098 663 1314 724 tamen
1353 661 1564 722 nescio
1605 660 1917 737 quomodo
1961 660 2299 721 authorum
2342 659 2704 722 humilitate
2743 679 2858 723 ceu
2895 660 3074 722 fumo

661 761 1113 834 obscurantur,
1096 781 1113 797 ·
1180 759 1250 820 in
1289 759 1388 821 tui
1425 778 1574 823 vero
1618 757 1940 820 similibus
1984 757 2180 818 etiam
2221 757 2563 819 mediocres
2601 758 2839 818 mirum
2879 778 3074 836 quam

659 860 961 934 eluceant,
1006 860 1160 920 dum
1199 857 1483 920 vicissim
1529 859 1592 917 et
1631 855 1919 917 doctrina
1961 856 2283 917 fortunam
2323 858 2386 917 et
2426 855 2681 920 fortuna
2721 855 3074 919 doctrinam

573 977 633 1029 75
661 955 961 1020 illustrat.
1046 956 1232 1034 Ipsae
1269 955 1481 1034 itaque
1506 953 1753 1015 litterae
1778 953 1944 1014 mihi
1978 953 2207 1031 gaudio
2231 953 2465 1031 gestire
2488 953 2823 1029 videntur·
2864 955 3075 1017 videre

661 1055 795 1118 iam
834 1054 1053 1118 videor
1097 1074 1342 1116 sorores
1393 1052 1539 1114 illas
1592 1051 1961 1112 Heliconias
2008 1052 2132 1112 sibi
2171 1051 2482 1130 plaudere,
2527 1056 2595 1113 te
2632 1051 3072 1114 dulcissimum

661 1154 997 1215 alumnum
1036 1151 1325 1213 certatim
1361 1151 1505 1211 sinu
1547 1170 1779 1227 rapere,
1809 1150 2170 1225 exosculari,
2203 1150 2551 1228 complecti,
2581 1171 2735 1229 qum
2771 1153 2844 1212 tu
2882 1151 3078 1213 fortu

663 1251 831 1318 natis
847 1251 990 1311 istis
1009 1250 1295 1312 articulis
1310 1249 1623 1310 calamum
1637 1268 1750 1326 per
1764 1268 1995 1325 aequor
2009 1247 2405 1310 chartaceum
2421 1248 2712 1324 ductitas,
2731 1249 2885 1310 dum
2901 1249 3079 1313 blesa

662 1369 735 1412 ac
750 1349 1016 1411 vixdum
1033 1348 1218 1409 firma
1237 1346 1481 1426 lingula
1499 1348 1768 1409 Graecae
1787 1346 2022 1425 pariter
2039 1367 2112 1408 ac
2128 1346 2387 1408 Latinae
2407 1347 2659 1426 linguae
2675 1348 2865 1409 verba
2883 1347 3077 1409 medi·

575 1467 639 1515 80
664 1449 836 1524 caris,
871 1448 1023 1510 dum
1050 1447 1392 1509 formosulo
1416 1446 1539 1507 isto
1564 1449 1629 1506 et
1656 1466 1954 1525 generoso
1979 1466 2086 1507 ore
2113 1466 2186 1507 ac
2209 1446 2435 1508 vocula
2459 1447 2719 1508 amabili
2746 1449 2875 1509 iam
2906 1467 3081 1511 nunc

666 1551 1017 1613 orationem
1047 1548 1113 1606 et
1140 1544 1399 1607 liberam
1426 1544 1805 1622 pronuncias
1829 1547 1893 1605 et
1920 1564 2321 1606 numerosam
2348 1545 2710 1613 modularis.
2740 1589 2757 1607 .
2792 1590 2812 1609 .
2840 1589 2862 1612 .

749 1642 851 1727 [1²0.
874 1641 985 1725 Αἵ]
1050 1642 1325 1704 Proinde
1343 1645 1418 1704 vt
1436 1644 1504 1703 in
1526 1643 1686 1704 bene
1706 1644 1940 1720 coeptis
1960 1646 2324 1705 constanter
2349 1663 2585 1722 pergas,
2610 1644 2919 1721 Adolphe,
2945 1664 3078 1705 non

666 1743 954 1804 desinam
997 1742 1407 1803 Homericum
1445 1740 1606 1800 illud
1646 1740 1769 1800 tibi
1804 1741 1884 1801 ad
1927 1761 2106 1802 aures
2143 1742 2437 1804 occinere.
2522 1742 2655 1817 Qur
2694 1745 2907 1803 autem
2949 1762 3080 1803 non

669 1842 900 1902 Graece
927 1840 1151 1917 potina,
1186 1840 1436 1916 quando
1464 1838 1720 1917 quidem
1748 1842 1818 1900 tu
1845 1840 2039 1900 etiam
2069 1859 2238 1901 nunc
2266 1842 2500 1902 Graece
2526 1840 2852 1901 meditaris
2868 1842 2902 1901 ἱ)

580 1974 640 2036 85
1081 1964 1171 2023 καὶ
1200 1965 1290 2037 σύ,
1324 1963 1512 2039 φίλος,
1540 1963 1703 2039 μάλα
1727 1964 1840 2044 γάρ
1866 1962 1924 2022 ‹r’
1952 1965 2093 2039 ὁρόω
2123 1964 2298 2023 καλόν
2321 1990 2384 2024 τε
2409 1965 2591 2044 μέγαν
2616 1990 2693 2034 τε,

1076 2064 1313 2138 ἄλκιμος
1343 2062 1491 2137 ἔσσ’,
1524 2062 1612 2121 ἵνα
1638 2062 1724 2125 τίς
1749 2086 1820 2120 σε
1849 2062 1942 2120 καὶ
1968 2062 2246 2141 ὀψιγόνων
2273 2061 2333 2121 εὖ
2362 2063 2506 2142 εἴπῃ.

752 2186 838 2245 Et
858 2185 1171 2263 quoniam,
1198 2189 1265 2246 vt
1285 2186 1534 2264 saepius
1556 2185 1850 2260 diximus,
1873 2185 2085 2245 omnia
2104 2184 2184 2246 ad
2211 2186 2547 2264 perfectam
2565 2184 2823 2246 laudem
2851 2186 3080 2247 adsunt

670 2284 1051 2357 adiumenta,
1082 2285 1270 2360 φέρων
1307 2285 1508 2360 ἄνεμός
1541 2309 1604 2343 τε
1642 2284 1734 2342 καὶ
1769 2283 1930 2360 ὕδωρ,
1960 2282 2150 2344 facito
2177 2287 2249 2344 vt
2273 2288 2336 2344 et
2371 2284 2529 2346 illud
2555 2282 2836 2345 eiusdem
2864 2285 3081 2360 poetae

670 2403 890 2442 verum
919 2382 1018 2456 sit,

582 2524 647 2573 90
1157 2499 1261 2574 τὴν
1288 2497 1335 2558 δ’
1364 2500 1566 2576 ἄνεμός
1591 2523 1652 2558 τε
1683 2499 2027 2576 κυβερνήτης
2052 2497 2100 2558 τ’
2128 2499 2325 2560 ἴθυνεν.

755 2622 935 2699 Quod
988 2621 1048 2683 si
1102 2622 1335 2700 feceris,
1380 2623 1668 2683 futurum
1725 2622 1969 2684 confido
2021 2627 2096 2685 vt
2150 2626 2222 2683 tu
2279 2624 2508 2702 generi,
2552 2624 2793 2702 patriae
2835 2623 3087 2701 tuisque

675 2722 969 2784 omnibus
1007 2742 1119 2800 per
1155 2722 1413 2795 litteras,
1445 2726 1509 2782 et
1546 2711 1778 2782 litteris
1817 2722 2089 2783 inuicem
2130 2743 2241 2799 per
2277 2725 2453 2784 tuam
2484 2724 2822 2797 fortunam,
2860 2724 3087 2800 ingens

674 2821 765 2882 sis
801 2824 942 2881 tum
978 2819 1167 2880 decus
1200 2821 1341 2882 tum
1378 2819 1762 2897 praesidium
1797 2821 2123 2882 allaturus.
2209 2821 2383 2882 Illud
2411 2821 2639 2883 addam
2668 2823 2739 2882 in
2765 2822 2894 2883 fine
2920 2821 3086 2899 quod

676 2919 871 2979 velim
906 2918 1120 2978 animo
1159 2920 1269 2978 tuo
1306 2938 1493 2995 quam
1530 2919 1919 2994 penitissime
1957 2918 2242 2992 insideat,
2277 2921 2351 2979 vt
2384 2919 2932 2998 persuasissimum
2968 2920 3089 2980 tibi

584 3036 647 3087 95
675 3016 906 3078 habeas
952 3017 1119 3078 nihil
1155 3020 1291 3079 tam
1339 3017 1654 3095 generosis
1698 3036 1769 3077 ac
1813 3016 1971 3077 bene
2020 3017 2188 3077 natis
2233 3016 2495 3094 dignum
2538 3038 2731 3095 quam
2770 3018 3084 3097 pietatem.

679 3115 823 3176 Non
849 3119 1080 3176 temere
1106 3134 1344 3177 moneo.
1434 3115 1838 3192 compertum
1866 3116 2038 3175 enim
2065 3114 2265 3177 habeo
2292 3115 2362 3175 in
2393 3116 2558 3177 aulis
2582 3136 2718 3178 esse
2743 3117 3089 3178 nonnullos

678 3213 789 3292 qui
831 3233 945 3274 nec
985 3214 1220 3275 sentire
1258 3216 1555 3276 verentur
1594 3233 1709 3274 nec
1748 3213 1949 3274 dicere
1984 3213 2222 3290 pudent
2261 3213 2499 3275 Christi
2535 3214 2887 3276 doctrinam
2924 3215 3087 3276 nihil

678 3312 1014 3389 quicquam
1061 3311 1141 3372 ad
1186 3331 1468 3389 proceres
1514 3312 1799 3387 attinere,
1841 3311 1950 3372 sed
1997 3311 2295 3372 sacrificis
2337 3331 2409 3371 ac
2457 3313 2781 3374 monachis
2828 3333 2961 3374 esse
3004 3335 3092 3374 re·

679 3409 1107 3486 linquendam.
1207 3409 1313 3471 Ad
1355 3410 1583 3470 horum
1625 3410 1911 3472 exitiales
1957 3410 2410 3471 incantationes
2454 3409 2762 3472 obturatis
2807 3411 3083 3484 auribus,

561 3528 653 3565 100
680 3528 804 3585 quo
836 3511 899 3567 te
936 3510 1149 3582 mater,
1181 3526 1308 3585 quo
1335 3509 1565 3569 Battus
1591 3511 1790 3584 vocat,
1825 3529 2092 3586 sequere.
2181 3509 2266 3569 Et
2293 3511 2367 3569 vt
2394 3508 2524 3569 iam
2553 3529 2723 3570 nunc
2753 3530 2899 3571 cum
2928 3510 3091 3573 litte-

682 3606 865 3667 rariis
899 3606 1278 3667 rudimentis
1309 3606 1633 3669 Christum
1671 3607 1935 3685 incipias
1970 3606 2285 3682 imbibere,
2324 3607 2508 3668 mitto
2547 3608 2669 3668 tibi
2705 3609 3094 3686 precationes

680 3704 920 3781 aliquot
938 3722 1095 3781 quas
1113 3703 1335 3764 matris
1354 3707 1574 3782 rogatu
1603 3706 1794 3766 Batto
1821 3704 2139 3766 hortatore
2166 3705 2522 3783 conscripsi,
2544 3707 2654 3768 sed
2681 3707 2817 3768 tibi.
2877 3708 3094 3786 quue

682 3802 991 3863 sermonis
1017 3799 1283 3878 figuram
1311 3802 1607 3864 nonnihil
1634 3804 1713 3864 ad
1740 3807 1883 3865 tuos
1912 3823 2111 3865 annos
2138 3805 2709 3882 attemperauimus.
2773 3805 3020 3881 Quibus
3038 3805 3094 3866 si

682 3900 1012 3977 diligenter
1031 3898 1242 3973 vteris,
1265 3900 1458 3961 simul
1479 3903 1540 3961 et
1557 3901 1905 3963 orationem
1926 3904 2100 3962 tuam
2124 3902 2339 3963 feceris
2358 3902 2684 3964 meliorem
2700 3906 2764 3964 et
2784 3903 3097 3964 militares

564 4018 654 4065 105
684 3999 827 4060 illas
851 3996 1364 4076 precatiunculas,
1390 3997 1619 4074 quibus
1647 3997 1925 4059 aulicum
1953 4019 2150 4078 genus
2176 3999 2558 4078 plaerunque
2579 4001 2938 4076 delectatur,
2967 4019 3096 4061 non

683 4095 1146 4158 indoctissimus
1185 4095 1371 4156 modo
1411 4094 1517 4155 sed
1561 4098 1623 4156 et
1671 4096 2315 4173 superstitiosissimas
2355 4099 2821 4175 contempseris.
2914 4099 3095 4162 Vale.

764 4192 822 4258 E
850 4193 1118 4256 Lutetia.
1150 4212 1319 4256 anno
1346 4213 1383 4256 a
1412 4193 1663 4255 Christo
1693 4197 1878 4256 nato:
1920 4213 1986 4255 11.
2008 4213 2168 4256 ccco.
2201 4194 2762 4260 duodecentesimo.

751 4464 834 4522 85.
866 4459 950 4508 καὶ
971 4458 1058 4525 αὖ]
1085 4465 1169 4514 Od.
1197 4476 1241 4511 1.
1266 4475 1379 4523 301,
1411 4476 1456 4508 2.
1934 4467 2096 4521 filium
2111 4482 2130 4522 ;
2199 4467 2360 4513 Paean
2417 4467 2472 4511 in
2524 4479 2680 4524 ρεπεν-ε
2734 4467 3105 4512 damnati-atino

751 4528 832 4577 88.
866 4524 1051 4658 eim}
1077 4531 1160 4577 od.
1188 4543 1240 4588 3.
1263 4542 1377 4590 3οο.
1952 4533 2137 4589 Virqini
2157 4533 2302 4577 matri
2321 4533 2546 4610 dicmdus
2561 4547 2580 4589 ,·
2614 4528 2725 4578 and
2751 4531 3008 4578 obsecratio
3030 4533 3104 4579 cd

750 4609 834 4657 90.
868 4591 961 4653 τὴν
982 4595 1010 4640 δ
1075 4597 1159 4643 Od.
1188 4609 1264 4643 11.
1294 4607 1358 4641 10
1379 4591 1491 4641 and
1518 4605 1594 4640 12.
1626 4608 1735 4654 152.
1941 4599 2136 4643 eandem
2178 4610 2356 4653 aarum
2395 4598 2646 4655 ylenoeom
2685 4592 2815 4655 (ΕΒ.
2855 4609 2907 4644 ν.
2951 4608 3101 4657 1210,

760 4673 867 4708 101.
903 4658 1263 4722 precationes]
1288 4661 1493 4706 Precatio
1512 4673 1625 4716 qum
1653 4664 1840 4709 caedito
1947 4675 2087 4721 1227,
2119 4661 2267 4722 1233)
2294 4660 2478 4709 which
2510 4674 2603 4709 are
2636 4661 2733 4709 the
2766 4666 2902 4709 next
2936 4662 3108 4709 iterna

616 4789 622 4795 ι
688 4734 789 4777 tum
807 4728 997 4784 pietatis
1007 4729 1151 4786 plena
1174 4728 1239 4774 ad
1260 4728 1419 4774 Iesum
1442 4727 1527 4773 Dei
1547 4728 1839 4785 Vir-finisque
1945 4727 2005 4774 in
2024 4728 2120 4775 the
2138 4726 2289 4776 book.
2341 4725 2417 4776 Cf.
2439 4727 2573 4788 Epp.
2594 4726 2703 4790 138,
2725 4739 2835 4789 145,
2855 4724 2965 4774 and
2987 4726 3105 4789 167.
