3355 5380
706 346 823 402 376
1408 340 1789 402 LETTERS
1845 339 1952 400 OF
2005 337 2406 400 ERASMUS
2916 332 3082 416 [1501

701 504 765 562 te
809 499 1052 573 comite,
1097 500 1190 559 mi
1237 499 1601 561 charissime
1643 497 1987 572 Edmonde‚
2035 497 2351 558 Gar-diano
2394 496 2550 558 duce
2598 495 2897 557 licuisset.
2983 494 3089 555 Sed

700 601 819 661 hac
854 598 923 658 in
962 618 1048 672 re,
1078 597 1298 659 itidem
1334 600 1407 659 vt
1441 598 1512 658 in
1547 596 1823 671 caeteris,
1852 594 2106 673 vulgato
2144 596 2471 674 praecepto
2512 593 2782 657 libenter
2808 598 3093 669 vtemur3

648 714 675 760 5
701 696 951 776 quando
995 715 1121 756 non
1166 699 1345 773 potes
1386 696 1552 774 quod
1596 695 1712 769 vis,
1759 693 1822 754 id
1867 693 2026 754 velis
2072 694 2235 771 quod
2281 692 2495 771 poesie.
2580 694 2915 755 Caeterum
2958 697 3092 753 tuae

699 794 889 855 fuerit
923 794 1248 855 charitatis
1272 794 1629 854 Adrianutn
1664 791 2036 853 extimulare
2074 794 2145 851 vt
2181 811 2283 851 me
2319 791 2500 852 libris
2536 790 2773 869 aliquot
2812 792 3090 851 instruat.

702 893 918 954 Mittat
951 910 1062 953 oro
1099 892 1171 952 in
1196 891 1488 965 Paulum,
1520 889 1977 968 Augustinum,
2004 889 2433 951 Ambrosium.
2523 889 2861 967 Origenem
2891 910 2931 950 a
2958 889 3095 949 Ber·

700 992 912 1054 tinicis
954 992 1024 1052 in
1072 992 1352 1067 tempore
1397 992 1587 1068 petat,
1637 991 1928 1066 certaque
1970 986 2199 1048 fiducia
2238 1007 2352 1066 pro
2397 1008 2499 1049 me
2542 987 2922 1063 fideiubeat;
2976 1007 3094 1047 non

701 1091 874 1151 enim
892 1089 1161 1150 falletur.
1207 1088 1536 1148 Praeterea
1548 1087 1925 1164 percupiam,
1937 1084 1993 1146 si
2008 1084 2147 1145 fieri
2161 1085 2372 1163 possit,
2386 1088 2460 1147 vt
2478 1085 2765 1164 Origenis
2782 1082 3097 1145 Homiliae

619 1203 679 1241 10
701 1206 826 1247 vna
853 1187 1206 1260 mittantur,
1237 1205 1394 1265 quas
1418 1184 1609 1245 habet
1637 1183 2006 1246 Gai-dianus
2094 1183 2386 1261 Lyranus
2422 1187 2533 1245 aut
2569 1183 2626 1245 si
2663 1184 2807 1262 quis
2841 1182 3010 1243 alius
3034 1183 3096 1242 in

702 1285 976 1349 Paulum
1022 1284 1287 1363 scripsit,
1340 1287 1404 1345 et
1451 1302 1599 1343 eum
1652 1282 1731 1342 ad
1786 1301 1905 1342 nos
1949 1283 2163 1343 venire
2212 1282 2424 1343 velim.
2510 1281 2796 1343 Mittetur
2843 1281 3099 1343 sabbato

701 1384 1070 1445 vehiculum
1116 1404 1240 1461 quo
1288 1381 1502 1458 omnia
1541 1381 1663 1443 huc
1712 1381 2145 1457 perferantur3
2200 1380 2459 1442 interim
2501 1380 2800 1442 curabitis
2846 1385 2922 1440 vt
2964 1378 3101 1440 libri

700 1483 833 1544 sint
874 1483 944 1544 in
984 1502 1131 1543 eum
1174 1481 1343 1543 diem
1377 1479 1608 1566 'parati
1695 1479 1765 1540 Si
1808 1479 2060 1557 quando
2100 1479 2205 1540 vel
2243 1479 2568 1541 Adrianus
2605 1478 2709 1540 vel
2750 1477 3103 1541 Gardianus

701 1579 1068 1657 dignabitur
1120 1599 1238 1640 nos
1290 1577 1577 1654 inuisere,
1632 1576 1854 1655 cupide
1900 1576 2258 1638 videbimus
2304 1578 2697 1641 vtrumlibet.
2781 1576 2961 1652 Vale,
3020 1576 3104 1637 mi

620 1695 677 1745 15
702 1678 935 1757 optime
962 1677 1306 1752 Edmonde,
1335 1679 1400 1738 et
1427 1676 1543 1737 hac
1570 1676 1639 1736 in
1667 1696 1738 1736 re
1761 1694 1987 1756 quaeso
2012 1674 2346 1753 diligenter
2385 1695 2635 1753 operam
2673 1677 2857 1737 tuam
2896 1695 3099 1754 naues

793 1777 892 1839 Ex
915 1795 1053 1838 arce
1079 1774 1669 1842 Courtenburnensi.
1758 1774 1953 1834 Anno
1984 1769 2183 1854 [ιι.ι>.]

1294 2023 1441 2086 166.
1529 2022 1627 2086 To
1671 1979 1963 2087 Anam(
2008 2039 2093 2087 or
2136 2020 2249 2087 ST.
2294 2019 2527 2086 Omni.

775 2159 1027 2229 Farrago
1050 2176 1108 2229 p.
1134 2174 1165 2214 2
1173 2171 1257 2229 50
2516 2154 3038 2230 (Courtebourne.)

776 2245 836 2301 F.
860 2265 915 2317 p.
942 2259 1077 2316 372.
1121 2245 1259 2302 ΗΝ.
1305 2246 1483 2302 Lond.
1509 2246 1587 2302 ix.
1616 2261 1683 2315 3.
1726 2245 1843 2304 LB.
1865 2259 1952 2317 95.
2523 2243 2813 2316 (Autumn
2845 2246 3034 2318 1501.)

776 2369 1143 2435 [Subsequent
1177 2371 1234 2417 to
1267 2368 1366 2430 Ep.
1393 2369 1505 2429 163,
1542 2367 1767 2416 because
1800 2366 1962 2416 Leuis
1998 2365 2097 2414 has
2126 2363 2229 2414 lest.
2258 2364 2618 2428 'l'ournehem‚
2648 2366 2759 2415 and
2797 2369 2856 2415 to
2890 2368 2988 2430 Ep.
3016 2370 3106 2430 165

709 2436 934 2484 because
970 2433 1030 2482 of
1058 2435 1153 2483 the
1186 2431 1350 2483 books
1384 2433 1521 2482 lent.

778 2500 849 2549 In
883 2501 978 2549 the
1013 2500 1132 2548 lack
1170 2498 1230 2548 of
1260 2498 1479 2547 further
1517 2497 1872 2546 information
1906 2495 2002 2546 the
2040 2496 2376 2559 personality
2409 2496 2469 2545 of
2495 2496 2710 2546 Adrian
2743 2512 2843 2546 can
2878 2498 3008 2560 only
3041 2500 3107 2546 be

712 2582 745 2616 a
765 2568 970 2615 matter
990 2565 1050 2614 of
1064 2564 1386 2626 conjecture.
1446 2562 1550 2614 Mr,
1572 2563 1619 2611 N
1622 2563 1797 2612 ichols
1818 2564 2060 2640 suggests
2086 2562 2210 2611 that
2232 2561 2304 2611 he
2327 2576 2439 2611 was
2461 2577 2494 2611 a
2513 2562 2833 2613 bookseller.
2887 2563 2982 2626 Ep.
3012 2566 3111 2625 163

712 2647 886 2682 seems
921 2633 980 2680 to
1014 2632 1205 2695 imply,
1244 2631 1509 2690 however,
1545 2629 1667 2677 that
1704 2628 1773 2677 he
1811 2642 1923 2676 was
1957 2629 2019 2675 in
2056 2627 2202 2676 close
2239 2627 2469 2676 relation
2507 2628 2646 2677 with
2680 2629 2967 2689 vitrarius,
3007 2629 3106 2678 the

712 2699 1036 2749 Franciscan
1077 2696 1342 2751 Warden·
1389 2695 1500 2745 and
1544 2694 1666 2744 that
1713 2695 1773 2742 in
1816 2694 2037 2756 staying
2075 2693 2215 2743 with
2262 2693 2486 2758 Adi-ian,
2527 2694 2787 2744 Erasmus
2820 2694 3001 2744 would
3040 2696 3109 2744 be

709 2764 927 2827 staying
963 2763 1103 2812 with
1137 2762 1410 2812 vitrarius
1446 2760 1577 2811 also.
1643 2760 1714 2808 In
1753 2759 1889 2822 Epp.
1940 2761 2047 2822 167,
2094 2761 2126 2808 8
2170 2759 2430 2808 Erasmus
2474 2760 2662 2821 speaks
2709 2760 2770 2807 of
2805 2761 2929 2809 him
2970 2762 3110 2811 with

707 2831 859 2892 great
891 2832 1115 2892 respect.
1186 2828 1274 2877 He
1296 2841 1406 2876 was
1438 2826 1673 2889 perhaps
1706 2839 1740 2874 a
1773 2825 2016 2874 member
2046 2825 2109 2875 os
2134 2824 2231 2873 the
2254 2825 2577 2875 Franciscan
2612 2840 2892 2875 commum
2880 2828 2977 2888 ’.ty
3042 2827 3111 2877 In

710 2895 808 2945 the
832 2894 1000 2945 index
1024 2897 1080 2943 to
1103 2892 1158 2941 Η
1179 2892 1288 2941 and
1312 2893 1360 2942 Ν
1383 2891 1453 2941 he
1477 2892 1526 2940 is
1546 2890 1825 2941 described
1847 2905 1906 2939 as
1928 2894 2293 2939 Audomnricus.
2302 2891 2325 2955 ]

896 3025 1208 3073 ERAsuvs
1253 3024 1319 3070 D.
1367 3022 1684 3070 ADRIANO
1729 3022 1806 3069 IN
1851 3016 2145 3070 CHRISTO
2192 3021 2608 3070 AMIGISSIMO
2653 3022 2707 3070 S.
2756 3023 2812 3070 Ρ.
2866 3024 2936 3073 D.

794 3148 985 3209 anc
1023 3146 1415 3208 Ludouicum
1450 3163 1719 3223 puerum
1753 3144 2055 3205 hactenus
2092 3144 2354 3205 Iacobus
2392 3143 2624 3204 Battus
2657 3145 2788 3204 mei
2826 3150 3115 3225 respectu

711 3244 870 3306 aluit
896 3244 966 3305 in
993 3244 1359 3306 Tornehen:
1403 3262 1570 3303 nunc
1597 3243 1689 3303 ita
1713 3241 1971 3303 libitum
1998 3241 2080 3301 iis
2105 3241 2213 3321 qui
2241 3240 2685 3319 impraesentia
2709 3244 3117 3319 tyrannidem

711 3343 1015 3419 obtinent,
1038 3344 1111 3403 vt
1135 3342 1256 3403 alio
1282 3340 1580 3402 concedat
1600 3362 1616 3415 3
1653 3339 1761 3419 qui
1789 3340 1964 3401 Batti
1984 3339 2244 3401 fratrem
2273 3339 2663 3417 expulerunt,
2686 3339 2902 3417 ipsum
2922 3342 3118 3402 etiam

714 3442 977 3502 Battum
1012 3440 1320 3518 expellere
1355 3440 1576 3500 conati.
1605 3433 1607 3436 ’
1665 3438 1866 3513 Quare
1905 3438 2124 3499 monui
2160 3438 2618 3499 adolescentem
2644 3440 2719 3499 vt
2743 3441 2808 3497 te
2836 3440 3123 3516 primum

659 3556 688 3607 5
712 3537 985 3613 viseret;
1025 3557 1210 3617 quem
1252 3538 1310 3598 si
1352 3537 1422 3597 in
1466 3536 1771 3597 familiam
1815 3539 1991 3597 tuam
2034 3536 2355 3613 receperis,
2404 3554 2540 3596 rem
2581 3536 2806 3619 feceris
2846 3541 2915 3599 et
2956 3537 3126 3598 mihi

714 3635 1116 3697 vehementer
1149 3637 1390 3713 gratam
1427 3638 1491 3696 et
1527 3654 1675 3713 erga
1711 3635 2006 3695 iuuenem
2039 3634 2376 3696 officiosam
2413 3638 2477 3694 et
2513 3653 2661 3711 erga
2688 3624 2898 3696 Deum
2923 3634 3121 3747 piam,

713 3736 1029 3812 postremo
1087 3733 1216 3794 tuis
1278 3730 1829 3795 commoditatibus
1882 3753 2008 3793 non
2063 3732 2375 3793 inutilem.
2463 3732 2581 3793 Est
2635 3733 2821 3794 enim
2868 3732 3127 3794 iuuenis

717 3833 1014 3895 mediocri
1043 3831 1340 3905 doctrina,
1371 3832 1686 3893 scribendi
1712 3831 1936 3893 artifex
1962 3832 2260 3910 egregius,
2293 3831 2576 3892 moribus
2603 3834 2669 3892 et
2695 3831 2822 3892 fide
2853 3832 3127 3910 integer-

715 3931 926 4006 rima;
988 3930 1052 3991 id
1109 3929 1270 4009 quod
1324 3930 1459 4007 ipse
1510 3930 1691 3990 facile
1744 3931 2099 4007 comperies,
2158 3933 2222 3991 et
2275 3930 2407 4008 ipse
2462 3949 2600 3990 meo
2653 3929 2935 4013 periculo
2990 3948 3125 3989 non

633 4047 692 4083 10
716 4028 1001 4090 dubitem
1027 4028 1350 4089 affirmare.
1436 4028 1608 4090 Vale.

797 4128 891 4189 De
946 4127 1126 4188 libris
1178 4126 1657 4188 communicatis
1722 4126 1921 4188 habeo
1989 4127 2294 4206 gratiam;
2341 4125 2559 4197 referet
2625 4128 2839 4186 autem
2898 4148 2963 4253 ιῗ
3014 4124 3134 4205 qui

784 4278 895 4327 165.
914 4291 960 4339 3.
1001 4273 1281 4324 Edmonde
1303 4277 1415 4323 aad.
1442 4278 1500 4323 F.
1589 4340 1600 4352 ο
1728 4289 1804 4325 ιο.
1833 4274 2114 4352 Jayranum
2136 4278 2183 4323 F
2203 4277 2371 4335 our-riq.
2624 4275 2733 4323 166.
2756 4288 2804 4323 2.
2844 4279 2892 4322 F
2911 4269 3100 4449 [ἡξει-ῦς
3120 4291 3135 4320 t

715 4342 1002 4405 Tornehey
1023 4345 1100 4390 Ε.
1087 4357 1100 4370 ·
1132 4355 1252 4389 arce
1271 4339 1604 4419 Tornehensi
1628 4343 1694 4389 H.
1831 4354 1890 4388 ιιι
1912 4341 2218 4403 praesentia
2239 4344 2298 4389 F.

718 4508 830 4559 and
864 4511 924 4558 in
963 4522 1090 4571 ¹529
1122 4523 1233 4558 was
1265 4507 1454 4570 Mayor
1485 4505 1546 4554 of
1570 4506 1650 4556 St.
1686 4506 1860 4557 Omer.
1966 4510 2155 4557 Kainon
2208 4510 2379 4567 novale
2439 4510 2496 4556 dc
2550 4511 2743 4567 Franco,
2803 4506 2925 4556 viii.
2999 4503 3140 4559 2782

719 4575 978 4625 Erasmus
1010 4575 1194 4623 makes
1224 4588 1297 4622 no
1336 4573 1493 4622 other
1525 4573 1779 4621 mention
1812 4573 1872 4621 of
1966 4573 2172 4622 Aubert
2193 4571 2260 4621 de
2277 4571 2331 4621 la
2348 4572 2613 4635 Chenaye,
2631 4576 2746 4621 Did.
2765 4576 2821 4621 de
2837 4576 2885 4621 la
2905 4576 3138 4627 Nomen

717 4639 854 4689 him.
925 4640 1024 4690 See
1053 4639 1332 4706 Anselme,
1355 4641 1482 4690 Hist.
1518 4640 1699 4689 Ge'ne'al.
1732 4643 1788 4687 de
1819 4642 1865 4699 la
1964 4636 2439 4703 demumst-171),
2461 4638 2541 4687 iii.
2564 4653 2678 4697 421.
