3355 5380
322 387 504 459 1504]
1037 384 1148 445 'ro
1171 375 1174 378 ’
1201 383 1433 445 JOHN
1488 383 1989 448 nEsMARAls
2596 392 2713 450 399

393 541 515 602 Sed
555 540 705 620 quid
736 535 940 602 verbis
977 561 1134 619 opus
1147 543 1180 602 ⁴?
1264 540 1436 603 Illud
1474 541 1544 603 in
1583 541 1793 603 totum
1829 543 2222 621 affirmarem,
2254 543 2313 606 si
2339 564 2526 624 quam
2552 564 2714 621 vere,

310 642 445 700 tam
499 659 630 701 non
684 640 1046 717 arroganter
1090 638 1330 701 dictum
1376 638 1713 714 videretur,
1763 660 1895 702 non
1941 640 2131 720 paulo
2177 641 2388 720 plures
2430 642 2563 705 fore
2608 644 2720 724 qui

311 741 567 816 carpant
623 757 816 817 quam
868 737 978 817 qui
1032 739 1414 817 intelligant.
1519 740 1618 800 Ex
1673 739 1880 801 tribus
1934 742 2146 804 autem
2202 741 2719 819 reprehensorum
2748 760 2813 797 20

310 836 643 917 generibus
693 836 972 915 primum
1020 835 1187 898 haud
1241 836 1398 899 satis
1444 837 1634 899 etiam
1682 838 1811 900 scio
1859 838 2014 900 risui
2069 839 2231 900 mihi
2280 841 2484 919 magis
2529 841 2740 903 fuerit·

311 956 393 998 an
434 935 840 1011 miserationi,
879 934 1169 996 videlicet
1204 955 1420 997 eorum
1458 936 1568 1013 qui
1603 935 1725 997 sibi
1766 936 2073 1015 praeclare
2113 935 2376 999 litterati
2406 937 2717 1015 videntur,

312 1055 510 1114 quum
556 1031 720 1095 nihil
767 1033 897 1095 sint
944 1033 1171 1095 minus.
1263 1033 1323 1094 Ii
1364 1053 1469 1094 me
1516 1033 1738 1094 statim
1782 1033 1850 1093 in
1899 1033 2036 1112 ipso
2080 1034 2456 1115 Panegyrici
2501 1036 2722 1098 limine

312 1127 645 1190 offendisse
672 1127 973 1206 quasique
1000 1127 1069 1188 in
1107 1129 1294 1206 portu
1322 1127 1511 1206 (quod
1539 1126 1747 1204 aiunt)
1773 1127 2109 1206 impegisse
2143 1129 2601 1207 praedicabant,
2631 1129 2722 1190 ibi

310 1231 591 1289 erratum
618 1246 753 1288 esse
792 1227 1092 1305 putantes
1125 1225 1370 1306 quoties
1408 1245 1537 1287 non
1568 1226 1724 1287 satis
1760 1225 2209 1304 intelligebant.
2299 1228 2462 1304 Quid
2488 1230 2717 1305 autem,
2751 1250 2810 1304 ²5

313 1327 473 1386 bone
518 1326 704 1400 Deus,
760 1324 1128 1402 intelligunt
1175 1324 1286 1386 isti
1302 1326 1336 1386 ⁶?
1418 1324 1643 1403 Itaque
1691 1324 1868 1403 quasi
1917 1324 2147 1386 sorices
2194 1328 2444 1387 suomet
2490 1325 2723 1388 indicio

312 1424 619 1501 peribant,
665 1422 984 1501 propriam
1027 1424 1361 1501 prodentes
1406 1421 1743 1499 inscitiam,
1794 1423 1948 1483 dum
1996 1423 2388 1486 insectantur
2429 1424 2718 1487 alienam.

313 1523 433 1583 Sed
465 1525 662 1583 totam
690 1521 856 1583 hanc
882 1520 1163 1583 fabulam
1191 1520 1363 1582 malo
1391 1539 1619 1596 coram,
1655 1540 1846 1600 quam
1873 1521 2128 1599 quidem
2158 1524 2287 1584 scio
2312 1521 2432 1583 tibi
2458 1541 2723 1600 magnae

312 1618 621 1698 voluptati
661 1619 961 1681 futuram.
1048 1619 1382 1680 Coeterum
1428 1618 1799 1697 neutiquam
1844 1618 2006 1679 mihi
2049 1620 2510 1682 contemnenda
2548 1619 2724 1681 duce·

316 1719 462 1778 bam
499 1716 742 1795 reliqua
767 1717 893 1778 duo
929 1715 1462 1778 calumniatorum
1488 1734 1730 1794 genera,
1761 1715 2031 1778 alterum
2058 1716 2496 1796 imperitorum
2523 1737 2722 1797 neque
2750 1743 2814 1793 30

312 1817 467 1878 satis
505 1815 932 1894 prudentium,
966 1814 1078 1893 qui
1119 1817 1328 1876 totum
1370 1814 1487 1875 hoc
1528 1831 1745 1875 meum
1785 1816 2053 1878 ornandi
2085 1815 2401 1894 Principis
2440 1815 2722 1878 studium

312 1914 737 1976 adulationem
775 1912 1083 1974 vocabant
1108 1931 1125 1986 ς
1180 1913 1451 1973 alterum
1492 1910 1796 1972 mediocri
1836 1911 2191 1975 litteratura
2225 1912 2578 1990 hominum,
2612 1914 2724 1994 qui

314 2013 384 2072 in
425 2032 610 2090 opere
657 2010 837 2090 quasi
886 2010 1172 2072 nondum
1210 2009 1497 2071 dedolato
1540 2008 1867 2070 nonnullis
1907 2009 2095 2073 rebus
2134 2009 2366 2072 offendi
2406 2010 2507 2073 vel
2549 2011 2724 2090 desy-

313 2113 529 2173 derare
572 2110 880 2190 quaedam
922 2109 1136 2187 potius
1177 2108 1572 2171 videbantur.
1661 2108 1745 2169 Et
1787 2107 1977 2171 altius
2017 2110 2271 2189 quidem
2313 2130 2417 2171 me
2456 2111 2723 2190 pupugit

312 2210 487 2288 prior
508 2210 622 2271 illa
647 2207 1062 2287 reprehensio,
1096 2207 1326 2285 quippe
1352 2224 1514 2285 quae
1539 2205 1824 2267 moribus
1847 2205 2055 2268 labem
2075 2210 2334 2270 conetur
2358 2227 2681 2287 aspergere
2706 2231 2721 2282 ;
2749 2232 2809 2284 35

312 2309 510 2370 altera
545 2308 749 2368 leuius
786 2302 1240 2382 commoueBar,
1275 2304 1443 2384 quod
1483 2304 1809 2382 ingenium
1849 2306 2034 2367 modo
2070 2309 2330 2381 taxaret,
2362 2325 2493 2368 non
2529 2308 2721 2368 etiam

310 2408 514 2468 vitam
542 2404 1012 2467 contaminaret.
1101 2403 1252 2464 Hiis
1277 2402 1472 2481 igitur
1512 2422 1625 2480 pro
1650 2402 1897 2464 viribus
1930 2406 2026 2464 est
2063 2404 2588 2479 satisfaciendum,
2623 2404 2721 2465 illi

312 2509 464 2566 sunt
494 2504 699 2566 acrius
725 2500 1070 2564 refellendi.

394 2601 719 2681 Principio
747 2600 860 2680 qui
884 2600 1290 2679 panegyricos
1309 2599 1404 2661 nil
1431 2599 1603 2662 aliud
1633 2618 1821 2679 quam
1843 2600 2292 2661 assentationes
2316 2618 2448 2661 eaee
2475 2603 2715 2678 putant,

314 2720 607 2780 prorsum
632 2700 922 2779 ignorare
955 2699 1252 2761 videntur
1283 2719 1407 2777 quo
1435 2698 1714 2775 consilio,
1744 2699 1845 2759 cui
1872 2699 1979 2775 rei,
2010 2719 2210 2777 genus
2235 2699 2355 2760 hoc
2390 2698 2610 2777 scripti
2636 2701 2720 2760 sit
2745 2726 2812 2776 40

312 2821 350 2861 a
396 2796 906 2879 prudentissimis
949 2798 1107 2858 viris
1150 2799 1504 2875 repertum3
1554 2816 1779 2875 nempe
1816 2797 1886 2858 in
1926 2796 2045 2858 hoc
2081 2800 2154 2859 vt
2189 2796 2431 2858 obiecta
2466 2797 2722 2859 virtutis

313 2897 590 2977 imagine
643 2895 916 2974 improbi
967 2894 1282 2973 principes
1326 2895 1825 2971 emendarentur,
1873 2895 2054 2974 probi
2098 2894 2483 2974 proficerent,
2534 2895 2720 2957 rudes

312 2997 815 3069 instituerentur,
875 2994 1360 3056 admonerentur
1420 2995 1720 3068 errantes,
1789 2993 2310 3056 extimularentur
2367 2994 2715 3071 oscitantes,

313 3093 587 3172 denique
612 3091 736 3170 ipsi
760 3092 927 3170 apud
956 3111 1090 3152 sese
1116 3092 1523 3170 pudescerent
1549 3091 1872 3169 deplorati.
1930 3093 2040 3153 An
2060 3111 2208 3155 vero
2227 3090 2604 3154 credendum
2624 3095 2720 3153 est

314 3192 741 3255 Calisthenem
777 3192 1029 3251 tantum
1064 3188 1527 3268 philosophum,
1558 3209 1711 3268 qum
1737 3188 2082 3251 Alexandri
2113 3190 2330 3253 laudes
2356 3190 2603 3265 diceret,
2637 3207 2719 3249 an
2746 3217 2809 3269 45

315 3291 577 3369 Lysiam
623 3292 813 3367 atque
860 3287 1219 3363 Isocratem,
1270 3307 1352 3347 an
1395 3286 1689 3349 Plinium
1733 3292 1799 3349 et
1845 3308 1990 3349 cum
2032 3287 2160 3349 hiis
2203 3287 2713 3362 innumerabiles,

316 3409 514 3468 quum
538 3388 659 3449 hoc
686 3388 756 3447 in
783 3405 1010 3464 genere
1033 3387 1448 3460 versarentur,
1481 3384 1605 3446 alio
1630 3389 1940 3463 spectasse
1967 3405 2159 3466 quam
2183 3389 2256 3448 vt
2282 3386 2399 3448 sub
2426 3384 2719 3447 laudandi

315 3490 604 3566 pretextu
632 3485 1109 3546 cohortarentur
1133 3482 1211 3544 ad
1240 3482 1506 3544 honesta
1521 3485 1554 3543 ‘1’
1610 3484 1719 3545 An
1756 3487 1827 3546 tu
1865 3504 2081 3546 censes
2115 3483 2370 3564 regibus
2405 3484 2497 3546 sic
2531 3484 2715 3560 natis,

313 3588 404 3648 sic
432 3584 730 3660 educatis,
763 3581 984 3645 tetrica
1020 3581 1131 3642 illa
1158 3580 1511 3642 Stoicorum
1552 3578 1846 3659 dogmata
1888 3586 1953 3644 et
1980 3582 2248 3660 Cynicos
2284 3583 2550 3644 latratus
2588 3601 2722 3643 esse

315 3682 799 3764 proponendos?
878 3679 1127 3741 Scilicet
1165 3683 1237 3740 vt
1278 3683 1389 3741 aut
1429 3678 1810 3741 cachinnum
1850 3700 2105 3743 moneas
2142 3684 2254 3744 aut
2290 3681 2497 3743 acrius
2530 3682 2721 3744 etiam
2750 3711 2815 3763 50

316 3785 525 3845 irrites
539 3786 575 3843 ⁴?
642 3782 995 3842 Gener-osus
1010 3778 1263 3840 animus
1279 3780 1520 3857 quanto
1535 3779 1930 3841 commodius
1950 3780 2202 3841 ducitur
2220 3799 2410 3860 quam
2428 3780 2718 3856 trahitur,

316 3886 677 3962 quantoque
702 3877 932 3940 melius
950 3876 1405 3939 blandimentis
1431 3878 1690 3937 sanatur
1715 3896 1905 3955 quam
1925 3878 2259 3940 conuiciis!
2318 3879 2496 3956 Quod
2516 3881 2727 3941 autem

315 3980 636 4055 efficacius,
690 3976 820 4038 imo
869 3976 1033 4054 quod
1087 3975 1260 4037 aliud
1317 3974 1738 4053 prudentibus
1787 3979 1884 4037 est
1936 3979 2307 4055 vsurpatum
2361 3975 2728 4038 cohortandi

315 4099 531 4159 genus,
585 4096 776 4157 quam
816 4078 888 4136 vt
932 4094 1165 4154 magna
1211 4073 1340 4135 iam
1393 4093 1472 4134 ex
1525 4076 1705 4153 parte
1747 4073 2029 4136 tribuant
2072 4095 2144 4136 ea
2191 4075 2409 4137 decora
2448 4075 2526 4138 ad
2572 4095 2729 4154 quae

319 4177 661 4255 prouocant
678 4174 712 4234 ⁶?
791 4174 900 4234 An
928 4191 1057 4235 non
1084 4170 1339 4234 laudata
1362 4171 1569 4233 virtus
2756 4198 2818 4250 55

744 4295 997 4372 Crescit,
1045 4299 1110 4357 et
1153 4295 1542 4365 immensum
1581 4293 1783 4373 gloria
1821 4297 2022 4358 calcar
2060 4297 2298 4359 habet?

382 4459 460 4506 26.
495 4472 583 4506 ar:
623 4454 824 4504 iudicio
846 4450 915 4514 ὃς.
1049 4468 1128 4514 99.
1168 4451 1489 4513 neutiquam
1514 4467 1578 4500 a:
1614 4451 1763 4501 haud
1785 4465 2058 4515 quaquam
2081 4469 2133 4514 γ.
2251 4464 2332 4516 35.
2369 4453 2658 4502 conaretur
2677 4468 2729 4515 γ.

314 4536 397 4584 37.
431 4523 539 4571 His
561 4523 613 4575 β.
816 4534 897 4580 41.
937 4519 998 4567 in
1022 4518 1123 4568 hoc
1145 4519 1204 4572 βε
1236 4533 1326 4566 om.
1350 4535 1433 4582 ογ.
1640 4520 1723 4579 46.
1758 4519 1849 4568 his
1870 4521 1923 4574 β.

382 4703 465 4751 39.
503 4685 802 4751 Principio]
839 4687 919 4738 Cf.
947 4687 1044 4750 Ep.
1069 4698 1153 4749 93.
1182 4688 1322 4736 1-16.
1650 4686 1730 4748 56.
1771 4685 1998 4750 Crescit]
2033 4681 2191 4749 ovid,
2215 4688 2347 4736 Pom.
2373 4701 2420 4745 4.
2444 4700 2494 4736 ο.
2518 4685 2597 4748 36.
