3355 5380
637 353 758 409 486
1343 350 1722 412 LETTERS
1778 350 1884 410 OF
1938 350 2339 413 ERASMUS
2844 346 3037 430 [1511

634 505 904 568 alienam
953 525 1137 583 opem
1185 507 1537 584 implorare,
1587 507 1694 567 vbi
1743 526 1885 567 mea
1933 507 2216 568 defuerit.
2306 505 2646 568 Montioius
2698 510 2861 582 tuus,
2908 507 3046 570 imo

635 606 863 680 noster,
909 609 1008 666 sat
1054 606 1184 666 scio
1237 625 1479 666 memor
1530 606 1651 666 erit
1705 606 1818 680 tui,
1862 606 1918 666 si
1964 606 2081 667 hoc
2127 605 2464 684 aliquando
2521 605 2915 682 promiserit;
2976 610 3047 668 et

548 711 608 762 ι5
635 723 749 781 ego
788 703 976 764 illum
1015 705 1093 764 ad
1133 705 1251 766 hoc
1291 704 1560 766 libenter
1597 704 1971 784 cohortabor«
1988 725 2005 780 ;
2048 708 2145 766 est
2183 704 2355 765 enim
2393 723 2564 765 nunc
2600 703 2670 765 in
2705 704 2863 767 aula.
2944 706 3048 766 Tu

637 802 774 864 vale
805 804 1058 879 optime,
1093 804 1364 866 Erasme.

719 904 817 963 Ex
847 903 1153 965 Londino.

1133 1112 1428 1197 ²⁴⁰24324e
1533 1109 1737 1177 Fssou
1783 1111 2101 1176 Annasw
2148 1113 2551 1178 Aimomus.

713 1246 955 1317 Farrago
982 1265 1036 1316 p.
1063 1262 1184 1302 221.
2517 1243 2767 1300 London.

711 1334 769 1388 F.
796 1354 853 1405 p.
881 1349 1015 1405 350:
1052 1333 1189 1388 HN:
1225 1333 1400 1390 Lond.
1428 1333 1542 1390 viii.
1572 1348 1667 1404 25:
1707 1332 1816 1388 LB.
1848 1334 1964 1388 128.
2310 1333 2372 1387 18
2398 1328 2711 1389 November
2738 1330 2971 1406 (1511).

1265 1464 1500 1529 [Leclerc
1523 1464 1656 1513 adds
1679 1464 1771 1512 the
1794 1464 1918 1512 date
1948 1478 2033 1524 151
2047 1478 2087 1522 1,
2114 1462 2422 1527 correctly.]

943 1596 1267 1645 ANDREAS
1311 1596 1682 1645 Anuomvs
1727 1595 2001 1646 ERASMO
2048 1596 2439 1645 DESYDEBIO
2484 1598 2539 1647 S.
2585 1598 2644 1649 P.
2690 1598 2758 1647 D.

725 1719 855 1779 Ian
913 1718 1313 1779 discesserant
1368 1718 1562 1780 vestri
1617 1718 1963 1793 carrucarii,
2022 1738 2217 1795 quum
2272 1721 2448 1780 tuam
2515 1719 2839 1796 epistolam
2908 1718 3051 1779 sine

643 1817 850 1894 aliqua
896 1819 973 1877 ad
1021 1818 1368 1878 Monioium
1424 1817 1515 1879 Io.
1563 1817 1778 1877 Morus
1823 1816 1985 1877 mihi
2031 1817 2261 1891 attulit,
2316 1817 2573 1896 ideoque
2629 1817 3052 1895 expectandus

645 1919 740 1976 est
792 1915 1045 1975 illorum
1099 1915 1486 1975 nebulonum
1541 1915 1794 1989 redituS,
1840 1920 1949 1976 aut
2004 1935 2183 1976 casus
2223 1916 2447 1993 aliquis
2488 1917 2597 1993 qui
2659 1915 2822 1976 mihi
2875 1941 3053 1995 γραμ·

644 2015 972 2092 ματοφόρον
1026 2013 1281 2074 obiiciat
1323 2015 1421 2073 cui
1460 2014 1573 2074 has
1609 2013 1690 2073 ad
1727 2017 1792 2073 te
1827 2014 2044 2074 literas
2080 2014 2242 2075 dem.
2333 2015 2627 2075 Intellexi
2663 2018 2725 2075 te
2763 2014 3051 2091 lagenam

591 2128 619 2177 5
646 2113 1027 2190 resignatam
1051 2115 1114 2172 et
1140 2112 1553 2190 semiplenam
1582 2112 1838 2173 tandem
1868 2131 2260 2190 nequaquam
2285 2115 2486 2190 gratis
2515 2114 2814 2192 accepisse
2838 2135 2855 2187 ;
2897 2131 3050 2173 nam

647 2231 754 2272 sex
808 2210 1083 2271 denariis
1136 2229 1273 2271 eam
1325 2230 1608 2288 vappam,
1668 2210 2034 2271 carnificum
2103 2211 2410 2290 reliquias,
2472 2213 2652 2274 chare
2706 2215 2770 2273 te
2824 2212 3054 2272 emisse

646 2309 947 2370 arbitror:
994 2309 1140 2369 noui
1179 2299 1492 2385 praeterea
1528 2328 1712 2386 quam
1752 2309 1862 2369 ille
1899 2307 2115 2370 caluus
2150 2312 2548 2372 consueuerit
2582 2310 2840 2372 caluere.
2929 2308 3050 2370 Sed

648 2413 814 2468 recte
869 2426 1087 2468 mones
1142 2427 1269 2467 non
1325 2426 1457 2467 esse
1509 2406 1590 2467 ab
1644 2407 1746 2467 his
1799 2407 2098 2468 monstris
2153 2408 2426 2469 officium
2479 2408 2725 2488 aliquod
2774 2407 3055 2468 hominis

648 2505 1062 2582 exigendum3
1123 2524 1345 2566 verum
1394 2504 1450 2565 si
1499 2505 1783 2566 Socrates
1829 2526 1971 2566 cum
2019 2506 2222 2569 beluis
2268 2507 2627 2569 istiusmodi
2672 2507 2894 2568 fuisset
2945 2504 3054 2566 ali-

569 2618 627 2654 10
650 2605 901 2680 quando
937 2603 1344 2679 conflictatus,
1390 2624 1590 2681 neque
1627 2604 1911 2664 animum
1954 2626 2157 2682 neque
2198 2606 2450 2666 vultum
2494 2625 2740 2683 semper
2781 2605 3053 2666 eundem

651 2725 896 2765 seruare
935 2704 1252 2781 potuisset.
1338 2703 1666 2765 Caeterum
1709 2724 1838 2765 non
1880 2704 2107 2764 idcirco
2148 2705 2369 2766 vinum
2412 2705 2627 2766 remisi
2666 2703 2828 2783 quod
2870 2707 2941 2766 tu
2986 2705 3051 2766 id

650 2803 982 2878 laudasses
1013 2803 1120 2863 sed
1159 2803 1325 2880 quod
1368 2800 1713 2880 negociatio
1750 2802 1911 2861 bene
1948 2805 2228 2865 cesserat.
2339 2804 2573 2881 Χρύσεα
2610 2802 2779 2863 enim
2817 2822 3055 2880 accepe-

651 2922 800 2976 ram,
830 2903 1047 2981 χάλκεα
1075 2900 1180 2979 qui
1208 2900 1497 2961 dederam
1519 2923 1535 2976 ;
1575 2903 1640 2960 et
1667 2900 1807 2960 ideo
1843 2920 2059 2961 rursus
2080 2900 2397 2962 tentabam
2424 2921 2505 2962 an
2533 2901 2688 2962 alios
2713 2901 3055 2962 versiculos

651 3002 911 3063 haberes
965 3021 1120 3079 quos
1185 3001 1405 3061 eodem
1468 3002 1647 3077 pacto
1708 3000 1906 3060 velles
1962 3003 2349 3076 permutare:
2418 3020 2549 3060 non
2604 3001 2767 3079 quod
2838 3021 3054 3062 eorum

567 3109 627 3160 15
653 3098 993 3160 mendaciis
1020 3098 1302 3174 delecter,
1337 3098 1446 3160 sed
1473 3097 1796 3174 elegantia,
1830 3098 2155 3172 suauitate,
2189 3102 2421 3176 tuoque
2456 3098 2569 3159 illo
2610 3099 2809 3159 amico
2850 3120 3056 3161 errore

653 3219 774 3276 quo
802 3197 999 3258 alium
1028 3217 1129 3258 me
1156 3200 1339 3275 putas
1363 3215 1549 3274 quam
1577 3216 1693 3273 ego
1720 3196 1860 3258 sim.

738 3297 833 3356 Ex
863 3296 1123 3356 Linacro
1149 3294 1362 3356 audiui
1390 3297 1574 3355 tuum
1600 3296 1858 3373 ἀρχιερέα
1886 3315 2066 3372 opem
2095 3294 2213 3355 tibi
2247 3294 2656 3372 argentariam
2695 3293 3054 3370 destinasse,

653 3398 717 3454 et
744 3398 984 3455 certum
1012 3394 1218 3454 solum
1244 3395 1320 3453 ad
1352 3396 1415 3453 te
1441 3392 1802 3453 habendum
1830 3412 2135 3470 quaerere.
2201 3392 2274 3454 Id
2304 3392 2360 3453 si
2384 3391 2474 3452 ita
2499 3395 2612 3467 est,
2639 3391 3060 3469 querimonias

657 3492 773 3552 tibi
803 3491 1082 3567 minuet;
1123 3491 1360 3569 siquae
1396 3494 1610 3552 tamen
1647 3494 2037 3569 supererunt,
2072 3490 2142 3550 in
2182 3491 2459 3551 amicum
2498 3490 2785 3550 effundes
2821 3489 3054 3565 sinum,

570 3600 634 3637 ²0
656 3594 721 3650 et
747 3590 970 3650 foenus
997 3610 1034 3650 a
1059 3609 1163 3649 me
1200 3588 1496 3666 accipies;
1540 3610 1688 3650 nam
1725 3589 1980 3650 beatum
2019 3592 2082 3649 te
2119 3588 2323 3650 iudico
2360 3608 2509 3666 prae
2544 3607 2669 3648 me.
2750 3587 2847 3647 Tu
2885 3586 3059 3646 enim

657 3688 819 3767 quod
860 3691 1127 3749 sectatus
1166 3709 1249 3764 es,
1287 3707 1602 3747 summam
1645 3688 2075 3761 eruditionem,
2119 3706 2352 3748 nomen
2399 3705 2520 3765 qua
2560 3687 2840 3747 Romana
2887 3688 3058 3762 patet

655 3786 1010 3865 eloquentia
1051 3785 1487 3859 clarissimum,
1541 3785 1808 3864 denique
1851 3784 2391 3845 immortalitatem
2440 3805 2506 3845 es
2551 3783 2831 3860 adeptus.
2924 3783 3060 3861 Ego

658 3886 736 3946 ad
792 3883 1052 3945 vltimos
1106 3904 1302 3961 vsque
1349 3883 1693 3945 Britannos
1743 3888 1884 3961 post
1938 3885 2253 3946 fortunam
2308 3883 2566 3959 cucurri,
2615 3902 2727 3943 nec
2782 3902 3059 3960 vnquam

658 3984 900 4061 assequi
927 3984 1139 4060 potui;
1183 4003 1333 4043 nam
1360 3983 1623 4044 subinde
1648 3982 1901 4060 longius
1931 4002 2034 4042 me
2064 3982 2242 4060 fugit,
2273 3982 2401 4042 imo
2438 4001 2585 4042 vero
2622 3983 2685 4040 et
2718 3980 2920 4058 magis
2955 3999 3061 4040 me

573 4096 634 4146 ²⁵
659 4086 866 4143 terret.
956 4082 1128 4143 Duos
1180 4082 1489 4157 homines,
1539 4081 1645 4160 qui
1700 4100 1803 4141 me
1858 4080 2036 4141 vnice
2092 4080 2403 4157 amabant,
2454 4080 2561 4140 sed
2615 4079 2725 4157 qui
2774 4078 3062 4139 omnium

659 4181 990 4244 sententiis
1016 4185 1080 4241 et
1107 4181 1475 4242 coniecturis
1501 4200 1799 4258 pauperes
1827 4179 2170 4257 abiectique
2205 4198 2446 4257 semper
2471 4179 2603 4239 fore
2629 4177 3064 4239 existimaban-

1313 4350 1426 4398 243.
1445 4362 1524 4396 21.
1561 4347 1803 4396 Romana
1826 4351 1869 4394 F
1887 4350 2059 4407 eumq,
2081 4363 2093 4394 ε
2128 4347 2338 4395 ratione
2360 4350 2420 4397 Ε.

730 4502 841 4549 243.
860 4515 905 4547 2.
947 4500 1023 4547 10.
1044 4498 1247 4561 Morus]
1267 4498 1315 4546 A
1338 4511 1575 4559 younger
1598 4495 1815 4544 brother
1985 4511 2057 4555 17.
2093 4492 2343 4557 ἅρχιερέαἹ
2377 4494 2636 4544 Warham
2679 4493 2909 4543 fulfllled
2947 4494 3064 4543 this

665 4565 723 4612 of
748 4566 979 4613 Thomas
1011 4564 1172 4624 More,
1199 4566 1254 4611 to
1276 4562 1456 4610 whom
1480 4562 1548 4609 he
1572 4561 1722 4609 acted
1756 4576 1814 4610 as
1917 4561 2054 4623 hope
2088 4562 2160 4623 by
2192 4563 2284 4610 the
2318 4561 2490 4624 living
2521 4560 2581 4609 of
2610 4560 2947 4622 Aldington3
2992 4559 3059 4609 cf.

665 4632 942 4693 secretary.
1014 4629 1093 4678 cf.
1116 4630 1210 4690 Ep.
1229 4631 1340 4689 2⁴⁶·
1361 4642 1392 4689 3
1408 4626 1516 4676 and
1537 4642 1623 4676 see
1643 4627 1806 4676 DNB.
1918 4629 2011 4689 Ep.
2038 4641 2135 4689 255
2158 4626 2355 4677 inti-od.
