3355 5380
687 364 806 420 278
1377 356 1760 419 LETTERS
1817 356 1927 417 oF
1979 353 2379 416 ERAsMUs
2888 349 3085 434 [1500

680 517 789 580 sed
837 516 1097 594 ignarus
1140 514 1457 592 hospitem
1499 532 1634 575 esse
1681 515 2016 574 mutatum.
2116 511 2319 572 Datur
2362 530 2440 572 ex
2481 530 2656 572 more
2702 509 3083 572 cubiculum.

680 615 1039 695 Apponitur
1074 614 1311 686 vinum,
1353 612 1462 672 sed
1506 611 1669 673 male
1712 610 2095 689 respondens
2135 609 2361 687 palate.
2449 609 2645 687 Atqui
2684 608 2793 670 ‘vix
2835 627 3091 668 eramus

682 713 962 792 ingressi,
1013 731 1160 772 cum
1208 711 1389 773 video
1445 711 1663 788 ignoto
1719 708 1816 770 illi
1873 707 2095 770 iuueni
2144 707 2215 768 in
2274 707 2486 769 culina
2528 707 2754 768 vinum
2802 706 2873 768 in
2922 706 3092 767 vitro

565 840 657 875 100
681 810 1058 891 appositum,
1091 829 1166 870 eo
1207 810 1407 871 colore
1446 812 1518 869 vt
1560 807 1726 868 mihi
1763 806 2123 885 gratularer.
2208 806 2349 867 Hac
2387 805 2584 883 igitur
2609 824 2719 883 spe
2751 804 3094 865 frustratus

683 908 1007 985 descendo,
1042 907 1369 985 expostulo
1409 926 1556 969 cum
1593 904 1883 984 hospite;
1929 907 2216 967 mutatur
2245 904 2485 966 vinum.
2573 904 2749 965 Haec
2783 903 2909 965 iam
2946 905 3092 964 tum

685 1008 958 1071 mirabar
982 1006 1185 1084 magis
1210 1024 1399 1083 quam
1425 1003 1735 1066 habebam
1762 1006 2067 1081 suspecta.

769 1106 973 1183 Quare
1008 1105 1104 1182 (vt
1139 1104 1217 1165 ad
1255 1103 1694 1165 intermissum
1730 1101 2108 1164 narrationis
2143 1101 2431 1163 ordinem
2467 1101 2736 1178 redeam)
2764 1102 2893 1163 iam
2925 1104 3098 1161 certa

686 1203 1040 1282 suspicione
1106 1201 1423 1264 latrocinii
1476 1201 1541 1261 id
1599 1219 1783 1280 agere
1840 1200 2016 1279 coepi
2070 1221 2197 1279 quo
2248 1219 2353 1261 me
2405 1199 2604 1262 cultro
2658 1200 3089 1262 subducerem.

571 1335 660 1386 ¹05
691 1302 892 1380 ‘Quid
926 1300 1154 1380 igitur’
1186 1300 1446 1378 inquam
1476 1299 1627 1361 ‘tibi
1668 1299 1740 1359 in
1778 1298 1994 1360 animo
2031 1299 2210 1361 est‘?’
2299 1298 2502 1378 ‘Ego’
2541 1298 2753 1377 inquit
2795 1298 3097 1361 ‘fortasse

689 1421 801 1462 vos
830 1398 1104 1461 Parisios
1144 1399 1497 1476 deportabo,
1531 1416 1754 1459 verum
1793 1396 1944 1459 huic
1984 1416 2211 1475 genero
2250 1395 2437 1476 plane
2468 1398 2729 1459 domum
2760 1399 2858 1458 est
2889 1416 3096 1458 recur-

691 1497 1001 1560 rendum.’
1104 1498 1277 1558 ‘Imo
1295 1499 1311 1524 ’
1356 1496 1618 1574 inquam
1681 1498 1697 1526 ⁴
1715 1495 2106 1557 commodius
2159 1495 2318 1557 dabo
2370 1495 2720 1557 consilium.
2828 1494 3097 1572 Quando

692 1617 872 1670 casus
926 1600 1059 1657 tam
1105 1595 1363 1657 acerbus
1417 1594 1599 1656 vobis
1643 1593 1886 1670 accidit,
1937 1598 2010 1656 vt
2057 1597 2130 1655 tu
2184 1594 2399 1670 filiam,
2443 1593 2549 1656 hic
2594 1613 2852 1656 vxorem
2898 1612 3100 1671 prope

694 1694 1047 1775 perdiderit,
1100 1692 1261 1754 illud
1310 1696 1519 1756 vestra
1566 1711 1751 1754 causa
1794 1692 2036 1756 faciam.
2124 1692 2338 1754 Habes
2380 1712 2418 1753 a
2457 1712 2561 1753 me
2601 1696 2917 1755 scutatum
2965 1691 3095 1753 sole

580 1827 670 1863 110
693 1793 1026 1872 insignem,
1057 1793 1297 1854 restant
1335 1810 1636 1869 passuum
1664 1790 2137 1868 quatuordecim
2165 1790 2384 1866 milia;
2423 1790 2710 1852 diminue
2745 1791 2824 1853 de
2854 1791 3099 1854 ratione

694 1890 999 1953 mercedis
1024 1894 1336 1968 quantum
1357 1889 1434 1950 de
1470 1889 1699 1951 itinere
1736 1893 2034 1968 superest,
2066 1908 2140 1951 ac
2176 1889 2388 1950 redite.
2475 1890 2606 1951 Nos
2630 1888 2948 1967 reliquum
2976 1889 3100 1951 iter

695 1993 807 2052 aut
852 1988 1114 2068 pedibus
1161 1987 1577 2062 conficiemus,
1625 1990 1735 2049 aut
1778 2007 1971 2064 equos
2016 1987 2445 2049 mutabimus’
2532 1988 2733 2068 Caput
2778 1988 3100 2067 quatiebat

697 2089 904 2163 homo,
955 2086 1180 2148 deinde
1233 2085 1568 2159 descendit,
1621 2085 1851 2147 iuuene
1895 2085 2115 2148 relicto
2166 2085 2334 2148 mira
2384 2085 2696 2149 latrocinii
2743 2087 2973 2165 peritia
3030 2090 3103 2150 vt

697 2185 850 2264 quid
893 2184 1076 2246 nobis
1113 2187 1275 2246 esset
1314 2183 1661 2246 sententiae
1700 2203 1811 2262 per
1847 2184 2018 2245 hunc
2055 2184 2492 2263 expiscaretur.
2578 2184 2707 2248 Hic
2745 2205 2861 2264 ego
2901 2187 3109 2250 accito

585 2311 673 2364 115
699 2283 1088 2346 adolescente
1149 2285 1164 2314 ‘
1182 2282 1397 2357 Heus,’
1451 2282 1711 2359 inquam
1774 2285 1789 2313 ‘
1806 2302 2049 2361 quaeso,
2107 2301 2329 2344 verum
2397 2283 2584 2359 dicas,
2645 2285 2952 2362 quidnam
3024 2288 3102 2348 de

700 2401 889 2446 vxore
928 2384 1038 2443 tua
1078 2381 1227 2443 cedo
1243 2383 1276 2442 ’ἓ
1299 2381 1314 2405 ’
1395 2380 1732 2442 Confessus
1769 2383 1865 2442 est
1899 2401 2037 2442 rem
2076 2380 2599 2458 commenticiam,
2627 2403 2851 2445 verum
2892 2403 3104 2447 socero

701 2481 1116 2543 necessarium
1157 2499 1291 2541 esse
1345 2478 1468 2540 iter
1513 2478 1805 2554 Parisios,
1849 2482 1922 2541 vt
1967 2479 2277 2541 creditum
2323 2484 2643 2560 repeteret.
2736 2485 2752 2515 ‘
2769 2481 2864 2544 Ne
2912 2484 3069 2562 quid
3087 2487 3105 2513 ’

702 2578 912 2657 inquit
944 2579 959 2608 ‘
974 2577 1147 2639 illius
1183 2576 1462 2638 oratione
1500 2597 1951 2638 commoueare.
2034 2577 2199 2654 Quin
2226 2597 2339 2640 vos
2375 2598 2511 2641 cras
2545 2599 2798 2642 summo
2823 2580 3107 2646 diluculo

703 2698 895 2757 equos
934 2675 1345 2751 conscendite,
1390 2696 1505 2737 nos
1543 2675 1794 2753 vtrique
1842 2678 2331 2755 consequemur.’
2415 2678 2430 2707 ‘
2453 2678 2654 2759 Atqui
2694 2700 2823 2741 non
2868 2684 3103 2744 temere

586 2806 679 2842 120
703 2781 802 2839 est
821 2777 838 2803 ’
884 2775 1142 2855 inquam
1197 2775 1395 2852 ‘quod
1450 2794 1569 2836 nos
1624 2777 1804 2836 tanto
1856 2774 2082 2836 itinere
2134 2779 2268 2838 tam
2313 2780 2568 2854 repente
2621 2778 2998 2856 assequitur,
3043 2787 3105 2842 et

705 2875 960 2954 quidem
1001 2877 1208 2949 noctu,
1259 2877 1398 2934 tum
1440 2872 1542 2935 die
1588 2875 1725 2934 tam
1776 2872 1989 2936 sacro.’
2071 2874 2224 2935 Erat
2265 2873 2438 2936 enim
2480 2875 2780 2953 postridie
2819 2876 3108 2958 Virginis

706 2972 929 3036 matris
980 2970 1282 3051 purgatio.
1388 2972 1403 3001 ⁴
1423 2971 1507 3032 Et
1563 2990 1864 3050 quorsum
1879 2973 1894 2997 ’
1948 2970 2207 3050 inquam
2269 2974 2285 3004 ‘
2301 2972 2530 3034 attinet
2582 2976 2679 3036 tot
2732 2974 3109 3040 concinnare

708 3070 1032 3134 mendacia
1046 3073 1078 3132 ⁶?
1096 3071 1111 3095 '
1194 3068 1390 3131 Iussit
1437 3088 1540 3130 me
1586 3068 1946 3131 adolescens
1992 3069 2159 3132 bono
2200 3090 2336 3132 eme
2375 3071 2608 3147 animo,
2659 3091 2726 3134 se
2768 3074 2990 3137 omnia
3033 3095 3105 3137 ex

709 3189 849 3231 mea
893 3169 1163 3230 facturos
1206 3186 1338 3228 esse
1378 3167 1706 3229 sententia.
1792 3170 1808 3199 ‘
1830 3167 2007 3244 Quod
2054 3168 2111 3229 si
2161 3168 2313 3246 quid
2362 3167 2470 3231 ille
2521 3172 2858 3248 grauetur,’
2897 3173 3107 3253 inquit

594 3293 683 3342 125
714 3269 730 3299 ‘
750 3288 865 3347 ego
905 3286 1032 3327 non
1068 3266 1346 3326 deseram
1385 3268 1463 3339 te,
1496 3265 1691 3325 donec
1727 3265 1891 3325 mihi
1930 3270 2259 3345 rumpatur
2292 3266 2470 3341 cor’3
2516 3271 2701 3346 atque
2735 3269 2890 3331 haec
2922 3273 3108 3334 vultu

710 3365 822 3426 illo
863 3364 1132 3442 stupido·
1239 3363 1339 3425 Ita
1379 3362 1796 3425 adsimulabat
1847 3384 1997 3439 sese,
2051 3368 2351 3444 tanquam
2398 3365 2624 3427 furtim
2677 3367 2840 3429 mihi
2893 3374 3109 3431 contra

711 3481 994 3524 socerum
1030 3461 1344 3536 studeret;
1388 3461 1610 3523 deinde
1650 3461 1967 3523 descendit
2004 3466 2068 3524 et
2103 3462 2226 3538 ille,
2270 3463 2420 3543 quid
2458 3464 2584 3526 nisi
2620 3468 2691 3525 vt
2728 3467 3113 3547 praeceptori

712 3580 827 3621 suo
854 3579 990 3620 rem
1018 3559 1426 3621 renunciaret.

798 3657 1048 3718 Interea
1113 3657 1519 3719 solitudinem
1589 3662 1814 3720 nactus
1881 3658 2165 3737 Anglum
2233 3679 2381 3737 rogo
2448 3660 2600 3739 quid
2667 3662 2927 3723 tandem
2983 3663 3108 3742 ipsi

597 3783 693 3834 130
713 3756 1046 3818 videretur.
1131 3754 1200 3815 Is
1224 3757 1466 3833 praeter
1488 3755 1891 3816 latrocinium
1916 3759 2210 3835 paratum
2234 3756 2401 3820 nihil
2436 3777 2503 3819 se
2530 3758 2740 3820 videre
2765 3761 3111 3841 respondit.

719 3856 735 3886 ‘
752 3856 842 3915 At
895 3851 1043 3931 quid
1061 3851 1079 3878 '
1133 3852 1392 3930 inquam
1451 3856 1466 3885 ‘
1487 3853 1815 3916 consilii?'
1917 3854 2058 3916 Iam
2112 3875 2237 3917 nox
2294 3859 2431 3917 erat
2485 3857 2813 3935 profunda.
2921 3859 3114 3921 Venit

716 3952 954 4013 interea
979 3950 1348 4029 cauponaria
1381 3950 1574 4012 lectos
1608 3951 1994 4027 instratura3
2049 3973 2199 4032 rogo
2234 3954 2493 4016 vbimun
2529 3974 2807 4018 essemus
2822 3957 3110 4031 cubituri,

718 4051 950 4112 lectum
973 4047 1263 4110 ostendit.
1340 4048 1446 4109 ‘Et
1463 4049 1573 4109 vbi
1590 4048 1815 4129 reliqui
1832 4051 2027 4114 (11ιοῖν
2099 4052 2209 4114 ‘In
2236 4052 2433 4114 altero
2452 4052 2469 4078 ’
2494 4052 2701 4134 inquit
2733 4054 2876 4117 ‘hoc
2894 4055 3116 4130 lecto';

720 4147 829 4228 qui
867 4146 1186 4208 communi
1226 4145 1512 4207 cubiculo
1551 4146 2003 4211 continebatur.
2090 4149 2257 4212 'l'um
2292 4170 2404 4230 ego
2439 4153 2455 4183 ‘
2470 4151 2588 4213 Est
2623 4151 2786 4213 mihi
2803 4155 2819 4179 ⁹
2856 4153 3117 4232 inquam

603 4256 695 4327 ¹35
724 4250 740 4280 ‘
758 4246 1057 4326 quiddam
1097 4263 1409 4322 nugarum
1449 4244 1927 4323 transigendum
1966 4268 2111 4309 cum
2151 4248 2270 4310 hoc
2308 4268 2448 4311 meo
2493 4249 2759 4326 comite;
2820 4251 2963 4314 sine
3002 4270 3122 4314 nos

794 4408 902 4456 103.
932 4395 1029 4442 vt.
1058 4427 1110 4444 ..
1137 4393 1355 4441 redeam
1378 4396 1487 4441 aad.
1516 4398 1570 4442 Γ.
1855 4409 1961 4444 110.
1999 4398 2353 4457 paneadam.
2633 4411 2740 4457 1¹7·
2779 4397 2862 4447 Ne
2884 4399 3117 4462 quidP:

724 4461 882 4513 Nihil
904 4463 961 4508 Ε.
1155 4473 1261 4519 124.
1299 4473 1415 4508 esse
1437 4462 1551 4508 add.
1578 4460 1641 4510 N.
1866 4474 1980 4523 129.
2014 4462 2120 4524 ipsi
2141 4465 2213 4510 F:
2249 4462 2355 4512 sibi
2377 4466 2435 4511 Ε.
2640 4477 2749 4525 133.
2790 4464 2887 4513 vbi
2907 4469 3024 4515 aad.
3041 4468 3112 4515 Η.

795 4605 902 4652 109.
947 4591 1215 4640 scutetum
1250 4587 1361 4637 sole
1393 4588 1692 4666 insignem]
1726 4588 1779 4640 A
1809 4589 1935 4653 gold
1967 4591 2106 4652 coin,
2133 4591 2308 4640 worth
2336 4592 2404 4653 36
2430 4590 2547 4654 sol„
2571 4605 2604 4653 3
2633 4590 2757 4642 den.
2779 4592 3125 4646 Tun-onon„-

730 4655 904 4706 under
924 4653 1148 4706 charles
1167 4667 1273 4705 vrn
1294 4653 1406 4705 and
1429 4654 1593 4705 Loms
1612 4667 1710 4706 m.
