3355 5380
231 380 425 463 ¹⁴8⁷]
950 444 1005 505 8.
1092 440 1187 505 To
1233 439 1628 506 SERVATms
1673 441 1999 505 Rocmms
2580 386 2650 442 81

308 598 449 654 Vita
474 597 713 655 Erasmi
740 618 801 671 p.
836 615 953 668 172.
2305 599 2569 672 (steyn.)

318 687 493 743 Lond.
520 686 683 744 xxxi.
718 704 819 758 13:
862 688 971 744 LB.
996 688 1140 760 App.
1168 691 1286 757 482.
2279 687 2364 760 (ο.
2396 688 2587 761 1487.)

332 841 647 890 EBASMVS
694 842 1201 894 ROTERODAMVS
1245 844 1584 894 SERVATIO
1631 844 1855 893 amco
1901 843 2388 894 smcssmssnm
2433 843 2486 893 S.
2533 842 2587 890 Ρ.

344 980 523 1057 Qvon
578 985 645 1042 te
694 985 861 1042 recte
909 983 1117 1042 valere
1166 982 1490 1061 conspicio,
1531 982 1776 1044 Seruati
1821 984 1913 1043 mi
1957 981 2342 1050 suauissime,
2390 979 2454 1039 id
2503 978 2663 1038 mihi

262 1100 504 1158 quoque
546 1100 684 1140 non
732 1079 1030 1141 mediocri
1076 1081 1383 1159 voluptati
1426 1084 1559 1157 est;
1629 1101 1761 1141 non
1817 1082 1989 1142 enim
2043 1098 2298 1159 possum
2349 1076 2496 1146 tuis,
2545 1077 2662 1136 etsi

264 1179 480 1239 minus
519 1177 726 1254 amici,
761 1178 1111 1239 charissimi
1153 1183 1380 1254 tamen,
1415 1179 1704 1240 secundis
1745 1178 2131 1241 successibus
2170 1197 2298 1238 non
2339 1174 2657 1255 gratulari.

264 1277 445 1353 Quod
486 1281 702 1338 autem
742 1278 870 1338 iam
907 1277 1097 1355 longa
1137 1278 1383 1338 Erasmi
1421 1277 1517 1338 tui
1553 1278 1972 1338 amantissimi
2001 1276 2317 1337 obliuione
2343 1272 2660 1352 premeris»,

262 1376 326 1436 id
372 1395 593 1449 vnum,
643 1395 724 1436 ne
764 1374 1051 1447 mentiar,
1095 1396 1196 1436 me
1238 1376 1464 1437 misere
1504 1377 1830 1437 excruciat.
1919 1376 2022 1437 Ita
2063 1375 2151 1435 dii
2192 1393 2294 1434 me
2335 1374 2565 1439 ament.
2609 1372 2663 1430 si
2692 1392 2720 1441 5

264 1493 396 1534 non
420 1474 495 1535 hi
520 1475 882 1552 paucissimi
908 1474 1056 1545 dies,
1084 1474 1307 1551 quibus
1333 1476 1430 1535 tui
1456 1475 1904 1536 consuetudine
1930 1474 2117 1548 carui,
2151 1476 2284 1533 toto
2309 1470 2470 1532 mihi
2498 1489 2663 1530 anno

263 1571 583 1651 longiores
634 1573 805 1633 visae
853 1576 1018 1645 sunt,
1067 1575 1241 1633 tanto
1283 1593 1386 1633 me
1431 1574 1744 1634 confecere
1793 1573 2021 1642 dolore,
2069 1570 2269 1631 tantis
2317 1568 2662 1629 cruciauere

264 1670 628 1746 plorat-ibus,
662 1673 733 1731 vt
774 1670 903 1731 iam
941 1670 1142 1732 vitam
1183 1691 1403 1732 exosus
1445 1672 1777 1747 crudelem,
1822 1674 2086 1731 mortem
2129 1689 2256 1730 non
2296 1666 2491 1728 semel
2532 1686 2664 1726 ora·

267 1767 488 1829 uerim.
544 1768 796 1829 Interea
822 1768 1075 1845 vigiliae
1098 1770 1414 1846 molestae,
1445 1789 1707 1830 somnus
1733 1769 2120 1847 irrequietus,
2152 1766 2330 1828 cibus
2356 1764 2665 1842 insipidus

265 1867 496 1939 omnis,
552 1867 761 1945 ipsum
816 1887 1054 1946 quoque
1110 1868 1431 1929 Musarum
1478 1869 1777 1941 studium,
1825 1866 2141 1947 quondam
2195 1865 2449 1926 Vnicum
2504 1863 2667 1923 vitae
2696 1885 2757 1919 ιο

265 1963 584 2038 solatium,
616 1964 866 2025 fastidio
894 1965 1030 2026 fuit.
1118 1966 1506 2044 Adeousque,
1539 1965 1630 2027 mi
1666 1967 1926 2041 Seruati,
1959 1966 2122 2026 nihil
2158 1967 2253 2025 est
2279 1962 2441 2042 quod
2468 1962 2666 2021 animi

266 2063 397 2123 mei
451 2082 629 2123 curas
684 2063 939 2139 diluere,
995 2065 1155 2143 quod
1211 2064 1551 2125 exhilarare
1604 2066 1815 2144 possit,
1869 2067 1932 2126 te
1976 2085 2099 2124 vno
2147 2063 2307 2123 mihi
2351 2062 2660 2139 adempto,

267 2161 553 2240 Denique
596 2161 730 2239 ipsa
776 2163 1002 2223 frontis
1050 2183 1222 2225 meae
1267 2164 1597 2239 moestitia,
1644 2165 1861 2225 vultus
1900 2163 2120 2240 pallor,
2165 2162 2490 2222 oculorum
2529 2158 2667 2219 sub·

268 2259 477 2321 tristis
544 2260 801 2321 deiectio
869 2261 1051 2322 facile
1105 2262 1243 2334 tibi,
1299 2265 1354 2324 si
1416 2263 1803 2333 attendisses,
1859 2263 2143 2323 internos
2208 2260 2406 2322 animi
2459 2258 2668 2319 luctus

270 2358 544 2419 indicare
583 2360 939 2438 potuerunt.
1025 2361 1117 2421 At
1165 2363 1237 2420 tu
1282 2361 1525 2439 tygride
1567 2361 1875 2421 crudelior
1916 2362 2050 2420 tam
2088 2358 2269 2419 facile
2309 2357 2668 2418 dissimulas
2698 2370 2755 2422 Ῐ5

270 2457 487 2517 omnia
511 2476 583 2516 ac
611 2458 667 2518 si
694 2458 771 2518 de
800 2457 1045 2519 Erasmi
1071 2458 1169 2519 tui
1195 2460 1396 2520 salute
1426 2458 1694 2532 nihilad
1725 2463 1786 2518 te
1814 2459 2122 2519 attineret.
2207 2457 2353 2518 Heu
2390 2456 2670 2516 crudeles

269 2555 536 2632 animos,
593 2556 749 2619 heus
802 2556 1125 2618 hominem
1181 2558 1517 2619 insanum!
1581 2559 1877 2620 Sentiunt
1924 2557 2026 2618 vel
2072 2555 2491 2618 atrocissimae
2548 2554 2670 2614 bel-

267 2653 413 2716 luae
490 2655 721 2716 amoris
785 2656 1113 2729 affectum;
1184 2656 1550 2719 adamantes
1621 2656 1944 2719 redamant
2017 2655 2333 2734 ingenitae
2404 2654 2669 2715 feritatis

270 2754 686 2814 immemores,

356 2852 524 2912 Sunt
550 2852 804 2930 quidem
832 2852 1021 2913 huius
1057 2854 1149 2913 rei
1189 2856 1467 2933 exempla
1495 2856 1864 2930 innumera3
1904 2853 2014 2913 sed
2053 2872 2129 2913 ex
2154 2849 2443 2930 pluribus
2470 2867 2670 2909 vnum
2698 2869 2766 2904 πο

270 2950 597 3027 proferam.
687 2950 926 3011 Ferunt
978 2954 1257 3012 auctores
1315 2954 1627 3031 quendam
1682 2953 2137 3013 adolescentem
2191 2949 2483 3009 educasse
2543 2947 2672 3007 dra·

272 3067 497 3108 eonem
538 3048 834 3110 dilectum
875 3048 1230 3110 admodum.
1313 3055 1402 3113 At
1444 3051 1552 3113 vbi
1579 3051 1869 3126 excreuit,
1902 3049 2011 3110 ille
2048 3050 2112 3109 et
2149 3051 2404 3107 naturae
2431 3045 2672 3106 feritate

271 3148 337 3206 et
385 3146 551 3207 mole
592 3146 835 3207 belluae
880 3147 1134 3208 territus
1179 3167 1217 3209 a
1258 3168 1325 3209 se
1365 3150 1435 3210 in
1474 3151 1706 3211 siluam
1761 3149 2048 3228 protinus
2102 3144 2344 3207 abiecit.
2423 3143 2672 3206 Accidit

271 3244 437 3305 forte
480 3244 679 3305 multo
717 3248 858 3323 post
900 3248 1195 3323 tempore,
1226 3251 1297 3309 vt
1337 3249 1392 3309 is
1419 3248 1661 3310 deserta
1699 3268 2033 3327 peragrans
2067 3248 2386 3308 latronum
2427 3242 2674 3304 insidiis

272 3344 867 3405 circumueniretur:
938 3342 1198 3407 eiulauit
1253 3346 1441 3407 homo
1495 3348 1876 3408 moriturum
1945 3367 2012 3408 se
2079 3345 2333 3406 videns:
2404 3344 2672 3403 clamore
2703 3358 2763 3409 25

273 3442 516 3503 excitus
559 3442 741 3502 draco
783 3462 1000 3503 vocem
1041 3444 1355 3520 quondam
1403 3445 1502 3506 sui
1551 3446 1810 3507 nutricii
1849 3445 2145 3525 agnouit:
2206 3442 2483 3522 prosiliit
2527 3441 2671 3502 ilico

272 3560 544 3619 eumque
586 3540 661 3600 de
704 3540 1023 3600 latronum
1066 3541 1313 3603 feritate
1356 3544 1605 3622 eripuit.
1691 3543 1866 3617 Ecce,
1904 3544 1996 3604 mi
2043 3542 2307 3616 Seruati,
2356 3542 2668 3614 dracones,

272 3639 507 3711 leones,
556 3659 740 3699 canes
781 3642 1064 3701 amantes
1104 3660 1171 3701 se
1211 3644 1466 3717 amant;
1524 3645 1588 3703 et
1631 3646 1704 3704 tu
1748 3644 1845 3703 tui
1881 3661 2093 3703 amore
2132 3644 2500 3720 pereuntem
2535 3659 2675 3699 con·

272 3737 512 3797 temnis
530 3739 565 3800 ⁴?
645 3738 822 3815 Quod
863 3740 1028 3800 feras
1071 3741 1289 3812 mouit,
1330 3742 1395 3801 te
1434 3741 1760 3802 hominem
1800 3744 1862 3802 et
1911 3741 2164 3819 quidem
2218 3738 2674 3800 adolescentem

275 3856 530 3898 mouere
576 3856 703 3898 non
751 3840 1006 3916 potest?
1087 3839 1270 3900 Esset
1316 3839 1569 3918 quidem
1621 3839 1920 3900 nonnihil
1975 3859 2100 3917 quo
2143 3841 2206 3899 te
2248 3855 2559 3915 purgares,
2619 3835 2673 3895 si
2703 3849 2768 3900 ³0

275 3935 427 4013 quid
465 3935 748 4010 arduum,
781 3936 987 4015 siquid
1025 3937 1288 4009 difficile,
1318 3938 1524 4017 siquid
1561 3959 1598 3999 a
1635 3939 1869 3999 virtute
1906 3938 2185 3999 alienum
2212 3955 2249 3996 a
2277 3939 2338 3997 te
2379 3938 2668 4012 peterem.

278 4034 441 4111 Quid
484 4053 600 4112 ego
630 4036 695 4094 te
728 4054 899 4095 orem
940 4038 1075 4097 tute
1117 4040 1283 4097 certe
1324 4036 1607 4098 conscius
1648 4057 1733 4112 es,
1767 4037 1934 4115 quod
1973 4056 2103 4096 non
2139 4033 2418 4095 muneris
2454 4034 2673 4112 gratia,

275 4151 402 4192 non
448 4131 734 4194 beneficii
783 4133 975 4193 vllius
1023 4135 1312 4212 cupidine
1358 4139 1421 4195 te
1464 4138 1604 4196 tum
1644 4136 1872 4195 misere
1914 4137 2053 4194 tum
2093 4133 2499 4211 pertinaciter
2539 4150 2679 4192 con·

275 4234 545 4292 sectatus
586 4250 747 4291 sum.
840 4231 1003 4307 Quid
1039 4233 1283 4311 igitur?
1340 4234 1615 4294 Tantum
1649 4252 1792 4293 ama
1831 4234 2164 4293 amantem.
2249 4229 2411 4306 Quid
2451 4231 2569 4291 hac
2611 4248 2679 4288 re

278 4329 535 4402 facilius,
574 4328 727 4408 quid
769 4328 1120 4407 iucundius,
1152 4331 1301 4408 quid
1344 4330 1614 4409 ingenuo
1654 4330 1865 4392 animo
1909 4329 2160 4407 dignius
2181 4330 2214 4390 ⁶?
2265 4329 2557 4403 Tantum,
2592 4327 2680 4387 in·
2707 4338 2768 4389 35

280 4447 476 4505 quam,
504 4448 670 4503 ama,
704 4429 772 4488 et
798 4428 1027 4489 sufficit
1053 4429 1234 4491 mihi.

346 4707 417 4755 15-
450 4692 800 4757 dissimulas]
826 4692 877 4740 A
902 4693 1193 4754 repetition
1217 4691 1277 4740 os
1294 4693 1387 4742 the
1411 4693 1601 4757 charge
1625 4692 1782 4742 made
1806 4694 1867 4740 in
1891 4693 1985 4754 Ep.
2013 4707 2055 4754 7.
2081 4707 2160 4752 41.
2207 4690 2284 4741 cf.
2313 4691 2368 4740 ll.
2392 4707 2470 4754 42,
2496 4704 2572 4751 55,
2596 4690 2677 4749 85.
