3355 5380
700 359 818 417 558
1404 352 1782 417 LETTERS
1838 351 1944 414 or
1997 350 2399 414 ERAsts
2913 345 3108 432 [1514

693 511 1079 574 occasionem
1125 510 1399 586 tantam,
1452 510 1603 590 quin
1665 508 1768 570 vel
1819 508 2032 587 paucis
2097 527 2210 585 pro
2265 505 2567 585 temporis
2629 504 2927 583 angustia
2990 505 3113 566 tibi

692 608 1046 683 scriberem,
1088 608 1398 687 copiosius
1441 612 1584 687 post
1631 607 1996 685 scripturus,
2033 605 2143 667 vbi
2188 604 2415 666 certior
2451 605 2747 665 offeretur
2785 604 2900 682 qui
2942 605 3112 682 quod

692 705 995 786 scripsero
1021 707 1301 785 perferat.

709 848 716 857 -
774 805 998 866 Habeo
1069 805 1274 866 multo
1347 805 1688 864 maximam
1758 801 2144 863 humanitati
2211 804 2357 862 t'uae
2434 802 2716 879 gratiam,
2790 802 2907 880 qui
2980 821 3113 862 non

610 927 670 964 20
695 903 1005 981 grauatim
1064 902 1225 963 mihi
1288 922 1410 980 qua
1474 902 1663 962 isthic
1730 901 2084 962 conditione
2146 902 2213 960 et
2277 919 2386 978 spe
2447 898 2645 974 viuaS,
2699 899 2982 978 quidque
3044 900 3118 959 in

693 1002 924 1063 studiis
983 1020 1319 1079 componas
1378 1000 1658 1078 quotidie
1722 1000 1890 1073 noui,
1948 998 2339 1077 significaris.
2422 998 2871 1059 Gratissimum
2938 999 3114 1058 enim

695 1105 758 1161 et
812 1099 1337 1162 iucundissimum
1391 1098 1553 1160 mihi
1620 1100 1717 1160 est
1784 1098 2002 1159 audire
2059 1097 2136 1157 de
2201 1099 2310 1157 tua
2374 1096 2540 1157 bona
2593 1097 2977 1172 valetudine,
3040 1097 3120 1156 de

699 1218 909 1261 rerum
972 1201 1226 1259 tuarum
1292 1216 1586 1276 prospero
1653 1214 1943 1256 successu
2012 1196 2215 1273 deque
2280 1195 2567 1273 operibus
2627 1214 2789 1272 quae
2852 1213 2934 1253 ex
3005 1198 3117 1255 tua

698 1297 943 1360 officina
1015 1296 1397 1357 emittuntur
1473 1294 1755 1373 quotidie
1843 1297 1904 1355 et
1979 1291 2287 1371 singulari
2357 1294 2643 1354 omnium
2709 1293 3115 1354 eruditorum

610 1414 670 1464 25
696 1394 1110 1474 gratulatione
1147 1396 1212 1454 et
1254 1392 1665 1453 admiratione
1708 1392 2119 1469 excipiuntur,
2166 1391 2300 1451 siue
2342 1395 2414 1452 tu
2459 1411 2537 1452 ex
2581 1391 2845 1468 optimis
2894 1391 3120 1452 Grecis

700 1493 926 1555 Latina
969 1492 1157 1553 facias
1202 1491 1424 1552 itidem
1473 1490 1727 1570 optima,
1774 1489 1911 1550 siue
1960 1509 2133 1551 sacra
2178 1491 2403 1551 tractes
2452 1490 2835 1568 professione
2886 1490 3011 1550 ista
3052 1494 3117 1550 et

698 1592 979 1654 doctrina
1027 1589 1330 1669 singulari
1370 1590 1441 1650 in
1486 1589 1709 1667 primis
1751 1588 1958 1665 digna,
2009 1588 2145 1649 siue
2186 1588 2256 1647 in
2295 1588 2637 1666 prophanis
2677 1589 2970 1663 verseriS,
3020 1588 3116 1649 vti

698 1691 1058 1770 grauiorum
1104 1688 1459 1750 studiorum
1508 1687 1751 1749 labores
1803 1692 1865 1748 et
1924 1687 2130 1749 taedia
2174 1687 2295 1747 hoc
2341 1686 2542 1748 veluti
2588 1687 2808 1748 solatio
2850 1687 3113 1748 interim

699 1788 860 1849 feras
905 1786 1164 1848 facilius.
1271 1785 1450 1846 Nihil
1510 1790 1721 1847 autem
1786 1788 1882 1846 est
1939 1785 2105 1863 quod
2170 1786 2335 1846 mihi
2388 1786 2659 1846 accidere
2720 1786 2926 1863 possit
2996 1787 3115 1847 hoc

611 1906 675 1955 30
700 1888 980 1963 tempore
1023 1883 1261 1962 gratius
1308 1903 1498 1962 quam
1546 1883 1601 1944 si
1646 1882 1799 1962 quid
1842 1903 2058 1944 eorum
2116 1883 2391 1961 accipere
2430 1883 2665 1961 possim
2710 1902 2871 1961 quae
2923 1886 2996 1944 tu
3045 1885 3115 1943 in

701 1984 865 2044 Noui
904 1984 1293 2044 Testamenti
1340 1982 1810 2059 castigationem
1852 1981 1954 2042 vel
2000 1982 2070 2041 in
2113 1982 2757 2060 Hieronymianarum
2809 1982 3117 2060 Epistola-

699 2101 844 2142 rum
887 2079 1370 2141 elucidationem
1411 2078 1729 2156 scripsisti.
1833 2079 2270 2140 Renumerabo
2319 2079 2523 2141 libens
2562 2080 2939 2153 mercedem,
2985 2100 3115 2141 non

700 2179 840 2239 dico
895 2179 1150 2255 dignam
1199 2177 1386 2257 (quod
1447 2178 1618 2238 enim
1676 2177 1828 2239 satis
1885 2178 2153 2256 dignum
2203 2178 2564 2239 istiusmodi
2615 2178 3122 2256 preciosissimas

701 2276 926 2337 mercis
968 2276 1311 2355 precium?)
1358 2276 1466 2337 sed
1507 2295 1701 2354 quam
1740 2274 1993 2337 aliunde
2035 2277 2311 2354 accipere
2356 2278 2592 2354 possis:
2643 2275 2815 2355 quod,
2851 2277 3118 2355 quidem

614 2396 674 2448 35
698 2374 891 2435 fuerit
935 2375 1200 2436 minime
1242 2374 1507 2451 difficile,
1557 2375 1612 2436 si
1669 2375 1797 2436 iam
1844 2375 1962 2435 hae
2011 2379 2154 2436 tuae
2206 2378 2643 2437 annotationes
2696 2394 2807 2436 seu
2855 2376 3115 2454 castiga-

699 2476 904 2536 tiones
974 2473 1373 2536 excusoribus
1435 2475 1572 2535 ‘sint
1639 2473 2024 2535 commissae.
2125 2459 2420 2535 'nouauit
2489 2474 2650 2534 mihi
2708 2474 3119 2551 Augustinus

700 2574 954 2651 Aggeus
995 2591 1213 2633 recens
1261 2577 1400 2633 tum
1447 2573 1827 2649 impressum
1869 2572 2198 2633 Plutarchi
2251 2572 2484 2633 librum
2533 2574 2626 2633 De
2669 2573 2906 2633 tuenda
2949 2572 3117 2635 bona

697 2670 1073 2734 valetudine.
1196 2670 1266 2733 Is
1313 2689 1531 2749 nuper,
1582 2674 1652 2733 vt
1699 2670 1912 2732 omnia
1957 2673 2067 2732 tua
2118 2671 2474 2750 plausibilia
2513 2674 2663 2733 sunt
2698 2671 2916 2745 doctis5
2969 2676 3122 2751 quia

702 2790 738 2830 a
764 2773 829 2831 te
858 2771 1201 2831 Latinitate
1229 2770 1512 2845 donatus,
1546 2769 1811 2831 Louanii
1841 2775 2105 2832 excusus
2133 2773 2245 2831 est.

610 2892 676 2941 40
784 2871 1074 2931 Ceterum
1112 2869 1195 2929 de'
1231 2888 1372 2929 mea
1409 2868 1773 2929 valetudine
1813 2867 2017 2946 accipe
2055 2888 2263 2946 pauca,
2294 2889 2367 2929 ea
2402 2888 2558 2945 quae
2594 2867 2714 2929 tibi
2748 2873 2942 2929 erunt
2986 2889 3117 2931 non

699 2968 1076 3043 iniucunda;
1134 2966 1379 3028 vtinam
1429 2968 1619 3027 etiam
1667 2967 1913 3044 possint
1960 2986 2096 3027 esse
2144 2967 2339 3040 vtilia,
2386 2971 2459 3027 vt
2512 2986 2613 3028 me
2658 2967 2862 3044 facias,
2911 2990 3115 3046 quum

700 3067 979 3144 primum
1039 3067 1217 3143 potes
1272 3084 1383 3143 per
1438 3066 1645 3126 ocium
1705 3068 1769 3125 et
1826 3065 2229 3140 occasionem,
2276 3065 2354 3125 de
2407 3064 2591 3125 rebus
2642 3064 2773 3125 tuis
2810 3066 3116 3127 omnibus

701 3163 1042 3225 certiorem.
1131 3164 1280 3242 Ego,
1344 3166 1416 3222 vt
1476 3162 1598 3223 tibi
1652 3163 1887 3241 scripsi·
1931 3166 2074 3224 ante
2129 3182 2389 3234 annum,
2428 3162 2845 3224 sacerdotium
2912 3164 3120 3226 habeo

701 3262 764 3322 M
770 3261 1138 3340 iddelburgi,
1201 3261 1615 3340 praebendam
1704 3259 1994 3323 videlicet
2067 3260 2487 3322 canonicalem
2571 3280 2758 3339 quam
2841 3266 3116 3338 vocant;

612 3381 674 3432 45
701 3379 840 3420 eam
922 3359 1086 3420 mihi
1165 3359 1338 3421 dedit
1418 3358 1702 3420 inaudita
1776 3359 1894 3420 hoc
1972 3359 2217 3420 saeculo
2292 3358 2701 3420 beneficentia
2771 3359 3123 3438 Philippus·

701 3459 1040 3536 Hispanus,
1091 3457 1261 3518 nihil
1318 3457 1560 3533 merito,
1592 3475 1737 3517 ¹non
1783 3456 2106 3531 ambienti,
2158 3457 2289 3518 imo
2343 3478 2424 3518 ne
2481 3457 2779 3535 cogitanti
2826 3459 3108 3537 quidem,

702 3555 938 3615 nedum
994 3574 1121 3615 non
1181 3556 1476 3634 speranti.
1578 3554 1706 3616 Hic
1773 3554 1898 3615 fuit
1964 3556 2322 3633 nuperrime
2392 3555 2819 3633 compluribus
2888 3556 3116 3618 diebus

701 3651 1045 3727 nobiscum,
1095 3674 1241 3714 cum
1288 3673 1362 3715 eo
1410 3653 1690 3714 multum
1736 3672 1882 3731 sepe
1929 3672 2284 3714 sermonem
2331 3652 2525 3714 habui
2567 3653 2761 3714 variis
2800 3654 2880 3714 de
2922 3655 3119 3717 rebus

701 3754 765 3811 et
806 3749 1073 3811 subinde
1114 3751 1193 3812 de
1227 3750 1497 3826 litteris;
1553 3755 1652 3813 est
1687 3751 1861 3812 enim
1899 3771 2028 3813 non
2072 3752 2445 3826 illitteratus,
2493 3754 2602 3814 sed
2650 3753 3015 3815 litterarum
3048 3760 3115 3816 et

614 3869 678 3921 50
701 3850 1122 3909 litteratorum
1184 3849 1659 3910 amantissimus
1719 3854 1783 3911 et
1845 3871 2144 3928 perquam
2214 3851 2555 3912 studiosus.
2670 3851 2814 3912 Feci
2874 3857 3105 3930 autem,

700 3950 770 4009 vt
813 3964 1064 4023 semper
1103 3945 1269 4007 soleo
1315 3947 1561 4024 quoties
1601 3947 1823 4008 incidit
1871 3948 2251 4025 colloquium
2293 3949 2369 4011 de
2411 3950 2658 4021 litteris,
2696 3949 3115 4013 honorificam

800 4100 883 4148 33.
915 4084 1066 4134 enim
1096 4087 1212 4133 LB:
1244 4084 1336 4133 oni
1359 4087 1463 4133 MS.
1629 4100 1710 4147 39.
1751 4086 2040 4136 Latinitati
2064 4091 2185 4136 MS:
2222 4102 2337 4136 corr.
2360 4090 2459 4137 ΕΒ.
2530 4090 2597 4144 Cs.
2621 4091 2718 4136 LB.
2739 4092 2870 4146 App.
2899 4090 3014 4139 108.

998 4152 1078 4211 46.
1116 4150 1381 4199 ambienti
1403 4153 1486 4198 LB
1510 4167 1523 4199 :
1554 4153 1857 4214 ambigenti
1880 4156 1983 4214 MS,
2009 4167 2045 4215 g
2059 4158 2218 4211 postea
2241 4156 2401 4202 addito
2423 4157 2484 4200 ab
2504 4158 2805 4202 amanwwi.

766 4281 845 4328 37.
885 4265 1194 4330 Plutarchi]
1224 4266 1338 4314 The
1370 4265 1595 4315 London
1625 4265 1849 4316 edition.
1956 4266 2027 4330 (c.
2070 4269 2404 4331 1477-1529),
2443 4267 2583 4317 Lord
2628 4267 2689 4317 of
2734 4269 2992 4331 Spangen
3047 4273 3110 4321 in

704 4333 784 4382 Cf.
814 4332 1054 4395 Ep..268.
1952 4331 2264 4396 Schieland,
2301 4335 2397 4382 the
2431 4332 2648 4382 district
2681 4334 2858 4384 round
2895 4335 3118 4386 Rotter·

767 4412 846 4459 39.
899 4392 1156 4458 Louanii]
1211 4398 1293 4460 By
1335 4397 1435 4447 Th.
1483 4396 1739 4458 Martens,
1792 4412 1851 4446 10
1951 4396 2099 4459 dam,
2120 4398 2245 4448 who
2267 4398 2694 4478 had-succeeded
2723 4400 2814 4449 his
2841 4400 3026 4477 father
3047 4405 3108 4452 in

707 4463 846 4589 Nat.
855 4476 1253 4644 c:gifaffibe'ndam
1362 4528 1432 4577 In
1510 4528 1604 4577 the
1686 4530 1700 4557 ‘
1717 4528 1765 4576 N
1768 4543 1850 4577 ew
1951 4463 3114 4595 gilgrssizffllgdgidgtvlvffitugfdfflggtgss

705 4594 853 4643 Chur
927 4595 961 4657 ,⁹
983 4596 1062 4645 St.
1092 4595 1224 4644 Pete
1271 4611 1312 4644 s.
1951 4594 2059 4643 and
2081 4595 2284 4658 having
2306 4595 2422 4645 sold
2448 4610 2551 4646 one
2582 4597 2643 4645 os
2663 4596 2752 4645 his
2785 4596 3109 4662 hereditat)-

767 4674 848 4723 45·
913 4661 1200 4723 Philippus
1282 4659 1584 4732 Hispanus]
1663 4658 1857 4722 Philip
1949 4659 2239 4724 lordships.
2281 4660 2801 4730 See-GoethalaDict.
2824 4665 3007 4714 Θόπόαὶ.
3029 4666 3111 4716 iv-
