3355 5380
681 388 791 445 182
1378 384 1755 445 LETTERS
1813 385 1920 445 OF
1974 386 2376 447 ERASMUS
2885 384 3073 468 [¹⁴97

676 546 1003 621 gaudeant,
1033 544 1464 621 immensoque
1484 542 1696 620 spacio
1716 542 2048 620 perniciter
2067 547 2282 606 exacto
2309 564 2456 605 suos
2482 564 2727 606 amores
2756 545 3075 609 inuisant:

674 644 809 703 siue
857 663 1038 703 mens
1086 641 1383 717 humana,
1430 641 1729 718 quoniam
1780 641 1964 718 ignea
2004 645 2100 702 est
2148 641 2466 720 miraeque
2513 642 2831 720 agilitatis,
2882 643 3076 705 simul

674 746 859 820 atque
900 742 1115 803 omnia
1158 739 1433 819 corporis
1475 759 1707 818 organa
1749 740 2133 801 somnolenti
2174 740 2274 800 illi
2313 760 2574 818 vapores
2616 744 3070 820 occupauermt,

673 841 787 901 illa
827 840 1086 901 interim
1128 839 1249 901 ocii
1290 838 1628 918 impatiens
1687 838 1912 900 crassis
1969 838 2099 898 illis
2154 837 2405 899 nebulis
2451 839 2820 916 obluctatur,
2865 845 2930 903 et
2971 842 3072 903 vel

590 962 650 999 20
673 937 809 1015 ipsa
835 938 958 1000 sibi
984 940 1144 1001 fixas
1170 938 1305 999 illic
1332 936 1644 1016 imagines
1670 940 1950 1011 renouat,
1983 936 2084 997 vel
2111 956 2189 996 ex
2217 936 2484 997 diuersis
2510 956 2814 1015 vaporum
2843 939 3073 1001 discur-

673 1037 848 1099 sibus
891 1037 1170 1098 diuersas
1210 1035 1333 1098 sibi
1374 1056 1582 1097 rerum
1626 1035 1813 1096 facies
1849 1034 2171 1112 depingit:
2212 1033 2363 1110 siue,
2411 1037 2483 1094 vt
2525 1039 2744 1113 poetae
2786 1043 3069 1115 narrant,

673 1155 780 1195 rex
834 1136 1091 1214 quidam
1144 1134 1607 1215 placidissimus
1652 1154 1726 1194 ac
1773 1134 1927 1194 deus
1975 1132 2242 1193 humani
2295 1135 2546 1210 generis
2594 1134 3073 1199 amantissimus

672 1253 859 1311 quem
915 1253 1211 1295 somnum
1273 1236 1517 1308 vocant,
1577 1231 1686 1292 vbi
1748 1235 1922 1293 artus
1983 1250 2329 1308 sensusque
2384 1232 2751 1293 mortalium
2806 1234 3073 1297 diutinis

672 1332 875 1410 operis
920 1332 1211 1409 fatigatos
1257 1330 1523 1408 aspersit
1572 1349 1756 1391 succo
1797 1330 2057 1404 Letheo,
2097 1328 2317 1408 suique
2361 1328 2595 1391 oblitos
2644 1330 2816 1393 dulci
2862 1333 3074 1410 quiete

588 1455 645 1504 25
672 1430 889 1507 reficit,
966 1430 1339 1508 Morpheum
1410 1429 1723 1506 quendam
1792 1428 2231 1511 fingendarum
2307 1429 2655 1491 formarum
2727 1431 3070 1493 mirificum

669 1529 975 1590 artificem
1005 1528 1072 1587 in
1100 1531 1297 1588 terras
1326 1526 1581 1601 emittit,
1614 1526 1724 1604 qui
1751 1526 1880 1586 leui
1914 1526 2131 1586 volatu
2168 1545 2338 1587 nunc
2372 1526 2442 1587 in
2477 1528 2666 1589 huius
2692 1549 2863 1591 nunc
2895 1530 3071 1592 illius

671 1627 1026 1688 cubiculum
1065 1625 1331 1703 illapsus
1370 1628 1554 1686 notas
1590 1625 1927 1702 vnicuique
1962 1624 2270 1702 imagines
2312 1630 2778 1704 repraesentat:
2820 1628 2957 1690 siue
2992 1648 3071 1689 ex

669 1727 842 1787 vlmo
864 1724 976 1785 illa
994 1724 1240 1801 ingenti
1260 1723 1625 1784 huiusmodi
1641 1722 1794 1798 visa,
1817 1722 2089 1801 geminis
2106 1723 2302 1800 portis
2318 1724 2397 1785 ad
2416 1744 2533 1785 nos
2550 1725 2820 1788 euolant.
2891 1727 3069 1803 Quod

670 1827 721 1887 si
752 1845 883 1886 non
918 1823 1133 1884 omnia
1164 1821 1561 1883 mentiuntur
1595 1824 1828 1899 poetae,
1859 1839 2084 1882 cornea
2123 1825 2303 1898 porta
2342 1822 2590 1883 venisse
2623 1843 2754 1884 non
2787 1822 3068 1885 dubitem

584 1947 648 1995 30
670 1924 834 2003 quod
873 1942 1072 2000 nuper
1103 1921 1267 1981 mihi
1307 1920 1533 1980 accidit
1572 1919 1911 1994 somnium,
1943 1918 2129 1997 longe
2169 1920 2459 1981 omnium
2500 1921 3069 1997 iucundissimum;

669 2024 831 2101 quod
862 2043 965 2083 me
997 2021 1249 2099 quidem
1285 2019 1502 2080 ordine
1545 2038 1799 2078 narrare
1839 2037 1968 2079 non
2008 2017 2265 2097 pigebit,
2299 2018 2486 2081 modo
2526 2019 2647 2080 tibi
2686 2019 2904 2081 audire
2939 2040 3068 2082 non

668 2123 751 2183 sit
777 2120 1134 2181 molestum.

750 2218 1045 2282 Calendis
1071 2216 1364 2295 Augusti,
1388 2214 1497 2292 qui
1525 2214 1779 2293 quidem
1807 2214 1972 2275 mihi
2000 2214 2134 2276 dies
2159 2216 2451 2277 omnium
2478 2216 2683 2277 multo
2710 2217 3070 2279 candidissi-

669 2339 813 2380 mus
840 2316 1090 2390 effulsit,
1125 2334 1269 2375 cum
1300 2313 1516 2386 hilare,
1552 2312 1846 2388 suauiter,
1880 2332 2257 2391 prorsusque
2283 2315 2456 2375 laute
2484 2314 3067 2376 coenauissemus—

583 2432 642 2481 35
672 2417 944 2494 Quinam
971 2418 1034 2475 et
1070 2416 1239 2491 quot,
1270 2411 1519 2489 rogabis
1534 2413 1568 2472 ⁴?
1649 2411 1803 2472 Tres
1839 2411 2101 2487 animae,
2135 2412 2363 2490 quibus
2401 2412 2567 2474 nihil
2595 2433 2874 2491 vnquam
2901 2415 3070 2474 terra

667 2515 819 2577 tulit
852 2512 1131 2575 sanctius
1170 2509 1633 2586 candidiusque,
1666 2510 1972 2571 Erasmus
1997 2530 2165 2572 nunc
2199 2510 2383 2589 plane
2410 2513 2635 2585 noster,
2668 2510 3068 2589 Augustinus

667 2610 1023 2674 communis
1049 2610 1303 2687 quidem
1334 2609 1623 2670 omnium
1648 2608 1904 2684 amicus,
1928 2610 2068 2669 tum
2096 2608 2216 2669 tibi
2242 2610 2637 2686 peculiariter
2662 2610 2924 2685 deditus,
2950 2630 3067 2688 ego

667 2712 895 2774 tertius
920 2734 935 2786 ς
976 2713 1050 2771 tu
1076 2729 1204 2771 non
1234 2708 1495 2770 omnino
1521 2708 1758 2769 aberas.
1845 2707 2195 2770 Bellissimi
2231 2728 2486 2786 prorsus
2512 2709 2898 2786 homunculi,
2921 2713 3062 2772 tum

667 2815 918 2888 tempus
952 2812 1190 2887 aptum,
1229 2807 1404 2868 locus
1442 2806 1654 2879 lectus,
1701 2809 2036 2883 apparatus
2077 2827 2207 2867 non
2248 2807 2582 2885 neglectus.
2672 2808 2929 2885 Quoties
2971 2808 3063 2868 ibi

578 2929 643 2975 40
667 2911 977 2972 salutatus
1018 2906 1420 2968 Christianus
1435 2907 1469 2966 ⁴?
1535 2904 1781 2982 quoties
1827 2904 2191 2966 nominatus
2207 2906 2240 2965 ¹?
2306 2905 2548 2983 quoties
2606 2908 3015 2985 desyderatus
3032 2909 3065 2968 ¹?

668 3009 838 3070 Num
893 3026 1082 3084 quem
1136 3005 1391 3066 dextrae
1453 3003 1623 3064 auris
1684 3002 1991 3063 tinnitum
2054 3003 2328 3077 sensisti,
2393 3004 2747 3065 Christiane
2766 3007 2799 3066 ⁴?
2908 3004 3065 3066 Post

664 3126 914 3168 mensas
957 3103 1260 3165 secundas
1300 3100 1877 3179 prodeambulatum
1918 3103 2030 3175 est,
2068 3104 2132 3162 et
2161 3101 2416 3179 quidem
2454 3100 2589 3162 illic
2624 3101 2735 3162 vbi
2771 3121 2838 3162 se
2870 3101 3062 3163 semel

664 3210 852 3282 atque
906 3203 1137 3263 iterum
1190 3203 1401 3260 tecum
1462 3198 1807 3276 spatiatum
1861 3198 2152 3260 narrabat
2217 3200 2534 3275 Erasmus,
2596 3220 2742 3262 cum
2797 3199 3061 3262 mellitis

662 3300 1059 3365 sermonibus
1112 3298 1270 3359 ebrii
1317 3298 1485 3358 inter
1526 3297 1743 3358 vineta
1794 3299 2112 3375 reptantes
2167 3297 2551 3373 oben-aretis,
2602 3301 2743 3360 tum
2797 3316 2943 3358 cum
2997 3300 3061 3358 te

575 3419 637 3468 45
663 3399 949 3463 facundis
975 3397 1108 3457 illis
1133 3397 1266 3458 suis
1292 3394 1647 3457 hortatibus
1672 3415 1711 3456 a
1738 3395 2191 3458 sordidissimis
2219 3396 2387 3457 curis
2412 3400 2702 3458 auocaret
2730 3398 3061 3473 totumque

664 3499 731 3558 in
758 3497 1087 3557 literarum
1122 3514 1400 3555 amorem
1439 3495 1699 3569 raperet.
1769 3494 2161 3570 Agnoscisne
2203 3494 2430 3572 locum,
2478 3494 2838 3557 Christiane
2854 3495 2889 3555 ⁰?
2957 3492 3061 3554 Ibi

663 3617 778 3657 nos
827 3595 1128 3655 Erasmus
1180 3591 1452 3653 literatis
1503 3590 1735 3652 fabulis
1791 3592 1995 3653 multo
2049 3592 2304 3669 quidem
2352 3592 2588 3654 lautius
2638 3592 2815 3669 pauit
2868 3610 3059 3669 quam

663 3713 867 3755 coena.
954 3692 1131 3753 Adeo
1160 3690 1365 3751 multa
1400 3689 1717 3766 repetebat
1753 3689 2013 3766 antiqua
2048 3691 2226 3750 tanto
2266 3690 2564 3752 orationis
2596 3691 2822 3768 lepore,
2857 3692 2929 3750 vt
2957 3708 3061 3748 me

661 3792 914 3870 quidem
957 3788 1212 3851 coelesti
1254 3788 1520 3866 quadam
1561 3785 1883 3864 voluptate
1932 3787 2255 3848 affiauerit.
2364 3789 2642 3850 Domum
2687 3787 2942 3862 reuersi,
2989 3787 3059 3847 in

575 3913 638 3962 50
661 3891 931 3952 multam
974 3890 1221 3950 noctem
1263 3887 1341 3947 de
1381 3890 1446 3947 te
1487 3904 1843 3946 sermonem
1883 3886 2209 3946 traximus.
2298 3887 2474 3947 Itum
2516 3889 2613 3947 est
2652 3885 2761 3946 vix
2802 3886 3059 3946 demum

662 3988 1023 4063 dormitum,
1078 4006 1182 4046 me
1236 3985 1488 4063 quidem
1542 3983 1770 4061 partim
1818 4003 1894 4043 ex
1947 4003 2137 4044 coena
2178 3987 2243 4045 et
2290 3984 2723 4061 potatiuncula
2769 3981 3054 4060 largiore,

661 4086 889 4166 partim
934 4105 1010 4145 ex
1058 4082 1495 4145 deambulandi
1544 4081 1755 4143 labore
1803 4081 1977 4159 (nam
2024 4082 2345 4159 pigritiam
2402 4103 2610 4144 meam
2657 4080 2815 4142 satis
2860 4081 3059 4157 nosti)

660 4203 919 4247 somnus
946 4182 1133 4244 altior
1160 4181 1479 4260 oppressit.
1569 4179 1671 4240 Ibi
1701 4199 1863 4254 vero,
1898 4180 2060 4257 quod
2083 4180 2174 4241 ait
2201 4178 2596 4254 Claudianus,

1103 4289 1334 4349 Omnia
1374 4307 1532 4365 quae
1573 4307 1760 4348 sensu
1803 4286 2147 4348 voluuntur
2187 4330 2205 4349 .
2251 4332 2265 4349 .
2315 4287 2562 4362 diurno,

567 4412 628 4461 55
1187 4389 1445 4448 Pectore
1485 4385 1691 4464 sopito
1731 4384 2002 4446 reddidit
2040 4385 2242 4446 amica
2282 4385 2474 4463 quies.

1307 4501 1385 4549 26.
1420 4499 1532 4549 leni
1552 4502 1615 4549 H.
1819 4514 1899 4561 27.
1936 4499 2054 4548 siue
2079 4503 2147 4550 F':
2182 4499 2326 4548 sicut
2348 4503 2411 4553 E.

718 4621 797 4670 28.
832 4618 1003 4681 vlmo]
1031 4618 1108 4666 cf.
1130 4599 1284 4678 Ver-g.
1308 4621 1431 4666 Aen.
1455 4616 1501 4663 6.
1529 4617 1643 4676 283.
1934 4617 2013 4677 38.
2049 4615 2377 4680 Bellissimi]
2402 4615 2570 4666 Varro
2591 4629 2682 4677 ap.
2705 4613 2843 4664 Gen.
2869 4627 2947 4675 13.
2977 4628 3053 4663 11.

832 4685 1065 4746 geminis
1087 4681 1283 4747 portis]
1306 4681 1383 4732 Cf.
1413 4680 1542 4732 ibid.
1568 4682 1748 4744 893—5.
1936 4696 2015 4742 53.
2049 4680 3054 4746 Claudianusho’ocnaflononstaffixss.
