3355 5380
270 345 465 430 ¹⁴89]
2623 359 2703 415 95

957 444 1057 506 18.
1147 441 1246 507 To
1291 441 1693 511 Commune
1739 443 2056 510 Gnaaan.

346 563 485 618 Vita
512 561 751 618 Erasini
778 582 835 635 p.
869 565 984 633 169.
2360 564 2631 639 (Steyn.)

355 650 531 708 Lond.
560 650 726 707 xxxi.
762 666 858 707 10:
896 650 1003 706 LB.
1029 648 1174 722 App.
1201 665 1323 721 409.
2371 652 2547 726 (1489
2564 655 2631 727 2>

372 790 689 839 Enasuvs
737 789 1244 838 ROTEBODAMVS
1289 788 1636 838 CORNELIO
1682 791 1949 840 POETAE
1994 792 2222 851 ATQVE
2264 793 2627 845 THEOLOGO

1245 892 1661 943 Doc'nssuto
1708 895 1764 943 8.

372 1009 618 1072 Pactu:
658 1008 969 1088 perspicio
1010 1029 1113 1070 me
1151 1029 1190 1070 a
1229 1013 1295 1070 te
1335 1010 1470 1070 fieri
1512 1010 1789 1088 plurimi,
1837 1010 2123 1072 omnium
2162 1011 2263 1072 vir
2304 1011 2697 1088 amicissime,

283 1128 435 1169 cum
464 1112 535 1169 tu
564 1107 770 1168 literis
798 1106 1014 1168 literas
1039 1107 1398 1169 accumulas
1417 1110 1647 1169 amoris
1674 1110 1739 1169 et
1765 1107 2239 1170 beneuolentiae
2260 1108 2479 1187 plenas
2503 1135 2521 1187 ς
2548 1133 2702 1191 quas

283 1212 361 1268 tu
408 1208 671 1285 quidem
720 1205 992 1284 ineptias
1037 1225 1237 1281 vocaS‚
1292 1226 1405 1283 ego
1448 1209 1512 1266 et
1561 1206 1897 1284 singularis
1941 1211 2089 1269 tuae
2128 1208 2462 1284 sapientiae
2517 1214 2702 1289 atque

281 1303 683 1383 eloquentiae
736 1302 987 1382 insigne
1032 1302 1350 1383 exemplar
1393 1306 1456 1365 et
1506 1305 1734 1383 optimi
1781 1306 1876 1367 tui
1925 1325 2071 1385 erga
2121 1325 2222 1367 me
2268 1306 2468 1367 animi
2508 1311 2702 1370 testes

282 1402 673 1465 certissimas
693 1402 979 1464 dixerim.
1051 1403 1134 1463 Et
1164 1402 1434 1481 quidem,
1460 1403 1550 1463 mi
1570 1403 1840 1478 Corneli,
1860 1404 1916 1463 si
1943 1407 2076 1465 tam
2104 1405 2421 1483 eleganter
2445 1407 2693 1485 ineptis,
2727 1424 2756 1475 5

280 1501 435 1579 quid
473 1519 704 1579 quaeso
750 1500 874 1561 erit
921 1500 1028 1561 vbi
1073 1500 1240 1561 vires
1279 1500 1681 1563 intenderis?
1759 1502 1869 1562 An
1916 1502 2084 1563 nosti
2127 1505 2191 1562 te
2236 1506 2698 1567 accommodare

277 1599 559 1677 tempori
586 1602 652 1659 et
678 1599 977 1676 personis,
1001 1599 1109 1678 qui
1138 1600 1334 1660 ardua
1360 1602 1423 1660 et
1451 1602 1665 1660 exacta
1694 1599 1964 1674 disertis,
1997 1600 2419 1679 negligentius
2446 1603 2700 1666 condita

278 1697 568 1776 proferas
593 1697 827 1776 ineptis
846 1699 880 1758 ⁴?
967 1697 1089 1758 Sed
1117 1698 1271 1758 haec
1299 1698 1485 1758 iocati
1511 1717 1749 1760 sumus.

363 1795 546 1872 Quod
596 1794 819 1856 scribis
860 1797 1004 1857 tuto
1045 1799 1107 1857 te
1150 1797 1318 1874 apud
1362 1817 1466 1856 me
1507 1796 1817 1874 deponere
1859 1796 2156 1875 quidquid
2198 1800 2454 1858 tuorum
2501 1798 2694 1860 habes

277 1894 752 1972 opusculorum,
775 1895 1005 1973 quippe
1026 1914 1211 1973 quem
1232 1893 1351 1955 tibi
1372 1894 1646 1954 amicum
1668 1894 1937 1971 fidelem,
1958 1898 2032 1955 vt
2051 1894 2289 1971 scribis,
2316 1894 2686 1974 studiosum,
2724 1924 2784 1958 10

278 1992 684 2068 beneuolum,
735 2012 866 2053 non
919 1993 1229 2068 inuidum,
1286 1993 1414 2053 iam
1461 1993 1706 2071 pridem
1760 2012 1894 2054 esse
1958 1993 2320 2071 persuasisti
2345 2014 2363 2068 ;
2420 1992 2565 2054 beni
2569 2015 2692 2074 gne

277 2090 536 2168 quidem
576 2090 655 2150 de
695 2110 797 2151 me
844 2092 1058 2167 sentis,
1107 2091 1385 2169 daboque
1419 2089 1636 2152 sedulo
1669 2111 1920 2169 operam
1960 2112 2039 2153 ne
2079 2092 2202 2152 ista
2244 2091 2320 2151 de
2366 2111 2468 2152 me
2515 2092 2689 2154 fallat

278 2190 511 2267 opinio.
600 2189 686 2250 Et
728 2189 784 2251 si
830 2209 1057 2268 parum
1105 2189 1383 2250 sermoni
1425 2190 1615 2250 fidem
1665 2190 2107 2266 accommodas,
2156 2190 2251 2250 fac
2297 2190 2689 2267 periculum;

276 2286 569 2348 inuenies
597 2291 766 2349 certe
792 2308 1005 2349 meum
1032 2287 1321 2364 officium,
1355 2287 1410 2348 si
1444 2286 1693 2365 quando
1717 2308 1790 2348 eo
1824 2308 1980 2366 opus
2012 2288 2291 2364 habebis,
2319 2288 2494 2351 nulla
2522 2289 2589 2349 in
2619 2309 2688 2350 re

276 2405 560 2464 vnquam
587 2387 817 2448 deesse.
907 2388 1106 2448 Porro
1148 2406 1295 2448 cum
1335 2406 1481 2447 eum
1520 2405 1622 2446 me
1660 2386 1816 2447 dicis
1850 2407 2000 2462 esse,
2034 2386 2142 2466 qui
2170 2390 2354 2447 tuum
2382 2385 2683 2463 pudorem
2719 2410 2774 2461 ¹5

277 2483 465 2544 facile
506 2503 759 2561 possem
806 2484 1172 2562 abstergere,
1205 2489 1270 2546 et
1305 2483 1381 2544 de
1424 2486 1533 2545 tuo
1569 2483 1783 2546 villico
1816 2505 1955 2546 mea
1991 2488 2122 2545 arte
2159 2484 2426 2563 speciali,
2457 2488 2532 2545 vt
2570 2486 2679 2560 ais,

276 2581 693 2643 domesticum
714 2603 940 2661 panem
969 2601 1352 2660 praeparare,
1376 2584 1739 2660 suspicarer,
1769 2604 1846 2644 ne
1874 2584 2160 2659 mentiar,
2188 2586 2268 2659 te,
2295 2584 2386 2643 mi
2411 2583 2677 2659 Corneli,

277 2680 546 2742 illudere
580 2681 924 2744 rusticitati
949 2702 1143 2758 meae,
1178 2681 1303 2743 nisi
1328 2682 1527 2743 tantis
1570 2681 1962 2761 argumentis
1988 2684 2165 2742 tuam
2194 2681 2263 2743 in
2289 2701 2393 2742 me
2420 2681 2682 2745 beneuo-

277 2778 542 2841 lentiam
584 2780 884 2842 haberem
932 2780 1516 2859 exploratissimam.
1604 2779 1812 2840 Facile
1853 2780 2059 2858 itaque
2105 2779 2271 2840 mihi
2316 2781 2672 2857 persuadeo,

276 2896 420 2938 cum
448 2883 522 2940 tu
550 2878 821 2940 arduum
848 2879 1183 2958 quidquam
1217 2880 1295 2940 de
1321 2899 1441 2955 me,
1476 2879 1584 2958 qui
1618 2878 1784 2939 nihil
1813 2898 1970 2952 sum,
2003 2877 2220 2954 sentis,
2254 2876 2317 2938 id
2347 2878 2424 2938 de
2450 2880 2681 2940 amoris
2707 2902 2771 2936 20

279 2976 484 3054 magis
530 2997 742 3039 errore
787 2997 975 3057 quam
1029 2977 1343 3039 industria
1388 2976 1715 3055 proficisci.
1799 2976 2037 3037 Verum
2087 2996 2166 3037 ne
2212 2996 2314 3037 me
2368 2976 2679 3039 difficilem

280 3074 554 3136 causeris
577 3075 819 3155 tibique
844 3076 914 3136 in
941 3076 1248 3138 amicitiae
1267 3075 1484 3137 officiis
1503 3076 1767 3136 minime
1787 3075 2277 3154 respondentem,
2299 3094 2373 3136 ea
2397 3074 2516 3136 tibi
2544 3075 2680 3155 lege

278 3174 448 3235 hisce
474 3175 548 3235 in
573 3174 763 3235 rebus
790 3194 997 3236 meam
1024 3175 1319 3254 polliceor
1347 3162 1616 3253 operam,
1642 3178 1716 3236 vt
1744 3177 1815 3235 tu
1844 3177 2021 3235 tuam
2048 3173 2330 3236 vicissim
2355 3173 2671 3253 rependas.

273 3273 428 3334 Vale
456 3272 665 3335 nostri
689 3292 952 3336 memor.

871 3468 1003 3544 19²⁰
1088 3465 1289 3531 Fnou
1336 3465 1737 3532 Commmus
1783 3466 2095 3532 GERARD.
2209 3513 2214 3516 -

345 3553 457 3608 LB.
484 3553 634 3624 App.
659 3552 787 3621 ⁴16.
2231 3550 2545 3624 <1⁴0P⁸0¹1·)

2166 3639 2338 3712 <May
2366 3641 2504 3710 1489
2519 3639 2585 3712 ⁴.»

289 3777 677 3828 CORNELIVS
723 3777 1086 3827 GOVDAst
1129 3777 1404 3827 musmo
1446 3778 1611 3827 VIRO
1653 3779 2113 3834 VNDECVNQVE
2155 3777 2564 3827 DOOTIssmo
2609 3780 2658 3827 S.

351 3901 496 3961 Οτι
578 3902 723 3977 post
789 3900 1136 3960 multarum
1210 3919 1466 3978 precum
1536 3900 1911 3961 instantiam
1981 3902 2049 3960 et
2118 3899 2676 3977 importunitatem,

274 3999 532 4060 Erasme
601 3998 986 4073 charissime,
1062 3998 1406 4059 Martinum
1473 4001 1766 4059 nostrum
1832 3997 1944 4059 diu
2002 3998 2541 4075 tergiuersantem,
2601 4017 2682 4057 ne

275 4116 445 4158 suam
494 4097 659 4157 forte
701 4096 988 4174 proderet
1028 4097 1467 4174 ignorantiam,
1512 4098 1665 4158 voto
1705 4098 1963 4157 mutuae
2006 4095 2330 4156 charitatis
2380 4096 2681 4157 constrin-

277 4197 517 4271 xissem,
572 4198 648 4256 vt
704 4194 942 4272 aliquid
989 4197 1246 4255 tuorum
1301 4195 1652 4256 carminum
1711 4194 1847 4271 ipso
1889 4195 2270 4256 sollicitante
2310 4194 2679 4255 meruissem

274 4296 553 4373 accipere,
616 4294 879 4354 tandem
944 4293 1197 4354 deuenit
1254 4293 1333 4353 ad
1387 4313 1613 4354 manus
1666 4296 1911 4354 nostras
1979 4294 2209 4355 nobilis
2275 4293 2517 4373 ingenii
2583 4292 2681 4353 tui
2706 4307 2734 4356 5

933 4429 1012 4479 18.
1041 4442 1090 4489 3.
1124 4427 1420 4492 singularis
1441 4432 1534 4478 LB.
1561 4446 1575 4478 z
1608 4429 1909 4492 singulares
1934 4428 2008 4481 0¹.

335 4585 405 4632 1⁹.
430 4598 480 4631 2.
516 4576 862 4639 uncinum]
882 4576 1036 4639 Alay
1047 4576 1286 4641 brother,
1302 4578 1428 4627 who
1527 4577 1638 4628 and
1676 4592 1762 4629 nx.
1794 4594 1874 4637 42.
1946 4577 2034 4626 He
2073 4593 2258 4627 occurs
2297 4578 2358 4625 in
2398 4577 2494 4626 the
2531 4590 2679 4625 same

274 4648 414 4696 acted
436 4663 498 4698 as
520 4642 970 4706 intermedia-323
1007 4643 1075 4693 cf.
1098 4643 1230 4706 Epp.
1254 4659 1336 4694 20.
1362 4659 1426 4707 77
1528 4644 1773 4707 capacity
1788 4645 1847 4693 in
1861 4643 1958 4693 the
1974 4644 2163 4693 Gouda
2181 4643 2287 4693 MS.
2312 4657 2452 4704 1323,
2470 4643 2512 4692 f.
2531 4642 2590 4690 18
2604 4649 2677 4690 νυ.
