3355 5380
264 375 442 461 ι499]
988 396 991 397 ’
1236 395 1241 401 ·
2530 391 2650 449 223

1008 487 1108 553 87.
1194 485 1291 552 To
1334 484 1381 552 J
1383 503 1525 552 osu
1569 485 1874 556 FALcox.

319 569 568 643 Farrago
591 589 648 642 p.
669 584 762 639 71.
2131 577 2505 637 Tournehem.

322 659 379 716 1··.
407 677 465 730 p.
493 660 630 751 236:
668 657 809 714 HN:
847 658 1022 716 Lond.
1049 659 1120 717 iv.
1152 673 1249 732 15:
1286 660 1394 718 LB.
1423 674 1472 728 7.
1974 678 2006 732 3
2033 661 2316 735 Febmary
2343 663 2578 739 (1499.)

318 781 450 847 [The
472 781 751 845 year-date
774 783 823 832 is
843 782 1176 833 established
1198 783 1270 846 by
1292 784 1387 832 the
1408 778 1673 845 sequence
1696 776 1758 831 of
1773 787 1977 834 events.
2047 785 2300 835 Between
2323 787 2647 838 Whitford's

254 862 398 910 grace
441 850 532 911 (23
572 847 760 897 March
803 849 951 912 1498)
996 848 1105 898 and
1148 848 1244 898 the
1287 848 1620 911 publication
1665 851 1725 897 of
1763 847 1860 898 the
1899 852 2100 911 Adaaia
2145 851 2311 917 (June
2352 856 2502 917 1500)
2550 855 2645 904 fall

257 912 576 976 Hountjoy¹s
609 914 730 975 stay
767 915 829 962 in
871 913 1040 977 Paris,
1071 914 1342 963 Erasmus'
1381 914 1501 964 first
1534 914 1663 963 visit
1707 918 1765 964 to
1801 914 2139 965 Tournebem
2178 920 2537 983 terminating
2574 936 2647 970 on

257 979 369 1028 Feb.
395 996 443 1039 4,
470 979 579 1027 and
602 978 692 1027 his
716 976 949 1042 journey
969 980 1027 1028 to
1050 979 1320 1042 England,
1340 979 1482 1028 from
1506 980 1692 1029 which
1724 980 1797 1029 he
1828 982 2084 1031 returned
2105 985 2164 1031 to
2188 982 2339 1033 Paris
2364 998 2437 1033 on
2461 985 2584 1035 Feb.
2614 1001 2647 1034 ε

258 1044 374 1107 (Ep.
417 1047 550 1106 119).
648 1044 918 1094 Erasmus'
955 1045 1244 1109 departure
1278 1044 1418 1093 from
1459 1044 1610 1093 Paris
1650 1059 1775 1109 may
1813 1046 1880 1096 be
1922 1046 2110 1109 placed
2148 1064 2192 1097 c.
2239 1064 2303 1110 23
2344 1050 2470 1101 Dec.
2518 1052 2648 1115 1498

318 1175 556 1239 Nothing
577 1177 625 1224 is
648 1176 851 1225 known
874 1175 934 1223 of
947 1176 1094 1225 John
1113 1175 1313 1226 Falcon
1336 1176 1548 1239 beyond
1570 1176 1667 1226 the
1691 1176 1957 1226 allusione
1976 1181 2035 1227 to
2063 1178 2183 1228 him
2205 1180 2264 1229 in
2289 1180 2424 1244 Epp.
2446 1183 2515 1232 so
2533 1182 2655 1232 and.

260 1254 363 1302 119.
431 1241 486 1291 It
508 1255 680 1291 seems
696 1241 837 1290 from
859 1241 973 1292 this
988 1242 1151 1291 letter
1172 1242 1295 1292 that
1318 1242 1406 1292 his
1427 1241 1588 1291 home
1605 1256 1717 1290 was
1740 1243 1801 1291 in
1818 1244 2097 1305 Antwerp,
2117 1245 2226 1293 and
2251 1244 2370 1294 that
2393 1246 2464 1296 he
2485 1247 2647 1297 knew

254 1306 389 1356 Batt.
459 1307 545 1356 He
569 1306 617 1354 is
638 1306 878 1370 possibly
902 1310 958 1356 to
978 1308 1045 1356 be
1068 1307 1356 1358 identified
1380 1308 1520 1357 with
1535 1307 1776 1357 Joannes
1792 1307 1859 1356 de
1880 1307 2037 1358 Falce
2059 1309 2363 1374 Gandavus,
2386 1315 2441 1361 to
2462 1313 2645 1364 whom

250 1372 446 1422 Badius
468 1371 754 1422 dedicated
775 1372 865 1422 his
888 1372 1098 1423 edition
1121 1374 1182 1423 of
1196 1372 1435 1435 Solinus,
1464 1388 1525 1421 12
1543 1373 1675 1437 July
1702 1372 1871 1438 1503.]

487 1530 801 1579 ERASMVS
847 1530 1355 1579 ROTERODAMVS
1401 1529 1650 1579 IOANNI
1702 1530 2000 1579 FALCONI
2047 1533 2170 1580 SVO
2214 1533 2270 1581 S.
2316 1535 2381 1586 D.

1109 1634 1441 1682 EPISTOLA
1488 1634 1749 1682 IOCOSA.

317 1785 411 1846 'I'v
455 1803 610 1845 caue
648 1783 920 1845 salutem
958 1802 996 1844 a
1037 1782 1222 1844 nobis
1261 1782 1703 1861 expectaueris.
1789 1782 2088 1844 Deuoueo
2129 1787 2208 1860 te,
2252 1784 2496 1863 quoties
2534 1788 2647 1847 tua

244 1881 397 1944 mihi
425 1882 716 1945 conuicia
742 1883 814 1943 in
839 1882 1123 1943 mentem
1155 1881 1441 1957 veniunt,
1473 1880 1718 1959 quoties
1749 1882 1962 1942 toruos
1997 1880 2145 1942 illos
2179 1881 2390 1944 oculos
2428 1883 2644 1945 animo

244 1985 551 2057 contueor,
583 1979 825 2059 quoties
854 2000 926 2042 os
951 1979 1111 2042 illud
1139 1978 1218 2040 ad
1239 1998 1443 2041 meras
1466 1978 1878 2040 contumelias
1897 1980 2332 2058 compositum.
2417 1981 2645 2061 Itaque

240 2097 439 2140 amare
466 2062 751 2157 teplane
788 2098 916 2139 non
954 2097 1229 2157 possum.
1317 2077 1534 2167 Minus
1569 2076 1823 2156 quidem
1862 2079 2068 2154 odero,
2106 2080 2163 2140 si
2200 2080 2395 2141 bonas
2425 2081 2644 2142 literas

240 2176 475 2239 lucellis
520 2178 651 2238 tuis
685 2180 1066 2255 praeponere
1102 2176 1353 2254 poteris.
1440 2176 1594 2237 Fata
1624 2193 1766 2237 mea
1796 2195 1898 2237 me
1933 2176 2234 2238 hactenus
2271 2180 2644 2257 persequuta
2669 2196 2698 2245 5

237 2280 392 2339 sunt.
484 2276 630 2338 Iter
683 2276 856 2337 enim
914 2275 1258 2336 habuimus
1309 2275 1388 2335 ad
1443 2274 1801 2352 prodigium
1857 2294 2053 2353 vsque
2104 2294 2394 2354 asperum
2452 2280 2643 2355 atque

234 2394 486 2439 saeuum
519 2401 536 2452 ;
591 2378 829 2437 caetera
868 2374 1045 2436 Batti
1081 2375 1209 2435 mei
1245 2374 1397 2436 fatis
1435 2373 1650 2436 debeo.
1741 2373 1907 2434 Nam
1945 2374 2250 2435 Dominae
2285 2374 2635 2452 candorem,

234 2473 733 2550 beneficentiam,
768 2474 1250 2551 humanitatem,
1293 2473 1674 2547 comitatem,
1708 2473 2095 2547 modestiam,
2127 2475 2184 2535 si
2222 2473 2343 2534 tibi
2386 2475 2642 2552 perscri-

231 2592 420 2651 psero,
459 2592 617 2635 cum
645 2573 755 2633 vix
780 2571 1057 2650 aliquam
1084 2591 1285 2634 essem
1324 2573 1571 2649 partem
1607 2572 1887 2632 oratione
1924 2575 2357 2651 consequutus,
2389 2573 2642 2634 menda·

228 2672 528 2735 cissimus
591 2674 807 2733 tamen
872 2669 1121 2732 viderer
1174 2669 1233 2733 ei
1287 2669 1397 2749 qui
1452 2668 1587 2747 ipse
1639 2672 1938 2748 expertus
1990 2690 2118 2732 non
2176 2673 2357 2732 esset.
2468 2672 2521 2734 Ο
2577 2674 2640 2732 te
2669 2698 2728 2733 10

230 2772 547 2845 miserum,
582 2770 695 2848 qui
724 2790 827 2830 me
858 2768 1039 2847 sequi
1067 2770 1155 2830 sis
1182 2773 1494 2848 grauatus.
1586 2768 1750 2844 Quid
1781 2773 1844 2829 te
1882 2769 2107 2831 fuisset
2140 2770 2381 2831 beatius
2399 2772 2434 2832 ⁸?
2517 2770 2639 2832 Sed

228 2870 457 2946 gaudeo
484 2874 669 2931 tuam
698 2867 1057 2947 superbiam
1096 2868 1213 2929 tibi
1247 2867 1548 2928 nocuisse.
1635 2866 1907 2929 Posthac
1938 2886 2101 2945 sape,
2134 2871 2348 2946 poetas
2382 2868 2545 2945 fuge,
2576 2871 2642 2929 et

227 2966 420 3029 lanios
467 2986 747 3048 sequere.
835 2965 1028 3028 Breui
1077 2965 1267 3027 isthic
1320 2966 1522 3040 adero,
1574 2965 1629 3025 si
1684 2966 1895 3043 superi
1950 2966 2339 3028 adiutabunt.
2425 2967 2522 3027 Tu
2576 2970 2639 3027 et

228 3085 377 3144 quae
404 3067 611 3129 habes
650 3083 791 3125 mea
830 3083 1029 3140 serua,
1060 3067 1124 3125 et
1161 3083 1317 3143 quae
1359 3067 1538 3142 potes
1575 3064 1889 3139 contrahe,
1922 3083 2005 3123 ne
2042 3063 2192 3141 quid
2236 3064 2304 3124 in
2344 3083 2520 3124 mora
2553 3064 2637 3125 sit

228 3160 331 3221 vbi
354 3182 612 3225 venero.
2674 3200 2732 3251 1⁵

302 3259 526 3323 Finem
569 3260 902 3338 imponam
943 3260 1262 3339 epistolae,
1306 3259 1362 3321 si
1405 3262 1470 3322 te
1509 3261 1727 3337 paucis
1768 3280 2089 3323 monuero.
2180 3260 2436 3322 Frustra
2476 3261 2638 3339 sapit

222 3359 321 3435 qui
372 3361 500 3422 sibi
554 3380 692 3420 non
738 3360 921 3438 sapit.
1010 3360 1241 3421 Mirans
1289 3360 1506 3420 literas
1548 3360 1613 3420 et
1659 3358 1863 3430 lauda,
1912 3360 2019 3420 sed
2068 3359 2313 3420 lucrum
2360 3379 2632 3439 sequere.

221 3455 375 3520 Oaue
400 3459 526 3520 tibi
558 3459 699 3537 ipse
728 3458 1071 3538 displiceas,
1099 3478 1170 3520 ea
1198 3479 1298 3520 res
1324 3458 1564 3519 formae
1591 3461 1985 3519 venustatem
2015 3458 2319 3519 obscurat.
2408 3460 2637 3521 Cutem

219 3559 357 3618 ante
404 3557 636 3619 omnia
675 3577 837 3618 cura.
927 3556 1162 3617 Omnia
1200 3557 1332 3618 tuis
1371 3555 1717 3617 commodis
1760 3559 2080 3634 postpone,
2129 3556 2478 3618 amicitiam
2528 3561 2639 3618 tua

218 3672 394 3717 causa
463 3655 628 3717 cole.
735 3655 1173 3716 Eruditionem
1240 3675 1425 3733 parce
1492 3655 1757 3732 attinge.
1839 3655 2010 3715 Ama
2075 3654 2379 3729 ardenter,
2452 3656 2634 3717 stude
2663 3683 2724 3719 σο

217 3754 466 3829 modice,
509 3752 857 3815 verborum
884 3753 1201 3833 prodigus,
1235 3753 1536 3832 pecuniae
1568 3772 1790 3830 parcus
1817 3756 1969 3814 esto.
2059 3752 2253 3814 Plura
2279 3755 2636 3816 monendus

214 3868 357 3927 eras,
381 3853 495 3915 sed
515 3851 669 3914 vale
688 3854 784 3912 est
803 3852 1007 3912 aulico
1029 3851 1157 3913 ritu
1181 3851 1492 3912 Dominae
1514 3850 1865 3925 dicendum,
1889 3854 1951 3911 et
1972 3869 2107 3912 cras
2128 3850 2198 3912 in
2221 3851 2633 3914 Hollandiam

217 3949 407 4012 auolo.
499 3948 842 4012 Meliorem
869 3952 1112 4010 vestem
1135 3949 1309 4009 domi
1331 3949 1636 4028 relinquo.
1726 3948 1862 4010 Scis
1882 3948 2283 4027 quamobrem
2300 3951 2335 4011 Ῥ
2414 3950 2633 4013 Timeo
2713 3995 2716 3996 ν

215 4064 290 4108 ne
313 4067 564 4111 sorores
592 4067 735 4110 eam
766 4051 911 4111 tuae
937 4046 1224 4109 lacerent.
1313 4046 1431 4108 Est
1458 4047 1631 4108 enim
1657 4046 1823 4107 mihi
1849 4047 2241 4125 Antuuerpia
2264 4048 2628 4112 faciundum

216 4146 342 4211 iter.
424 4150 623 4210 Nunc
677 4146 827 4208 vide
880 4165 1037 4208 num
1096 4144 1261 4206 nihil
1305 4145 1374 4205 in
1424 4165 1528 4205 me
1575 4146 1662 4206 sit
1707 4145 1857 4206 salis
1900 4149 1965 4207 et
2014 4150 2086 4207 tu
2143 4147 2350 4225 sapias
2404 4149 2631 4210 solus?
2658 4173 2718 4223 25

216 4242 447 4331 Literas
487 4251 644 4309 tuas
691 4245 843 4305 adeo
893 4264 1024 4305 non
1066 4243 1419 4321 expectabo,
1462 4244 1534 4303 vt
1582 4242 1752 4304 haud
1802 4245 1997 4304 sciam
2041 4264 2121 4304 an
2166 4245 2282 4306 has
2323 4245 2458 4324 ipse
2500 4267 2631 4326 pre-

215 4348 468 4408 uertam.
562 4345 670 4405 'l'u
696 4343 817 4404 tibi
847 4343 993 4404 viue
1019 4345 1084 4404 et
1110 4342 1252 4404 vale
1280 4342 1399 4403 tibi
1427 4344 1492 4403 et
1518 4346 1581 4404 te
1608 4343 1836 4418 solum,
1867 4343 2031 4421 quod
2058 4343 2227 4420 facis,
2258 4364 2420 4407 ama.

288 4445 383 4506 Ex
404 4465 548 4507 arce
569 4441 1029 4504 Tomenhensi.
1081 4440 1297 4503 Tertio
1317 4460 1518 4502 nonas
1541 4441 1924 4504 Februarias.
1990 4439 2141 4524 [An.
2162 4444 2630 4524 11.cccc.xcv11.]

1185 4586 1261 4633 1⁴·
1297 4586 1416 4621 mea
1437 4576 1553 4622 add.
1579 4576 1647 4622 Η.

984 4704 1031 4750 7.
1067 4689 1221 4738 Batti
1245 4724 1258 4737 .
1282 4724 1298 4739 .
1323 4724 1337 4736 .
1358 4685 1518 4752 fatis]
1540 4686 1620 4737 Cf.
1646 4687 1744 4749 Bp.
1772 4689 1854 4738 80.
1883 4703 1946 4751 79
1969 4704 2022 4737 n.
