3355 5380
679 358 798 414 264
1374 352 1756 416 mrrssss
1812 351 1918 412 OF
1972 349 2373 412 ERASMUS
2888 345 3085 429 [1499

551 534 641 583 105
669 510 834 586 q'uod
864 528 1069 587 neque
1102 508 1383 587 accipere
1421 509 1660 587 possim
1697 510 1837 570 sine
1867 508 2102 586 pudore
2138 526 2341 585 neque
2377 525 2661 567 recusare
2696 504 2837 566 sine
2875 507 3090 565 contu-

667 608 873 670 melia.
962 608 1154 686 Apud
1196 608 1354 670 alios
1401 606 1504 669 vel
1553 607 1747 668 deum
1800 626 1903 667 me
1956 605 2149 667 facias
2200 605 2435 679 licebit,
2485 603 2665 666 nullo
2720 603 3089 665 alterutrius

666 709 959 788 periculo.
1042 708 1189 769 Non
1222 727 1445 770 sumus
1471 706 1730 786 quidem
1763 726 1840 767 ex
1876 726 1953 767 eo
1977 705 2315 767 hominum
2351 723 2576 783 genere
2604 705 2716 782 qui
2741 724 2810 765 se
2835 702 3086 764 malunt

664 806 877 868 alieno
919 806 1075 884 pede
1112 825 1303 885 quam
1343 825 1458 867 suo
1500 804 1730 879 metiri,
1769 803 1882 883 qui
1921 821 2246 881 nunquam
2286 803 2358 864 in
2398 805 2598 863 semet
2635 801 3089 862 descendentes

668 924 783 966 nec
809 904 979 982 quod
1006 903 1077 964 in
1103 907 1281 981 tergo
1305 906 1403 964 est
1437 902 1752 964 manticae
1783 902 1854 962 in
1881 904 2104 978 pectus
2137 903 2519 972 reuocantes,
2550 900 2674 961 toti
2699 920 2780 961 ex
2813 899 3084 962 aliorum

550 1026 645 1063 110
668 1003 985 1081 suffragiis
1038 1002 1318 1079 pendent
1376 1005 1441 1063 et
1497 1000 1647 1079 paui
1701 1000 1771 1061 in
1828 1018 2069 1060 morsm
2122 1000 2204 1060 ad
2257 997 2653 1060 adulantium
2708 1018 2896 1060 voces
2948 999 3097 1060 sese'

668 1100 953 1163 dilatant.
1035 1099 1214 1175 Quod
1263 1118 1465 1178 genus
1510 1099 1568 1160 si
1615 1098 1889 1159 maxime
1938 1098 2157 1172 simus,
2206 1116 2337 1158 non
2383 1100 2597 1158 tamen
2649 1096 2899 1158 nocebit
2947 1096 3087 1158 laus

669 1219 860 1278 quam
916 1220 1044 1261 non
1098 1218 1369 1262 sensero.
1456 1197 1700 1260 Deinde
1754 1198 1892 1259 siue
1946 1197 2202 1258 credent
2253 1195 2421 1274 apud
2468 1215 2626 1273 quos
2680 1196 2759 1257 de
2812 1196 3087 1257 amiculo

669 1298 1036 1373 buccinaris,
1068 1298 1296 1359 melius
1321 1297 1400 1358 de
1428 1316 1530 1358 me
1561 1296 1808 1358 sensuri
1833 1299 2026 1370 sunt3
2067 1295 2202 1356 siue
2232 1314 2360 1356 non
2386 1294 2661 1370 credent,
2692 1294 2922 1355 saltem
2953 1314 3084 1356 non

671 1397 791 1458 erit
828 1417 941 1458 cur
973 1397 1152 1475 peius
1185 1395 1480 1457 sentiant.
1569 1396 1848 1456 Rursum
1880 1393 1959 1454 ad
1993 1396 2057 1454 te
2086 1393 2251 1472 quod
2288 1393 2531 1467 attinet,
2563 1393 2621 1452 si
2647 1392 2839 1454 fidem
2872 1392 3083 1470 facies,

552 1520 573 1555 1
587 1518 644 1569 15
670 1495 977 1557 candidus
1019 1494 1345 1569 videberis,
1388 1493 1499 1571 qui
1541 1493 1767 1555 alienis
1800 1493 2146 1554 virtutibus
2187 1491 2557 1569 neutiquam
2597 1491 2926 1566 inuideas;
2980 1492 3085 1553 sin

670 1593 902 1670 minus,
934 1593 1258 1654 vrbanitas
1285 1594 1500 1653 tamen
1527 1591 1903 1667 laudabitur,
1938 1592 2048 1670 qui
2075 1590 2263 1651 malis
2297 1589 2489 1650 falsas
2514 1589 2786 1651 aliorum
2814 1588 3088 1651 virtutes

672 1691 925 1753 laudare
961 1711 1152 1769 quam
1178 1711 1327 1752 vera
1362 1690 1657 1751 insectari
1683 1689 1857 1752 vitia.
1945 1689 2091 1764 Hic,
2123 1692 2197 1749 vt
2229 1687 2422 1763 vides,
2454 1689 2705 1766 vtrique
2739 1687 2950 1749 lucelli
2987 1692 3091 1749 est

671 1788 926 1867 aliquid,
966 1789 1183 1850 damni
1220 1789 1400 1850 nihil.
1482 1790 1574 1849 At
1617 1787 1894 1848 amicum
1931 1806 2142 1848 coram
2173 1786 2285 1864 qui
2321 1786 2551 1863 laudat,
2591 1788 2845 1848 tametsi
2888 1787 3086 1848 abun-

672 1887 890 1949 dantia
932 1888 1202 1965 quadam
1246 1887 1481 1948 amoris
1527 1885 1593 1946 id
1644 1886 1810 1960 facit,
1872 1884 2017 1946 vide
2064 1887 2279 1946 tamen
2332 1887 2644 1962 quantum
2697 1884 3087 1946 incommodi

554 2013 574 2049 1
589 2011 649 2047 ιο
671 1985 1119 2064 intempestiuo
1162 1986 1402 2048 adferat
1445 1985 1663 2048 officio.
1750 1985 1887 2045 Aut
1933 1983 2105 2045 enim
2153 2002 2378 2044 vsurae
2421 2002 2530 2062 spe
2576 1984 2897 2045 foenerare
2942 2002 3086 2044 eam

670 2084 1210 2146 laudatiunculam
1231 2083 1563 2156 videbitur,
1583 2086 1657 2144 vt
1683 2082 1893 2144 solent
1911 2082 2020 2162 qui
2046 2082 2307 2144 laudant
2327 2102 2451 2159 quo
2477 2084 2701 2143 mutuo
2727 2080 3088 2156 laudentur,

670 2186 784 2244 aut
814 2183 1116 2244 assentari
1153 2182 1480 2262 praesenti,
1514 2186 1624 2242 aut
1661 2186 1734 2243 vt
1769 2181 1839 2241 in
1872 2181 2181 2259 opt-imam
2218 2183 2461 2258 partem
2494 2179 2849 2257 accipiatur,
2882 2181 3089 2242 amori

672 2280 1000 2360 indulgere
1025 2301 1158 2343 suo.
1241 2281 1425 2342 Vnde
1451 2281 1527 2340 fit
1552 2283 1623 2341 vt
1649 2284 1762 2341 aut
1784 2299 1948 2341 vana
1972 2282 2085 2340 aut
2113 2282 2278 2340 certe
2304 2299 2452 2340 vero
2477 2278 2775 2339 inferiora
2799 2297 3093 2340 narrasse

672 2382 951 2458 putetur.
1021 2381 1185 2440 Tum
1233 2379 1291 2440 si
1342 2379 1455 2457 qui
1508 2378 1799 2440 laudatur
1851 2378 2207 2452 obticescat,
2255 2377 2503 2438 laudem
2551 2377 2805 2438 tametsi
2858 2377 3090 2439 falsam

557 2500 647 2550 125
674 2476 943 2539 libenter
983 2497 1353 2557 agnoscere3
1412 2476 1516 2537 sin
1559 2476 1820 2550 refellat,
1865 2476 2213 2537 accuratius
2251 2474 2495 2536 laudari
2536 2473 2702 2536 velle
2743 2475 3085 2541 videbitur.

675 2575 746 2638 Si
774 2596 888 2655 par
913 2576 1046 2654 pari
1074 2576 1313 2649 referat,
1347 2576 1640 2653 protinus
1668 2574 1832 2636 illud
1859 2575 2225 2648 exclamant,
2256 2573 2552 2634 Mutuum
2579 2575 2740 2635 muli
2770 2574 3057 2637 scabunt.

755 2675 995 2737 Verum
1041 2695 1157 2753 ego
1204 2674 1358 2736 dum
1414 2674 1565 2735 haec
1613 2673 1941 2736 verbosius
1989 2692 2342 2752 prosequor,
2393 2671 2716 2734 Atticismi
2757 2673 2887 2736 mei
2940 2696 3094 2738 sum

615 2823 617 2825 .
672 2773 932 2837 oblitus,
1013 2775 1098 2835 Et
1126 2794 1443 2853 quorsum,
1482 2773 1713 2851 inquis,
1744 2773 2002 2834 tandem
2039 2776 2172 2833 tam
2208 2770 2413 2832 multa
2428 2773 2461 2832 ⁶?
2501 2772 2589 2833 Vt
2622 2772 2959 2853 intelligas,
2994 2778 3092 2837 mi

675 2873 938 2949 Sixtine,
982 2875 1176 2947 tuam,
1214 2876 1288 2934 vt
1328 2871 1476 2947 dixi,
1520 2871 1951 2932 laudationem
1990 2870 2185 2932 fuisse
2225 2869 2481 2947 quidem
2524 2871 3091 2950 iucundissimam3

559 2992 656 3041 130
674 2971 812 3033 siue
847 2972 1021 3033 enim
1063 2991 1323 3045 mereor,
1357 2971 1521 3048 quod
1558 2990 1691 3031 non
1724 2971 1963 3047 opinor,
1998 2967 2349 3030 doctissimi
2372 2967 2497 3029 viri
2531 2971 2917 3046 testimonio,
2949 2973 3087 3035 siue

665 3090 810 3132 >non
838 3091 1094 3145 mereor,
1128 3069 1498 3131 amicissimi
1522 3068 1804 3130 hominis
1839 3087 2052 3128 amore
2078 3067 2367 3129 delector.
2450 3066 2689 3128 Verum
2718 3089 2795 3129 ne
2821 3073 3087 3149 propha-

677 3171 782 3232 nis
816 3170 959 3232 istis
995 3169 1248 3244 amusis,
1281 3169 1346 3230 id
1384 3172 1478 3230 est
1510 3188 1549 3229 a
1592 3168 1833 3229 musico
1865 3167 2016 3228 ludo
2049 3166 2290 3239 alienis,
2338 3166 2767 3229 calumniandi
2797 3168 3087 3233 literatos

675 3288 894 3330 ansam
935 3268 1356 3346 praebeamus,
1409 3267 1525 3329 hac
1572 3266 1886 3328 scribendi
1929 3264 2365 3326 vicissitudine
2403 3284 2592 3342 quam
2641 3268 2920 3330 maxime
2963 3290 3086 3331 cer·

675 3371 899 3440 temus,
951 3367 1060 3428 sed
1098 3366 1464 3427 huiusmodi
1500 3367 1695 3428 ferme
1726 3365 2115 3444 argumentis
2144 3366 2410 3439 vtentes,
2441 3368 2515 3425 vt
2550 3364 2606 3426 si
2642 3366 2793 3442 quid
2822 3367 2893 3427 in
2922 3369 3087 3429 euol-

560 3479 651 3529 135
677 3465 901 3526 uendis
924 3464 1107 3526 libris
1128 3464 1419 3526 alterutri
1445 3484 1683 3526 nouum
1706 3462 2057 3537 occurrerit,
2081 3460 2148 3522 id
2170 3461 2592 3523 communiter
2608 3463 3051 3542 impertiamus
3070 3490 3086 3541 3

676 3566 786 3624 aut
827 3563 1036 3641 aliqua
1072 3563 1148 3624 de
1184 3582 1251 3623 re
1287 3583 1445 3641 quae
1477 3563 1752 3625 literaria
1786 3562 1897 3622 lite
1934 3561 2020 3622 sit
2060 3561 2251 3639 digna
2284 3559 2718 3638 digladiemur,
2756 3566 2870 3624 aut
2908 3566 3092 3626 salsis

677 3661 1026 3740 lepidisque
1042 3661 1289 3723 fabellis
1309 3662 1663 3724 studiorum
1681 3663 2037 3722 nostrorum
2051 3658 2382 3720 tristitiam
2400 3659 2827 3723 exhilaremus
2851 3685 2868 3737 3
2910 3664 3088 3741 quid·

677 3762 778 3822 uis
815 3760 1085 3838 denique
1125 3781 1449 3839 nugemur,
1496 3760 1686 3821 modo
1727 3759 1807 3820 ab
1846 3758 1965 3821 hoc
2012 3758 2345 3819 ambitioso
2385 3758 2786 3837 nimiumque
2826 3763 3091 3841 vulgato

677 3859 990 3920 scribendi
1035 3878 1261 3937 genere
1311 3862 1752 3936 temperemus.
1838 3858 2079 3919 Verum
2124 3856 2284 3918 heus
2336 3858 2424 3930 tu,
2474 3856 2739 3934 Sixtine,
2801 3878 2884 3919 ne
2933 3861 3088 3938 quid

560 3972 654 4023 140
677 3959 755 4019 de
812 3958 1045 4019 nostris
1103 3977 1272 4023 erres
1326 3958 1549 4034 verbis,
1610 3957 1813 4033 lauda,
1874 3959 2008 4018 imo
2062 3955 2164 4017 vel
2217 3955 2569 4016 conuiciare
2624 3958 2837 4035 potius
2896 3980 3086 4036 quam

680 4056 886 4118 sileas.

763 4155 939 4231 Quod
968 4154 1240 4216 hortaris
1270 4158 1345 4216 vt
1374 4155 1588 4217 Musas
1626 4175 1798 4217 meas
1831 4156 2113 4228 excitem,
2158 4154 2512 4215 Mercuriali
2548 4155 2728 4233 virga
2760 4175 2923 4234 opus
2956 4177 3091 4219 esse

678 4254 849 4330 scito,
898 4256 970 4314 vt
1015 4254 1456 4332 expergefiant.
1545 4255 1630 4316 Et
1679 4254 1846 4315 haud
1898 4253 2029 4315 scio
2076 4252 2477 4331 lethargusne
2523 4253 2606 4313 sit
2651 4272 2735 4315 an
2784 4273 3090 4329 somnus;

679 4358 998 4433 vtcunque
1052 4355 1164 4428 est,
1218 4352 1448 4415 melius
1474 4354 1700 4434 opinor
1752 4353 2092 4428 dormiunt,
2140 4352 2393 4431 ineptae
2447 4355 2616 4428 sunt,
2673 4352 3084 4433 obstrepet-ae.

1077 4515 1185 4559 114.
1227 4500 1390 4550 facies
1413 4506 1491 4552 D:
1525 4502 1657 4551 sacis
1676 4505 1743 4551 H.
1862 4492 1867 4497 ’
2033 4514 2141 4562 134.
2176 4500 2272 4549 sed
2295 4502 2370 4549 F:
2402 4499 2606 4549 Verum
2633 4504 2691 4549 D.

689 4611 1010 4621 ——v-——ss—

1059 4692 1062 4695 -
1145 4662 1269 4710 108.
1308 4661 1371 4708 in
1404 4660 1574 4709 semet
1596 4656 2012 4721 descendentes]
2047 4658 2125 4708 Cf.
2153 4657 2298 4708 Pers.
2321 4672 2370 4717 4.
2397 4669 2478 4719 03,
2494 4673 2542 4718 4.
