<?xml version="1.0" encoding="UTF-8"?>
<!DOCTYPE html PUBLIC "-//W3C//DTD XHTML 1.0 Transitional//EN"
    "http://www.w3.org/TR/xhtml1/DTD/xhtml1-transitional.dtd">
<html xmlns="http://www.w3.org/1999/xhtml" xml:lang="en" lang="en">
 <head>
  <title>
</title>
<meta http-equiv="Content-Type" content="text/html;charset=utf-8" />
  <meta name='ocr-system' content='tesseract 3.04.00' />
  <meta name='ocr-capabilities' content='ocr_page ocr_carea ocr_par ocr_line ocrx_word'/>
</head>
<body>
  <div class='ocr_page' id='page_1' title='image "./opusepistolarum00flowgoog_0054.png"; bbox 0 0 3355 5380; ppageno 0'>
   <div class='ocr_carea' id='block_1_1' title="bbox 701 359 3099 444">
    <p class='ocr_par' dir='ltr' id='par_1_1' title="bbox 701 359 3099 444">
     <span class='ocr_line' id='line_1_1' title="bbox 701 359 3099 444; baseline 0.006 -25"><span class='ocrx_word' id='word_1_1' title='bbox 701 372 778 428; x_wconf 83' lang='lat'><strong>26</strong></span> <span class='ocrx_word' id='word_1_2' title='bbox 1401 365 1781 427; x_wconf 80' lang='lat' dir='ltr'>LETTERS</span> <span class='ocrx_word' id='word_1_3' title='bbox 1837 365 1945 427; x_wconf 81' lang='lat' dir='ltr'><strong>OF</strong></span> <span class='ocrx_word' id='word_1_4' title='bbox 1999 363 2394 427; x_wconf 82' lang='lat' dir='ltr'><strong>ERASMUS</strong></span> <span class='ocrx_word' id='word_1_5' title='bbox 2826 359 3099 444; x_wconf 83' lang='lat'><strong>[15²3-4</strong></span> 
     </span>
    </p>
   </div>
   <div class='ocr_carea' id='block_1_2' title="bbox 621 520 3136 3842">
    <p class='ocr_par' dir='ltr' id='par_1_2' title="bbox 621 520 3136 3842">
     <span class='ocr_line' id='line_1_2' title="bbox 701 520 3105 603; baseline -0.002 -17"><span class='ocrx_word' id='word_1_6' title='bbox 701 526 979 598; x_wconf 85' lang='lat' dir='ltr'><strong>Erasm0‚</strong></span> <span class='ocrx_word' id='word_1_7' title='bbox 1005 543 1119 601; x_wconf 89' lang='lat' dir='ltr'><strong>ego</strong></span> <span class='ocrx_word' id='word_1_8' title='bbox 1146 526 1359 585; x_wconf 91' lang='lat' dir='ltr'><strong>tamen</strong></span> <span class='ocrx_word' id='word_1_9' title='bbox 1388 545 1516 585; x_wconf 90' lang='lat' dir='ltr'><strong>non</strong></span> <span class='ocrx_word' id='word_1_10' title='bbox 1544 524 1757 585; x_wconf 91' lang='lat' dir='ltr'><strong>tacebo</strong></span> <span class='ocrx_word' id='word_1_11' title='bbox 1785 543 2021 586; x_wconf 75' lang='lat' dir='ltr'><strong>verum.</strong></span> <span class='ocrx_word' id='word_1_12' title='bbox 2083 523 2388 603; x_wconf 79' lang='lat' dir='ltr'><strong>Quicquid</strong></span> <span class='ocrx_word' id='word_1_13' title='bbox 2417 524 2589 583; x_wconf 89' lang='lat' dir='ltr'><strong>tenet</strong></span> <span class='ocrx_word' id='word_1_14' title='bbox 2614 521 2886 594; x_wconf 88' lang='lat' dir='ltr'><strong>ecclesia,</strong></span> <span class='ocrx_word' id='word_1_15' title='bbox 2910 520 3105 581; x_wconf 86' lang='lat' dir='ltr'><strong>huius</strong></span> 
     </span>
     <span class='ocr_line' id='line_1_3' title="bbox 701 619 3107 684; baseline -0.002 0"><span class='ocrx_word' id='word_1_16' title='bbox 701 621 1253 684; x_wconf 86' lang='lat' dir='ltr'><strong>contradictorium</strong></span> <span class='ocrx_word' id='word_1_17' title='bbox 1280 625 1375 683; x_wconf 88' lang='lat' dir='ltr'><strong>est</strong></span> <span class='ocrx_word' id='word_1_18' title='bbox 1400 622 1634 682; x_wconf 78' lang='lat' dir='ltr'><strong>falsum</strong></span> <span class='ocrx_word' id='word_1_19' title='bbox 1666 626 1733 682; x_wconf 91' lang='lat' dir='ltr'><strong>et</strong></span> <span class='ocrx_word' id='word_1_20' title='bbox 1770 622 2189 684; x_wconf 82' lang='lat' dir='ltr'><strong>haereticum:</strong></span> <span class='ocrx_word' id='word_1_21' title='bbox 2259 621 2614 682; x_wconf 87' lang='lat' dir='ltr'><strong>Erasmicae</strong></span> <span class='ocrx_word' id='word_1_22' title='bbox 2648 619 2937 681; x_wconf 87' lang='lat' dir='ltr'><strong>lectionis</strong></span> <span class='ocrx_word' id='word_1_23' title='bbox 2962 638 3107 678; x_wconf 89' lang='lat' dir='ltr'><strong>con·</strong></span> 
     </span>
     <span class='ocr_line' id='line_1_4' title="bbox 704 712 3103 798; baseline -0.003 -15"><span class='ocrx_word' id='word_1_24' title='bbox 704 720 1136 783; x_wconf 87' lang='lat' dir='ltr'><strong>tradictorium</strong></span> <span class='ocrx_word' id='word_1_25' title='bbox 1168 722 1344 781; x_wconf 88' lang='lat' dir='ltr'><strong>tenet</strong></span> <span class='ocrx_word' id='word_1_26' title='bbox 1371 712 1662 781; x_wconf 85' lang='lat' dir='ltr'><strong>ecclesia:</strong></span> <span class='ocrx_word' id='word_1_27' title='bbox 1711 740 1856 798; x_wconf 87' lang='lat' dir='ltr'><strong>ergo</strong></span> <span class='ocrx_word' id='word_1_28' title='bbox 1888 720 2129 781; x_wconf 89' lang='lat' dir='ltr'><strong>Erasmi</strong></span> <span class='ocrx_word' id='word_1_29' title='bbox 2155 718 2343 781; x_wconf 90' lang='lat' dir='ltr'><strong>lectio</strong></span> <span class='ocrx_word' id='word_1_30' title='bbox 2370 722 2465 779; x_wconf 89' lang='lat' dir='ltr'><strong>est</strong></span> <span class='ocrx_word' id='word_1_31' title='bbox 2491 718 2650 779; x_wconf 86' lang='lat' dir='ltr'><strong>falsa</strong></span> <span class='ocrx_word' id='word_1_32' title='bbox 2678 722 2743 779; x_wconf 90' lang='lat' dir='ltr'><strong>et</strong></span> <span class='ocrx_word' id='word_1_33' title='bbox 2770 718 3103 779; x_wconf 87' lang='lat' dir='ltr'><strong>haeretica.</strong></span> 
     </span>
     <span class='ocr_line' id='line_1_5' title="bbox 703 810 3108 897; baseline -0.003 -16"><span class='ocrx_word' id='word_1_34' title='bbox 703 819 920 896; x_wconf 85' lang='lat' dir='ltr'><strong>Capite</strong></span> <span class='ocrx_word' id='word_1_35' title='bbox 942 818 1243 879; x_wconf 77' lang='lat' dir='ltr'><strong>Matthaei</strong></span> <span class='ocrx_word' id='word_1_36' title='bbox 1264 836 1320 897; x_wconf 85' lang='lat'><strong>3.</strong></span> <span class='ocrx_word' id='word_1_37' title='bbox 1342 839 1464 896; x_wconf 87' lang='lat' dir='ltr'><strong>quo</strong></span> <span class='ocrx_word' id='word_1_38' title='bbox 1485 810 1598 896; x_wconf 85' lang='lat' dir='ltr'><strong>pro</strong></span> <span class='ocrx_word' id='word_1_39' title='bbox 1620 839 1693 879; x_wconf 92' lang='lat' dir='ltr'><strong>eo</strong></span> <span class='ocrx_word' id='word_1_40' title='bbox 1715 819 1879 896; x_wconf 88' lang='lat' dir='ltr'><strong>quod</strong></span> <span class='ocrx_word' id='word_1_41' title='bbox 1900 821 2034 879; x_wconf 88' lang='lat' dir='ltr'><strong>erat</strong></span> <span class='ocrx_word' id='word_1_42' title='bbox 2059 819 2551 879; x_wconf 90' lang='lat' dir='ltr'><strong>‘Poenitentiam</strong></span> <span class='ocrx_word' id='word_1_43' title='bbox 2578 816 2769 895; x_wconf 82' lang='lat' dir='ltr'><strong>agite’</strong></span> <span class='ocrx_word' id='word_1_44' title='bbox 2789 819 3108 877; x_wconf 74' lang='lat' dir='ltr'>verteram</span> 
     </span>
     <span class='ocr_line' id='line_1_6' title="bbox 648 911 3112 995; baseline -0.003 -17"><span class='ocrx_word' id='word_1_45' title='bbox 648 938 676 987; x_wconf 79' lang='lat'>5</span> <span class='ocrx_word' id='word_1_46' title='bbox 710 920 725 949; x_wconf 91' lang='lat'>‘</span> <span class='ocrx_word' id='word_1_47' title='bbox 742 916 1147 994; x_wconf 89' lang='lat' dir='ltr'><strong>Resipiscite,’</strong></span> <span class='ocrx_word' id='word_1_48' title='bbox 1192 917 1297 977; x_wconf 90' lang='lat' dir='ltr'><strong>hic</strong></span> <span class='ocrx_word' id='word_1_49' title='bbox 1348 915 1475 991; x_wconf 88' lang='lat' dir='ltr'><strong>ille,</strong></span> <span class='ocrx_word' id='word_1_50' title='bbox 1524 918 1841 993; x_wconf 83' lang='lat' dir='ltr'><strong>Erasmus,</strong></span> <span class='ocrx_word' id='word_1_51' title='bbox 1893 916 2115 994; x_wconf 87' lang='lat' dir='ltr'><strong>inquit,</strong></span> <span class='ocrx_word' id='word_1_52' title='bbox 2168 919 2355 995; x_wconf 89' lang='lat' dir='ltr'><strong>negat</strong></span> <span class='ocrx_word' id='word_1_53' title='bbox 2409 914 2882 993; x_wconf 87' lang='lat' dir='ltr'><strong>poenitentiam,</strong></span> <span class='ocrx_word' id='word_1_54' title='bbox 2929 911 3112 990; x_wconf 88' lang='lat' dir='ltr'><strong>quasi</strong></span> 
     </span>
     <span class='ocr_line' id='line_1_7' title="bbox 703 1012 3110 1093; baseline -0.002 -17"><span class='ocrx_word' id='word_1_55' title='bbox 703 1015 1160 1093; x_wconf 89' lang='lat' dir='ltr'><strong>poenitentiam</strong></span> <span class='ocrx_word' id='word_1_56' title='bbox 1187 1034 1364 1092; x_wconf 90' lang='lat' dir='ltr'><strong>agere</strong></span> <span class='ocrx_word' id='word_1_57' title='bbox 1399 1015 1482 1074; x_wconf 90' lang='lat' dir='ltr'><strong>sit</strong></span> <span class='ocrx_word' id='word_1_58' title='bbox 1511 1014 1756 1076; x_wconf 88' lang='lat' dir='ltr'><strong>Latinis</strong></span> <span class='ocrx_word' id='word_1_59' title='bbox 1783 1014 1952 1074; x_wconf 88' lang='lat' dir='ltr'><strong>idem</strong></span> <span class='ocrx_word' id='word_1_60' title='bbox 1980 1015 2144 1092; x_wconf 89' lang='lat' dir='ltr'><strong>quod</strong></span> <span class='ocrx_word' id='word_1_61' title='bbox 2181 1014 2429 1092; x_wconf 90' lang='lat' dir='ltr'><strong>explere</strong></span> <span class='ocrx_word' id='word_1_62' title='bbox 2465 1012 2958 1074; x_wconf 77' lang='lat' dir='ltr'><strong>satisfactionem</strong></span> <span class='ocrx_word' id='word_1_63' title='bbox 2991 1028 3110 1087; x_wconf 92' lang='lat' dir='ltr'><strong>pro</strong></span> 
     </span>
     <span class='ocr_line' id='line_1_8' title="bbox 705 1110 3113 1189; baseline -0.003 -15"><span class='ocrx_word' id='word_1_64' title='bbox 705 1112 1059 1174; x_wconf 79' lang='lat' dir='ltr'><strong>commissis</strong></span> <span class='ocrx_word' id='word_1_65' title='bbox 1096 1113 1431 1188; x_wconf 87' lang='lat' dir='ltr'><strong>indictam;</strong></span> <span class='ocrx_word' id='word_1_66' title='bbox 1479 1114 1589 1172; x_wconf 87' lang='lat' dir='ltr'><strong>aut</strong></span> <span class='ocrx_word' id='word_1_67' title='bbox 1617 1112 1795 1188; x_wconf 88' lang='lat' dir='ltr'><strong>quasi</strong></span> <span class='ocrx_word' id='word_1_68' title='bbox 1822 1113 2244 1189; x_wconf 88' lang='lat' dir='ltr'><strong>poenitentiae</strong></span> <span class='ocrx_word' id='word_1_69' title='bbox 2269 1133 2393 1174; x_wconf 81' lang='lat' dir='ltr'><strong>vox</strong></span> <span class='ocrx_word' id='word_1_70' title='bbox 2421 1110 2588 1172; x_wconf 86' lang='lat' dir='ltr'><strong>dicta</strong></span> <span class='ocrx_word' id='word_1_71' title='bbox 2612 1111 2696 1171; x_wconf 89' lang='lat' dir='ltr'><strong>sit</strong></span> <span class='ocrx_word' id='word_1_72' title='bbox 2725 1130 2762 1171; x_wconf 88' lang='lat' dir='ltr'><strong>a</strong></span> <span class='ocrx_word' id='word_1_73' title='bbox 2788 1129 3004 1188; x_wconf 89' lang='lat' dir='ltr'><strong>poena,</strong></span> <span class='ocrx_word' id='word_1_74' title='bbox 3035 1127 3113 1167; x_wconf 89' lang='lat' dir='ltr'><strong>ac</strong></span> 
     </span>
     <span class='ocr_line' id='line_1_9' title="bbox 706 1207 3112 1289; baseline -0.002 -17"><span class='ocrx_word' id='word_1_75' title='bbox 706 1232 834 1272; x_wconf 90' lang='lat' dir='ltr'><strong>non</strong></span> <span class='ocrx_word' id='word_1_76' title='bbox 868 1211 1080 1289; x_wconf 87' lang='lat' dir='ltr'><strong>potius</strong></span> <span class='ocrx_word' id='word_1_77' title='bbox 1107 1229 1145 1270; x_wconf 90' lang='lat' dir='ltr'><strong>a</strong></span> <span class='ocrx_word' id='word_1_78' title='bbox 1170 1230 1329 1288; x_wconf 91' lang='lat' dir='ltr'><strong>pone</strong></span> <span class='ocrx_word' id='word_1_79' title='bbox 1355 1210 1643 1286; x_wconf 89' lang='lat' dir='ltr'><strong>tenendo,</strong></span> <span class='ocrx_word' id='word_1_80' title='bbox 1676 1211 1797 1271; x_wconf 90' lang='lat' dir='ltr'><strong>hoc</strong></span> <span class='ocrx_word' id='word_1_81' title='bbox 1835 1213 1932 1271; x_wconf 90' lang='lat' dir='ltr'><strong>est</strong></span> <span class='ocrx_word' id='word_1_82' title='bbox 1960 1230 1998 1270; x_wconf 88' lang='lat' dir='ltr'><strong>a</strong></span> <span class='ocrx_word' id='word_1_83' title='bbox 2024 1211 2331 1287; x_wconf 86' lang='lat' dir='ltr'><strong>posterius</strong></span> <span class='ocrx_word' id='word_1_84' title='bbox 2357 1210 2783 1287; x_wconf 79' lang='lat' dir='ltr'><strong>intelligendO,</strong></span> <span class='ocrx_word' id='word_1_85' title='bbox 2819 1207 3112 1286; x_wconf 88' lang='lat' dir='ltr'><strong>quemad-</strong></span> 
     </span>
     <span class='ocr_line' id='line_1_10' title="bbox 704 1304 3116 1386; baseline -0.003 -15"><span class='ocrx_word' id='word_1_86' title='bbox 704 1309 965 1371; x_wconf 84' lang='lat' dir='ltr'><strong>modum</strong></span> <span class='ocrx_word' id='word_1_87' title='bbox 1014 1309 1266 1369; x_wconf 86' lang='lat' dir='ltr'><strong>Graecis</strong></span> <span class='ocrx_word' id='word_1_88' title='bbox 1319 1309 1604 1386; x_wconf 77' lang='grc' dir='ltr'>μετάνοια·</span> <span class='ocrx_word' id='word_1_89' title='bbox 1688 1310 1795 1369; x_wconf 90' lang='lat' dir='ltr'><strong>aut</strong></span> <span class='ocrx_word' id='word_1_90' title='bbox 1836 1308 2012 1386; x_wconf 83' lang='lat' dir='ltr'><strong>quasi</strong></span> <span class='ocrx_word' id='word_1_91' title='bbox 2059 1309 2198 1369; x_wconf 90' lang='lat' dir='ltr'><strong>ideo</strong></span> <span class='ocrx_word' id='word_1_92' title='bbox 2246 1308 2490 1369; x_wconf 88' lang='lat' dir='ltr'><strong>sublata</strong></span> <span class='ocrx_word' id='word_1_93' title='bbox 2528 1309 2615 1368; x_wconf 88' lang='lat' dir='ltr'><strong>sit</strong></span> <span class='ocrx_word' id='word_1_94' title='bbox 2655 1306 3006 1379; x_wconf 77' lang='lat' dir='ltr'><strong>satisfactio,</strong></span> <span class='ocrx_word' id='word_1_95' title='bbox 3052 1304 3116 1364; x_wconf 90' lang='lat' dir='ltr'><strong>si</strong></span> 
     </span>
     <span class='ocr_line' id='line_1_11' title="bbox 621 1403 3117 1487; baseline -0.001 -22"><span class='ocrx_word' id='word_1_96' title='bbox 621 1430 683 1466; x_wconf 89' lang='lat'><strong>10</strong></span> <span class='ocrx_word' id='word_1_97' title='bbox 708 1411 991 1487; x_wconf 88' lang='lat' dir='ltr'><strong>peccator</strong></span> <span class='ocrx_word' id='word_1_98' title='bbox 1030 1407 1318 1467; x_wconf 89' lang='lat' dir='ltr'><strong>iubeatur</strong></span> <span class='ocrx_word' id='word_1_99' title='bbox 1354 1406 1729 1485; x_wconf 82' lang='lat' dir='ltr'><strong>resipiscere.</strong></span> <span class='ocrx_word' id='word_1_100' title='bbox 1817 1406 2031 1483; x_wconf 85' lang='lat' dir='ltr'><strong>Capite</strong></span> <span class='ocrx_word' id='word_1_101' title='bbox 2068 1408 2243 1467; x_wconf 86' lang='lat' dir='ltr'><strong>sexto</strong></span> <span class='ocrx_word' id='word_1_102' title='bbox 2284 1408 2468 1486; x_wconf 89' lang='lat' dir='ltr'><strong>plane</strong></span> <span class='ocrx_word' id='word_1_103' title='bbox 2494 1405 2753 1466; x_wconf 89' lang='lat' dir='ltr'><strong>florebat</strong></span> <span class='ocrx_word' id='word_1_104' title='bbox 2779 1404 2879 1463; x_wconf 90' lang='lat' dir='ltr'><strong>illi</strong></span> <span class='ocrx_word' id='word_1_105' title='bbox 2913 1403 3117 1464; x_wconf 82' lang='lat' dir='ltr'><strong>Theo·</strong></span> 
     </span>
     <span class='ocr_line' id='line_1_12' title="bbox 707 1500 3117 1587; baseline -0.005 -19"><span class='ocrx_word' id='word_1_106' title='bbox 707 1507 887 1587; x_wconf 83' lang='lat' dir='ltr'><strong>logia.</strong></span> <span class='ocrx_word' id='word_1_107' title='bbox 995 1505 1278 1583; x_wconf 85' lang='lat' dir='ltr'><strong>Negabat</strong></span> <span class='ocrx_word' id='word_1_108' title='bbox 1320 1504 1652 1583; x_wconf 87' lang='lat' dir='ltr'><strong>quicquam</strong></span> <span class='ocrx_word' id='word_1_109' title='bbox 1693 1504 2026 1565; x_wconf 88' lang='lat' dir='ltr'><strong>absurdius</strong></span> <span class='ocrx_word' id='word_1_110' title='bbox 2065 1505 2340 1583; x_wconf 89' lang='lat' dir='ltr'><strong>potuisse</strong></span> <span class='ocrx_word' id='word_1_111' title='bbox 2380 1504 2519 1566; x_wconf 89' lang='lat' dir='ltr'><strong>fieri</strong></span> <span class='ocrx_word' id='word_1_112' title='bbox 2560 1523 2749 1582; x_wconf 88' lang='lat' dir='ltr'><strong>quam</strong></span> <span class='ocrx_word' id='word_1_113' title='bbox 2791 1500 2956 1579; x_wconf 91' lang='lat' dir='ltr'><strong>quod</strong></span> <span class='ocrx_word' id='word_1_114' title='bbox 2999 1518 3117 1576; x_wconf 91' lang='lat' dir='ltr'><strong>pro</strong></span> 
     </span>
     <span class='ocr_line' id='line_1_13' title="bbox 713 1598 3118 1665; baseline -0.004 0"><span class='ocrx_word' id='word_1_115' title='bbox 713 1608 728 1637; x_wconf 81' lang='lat'><em>⁴</em></span> <span class='ocrx_word' id='word_1_116' title='bbox 748 1604 1013 1665; x_wconf 85' lang='lat' dir='ltr'><strong>Dimitte</strong></span> <span class='ocrx_word' id='word_1_117' title='bbox 1034 1605 1050 1630; x_wconf 89' lang='lat'>’</span> <span class='ocrx_word' id='word_1_118' title='bbox 1093 1607 1159 1663; x_wconf 91' lang='lat' dir='ltr'><strong>et</strong></span> <span class='ocrx_word' id='word_1_119' title='bbox 1215 1604 1230 1633; x_wconf 91' lang='lat'>‘</span> <span class='ocrx_word' id='word_1_120' title='bbox 1253 1603 1655 1664; x_wconf 87' lang='lat' dir='ltr'><strong>Dimittimus</strong></span> <span class='ocrx_word' id='word_1_121' title='bbox 1672 1602 1689 1628; x_wconf 78' lang='lat'><strong>⁹</strong></span> <span class='ocrx_word' id='word_1_122' title='bbox 1738 1622 2070 1663; x_wconf 89' lang='lat' dir='ltr'><strong>nouassem</strong></span> <span class='ocrx_word' id='word_1_123' title='bbox 2118 1606 2133 1635; x_wconf 90' lang='lat'>‘</span> <span class='ocrx_word' id='word_1_124' title='bbox 2152 1604 2433 1664; x_wconf 87' lang='lat' dir='ltr'><strong>Remitte</strong></span> <span class='ocrx_word' id='word_1_125' title='bbox 2451 1605 2467 1630; x_wconf 89' lang='lat'>’</span> <span class='ocrx_word' id='word_1_126' title='bbox 2513 1607 2577 1663; x_wconf 91' lang='lat' dir='ltr'><strong>et</strong></span> <span class='ocrx_word' id='word_1_127' title='bbox 2626 1604 2641 1633; x_wconf 91' lang='lat'>‘</span> <span class='ocrx_word' id='word_1_128' title='bbox 2660 1598 3118 1662; x_wconf 81' lang='lat' dir='ltr'><strong>Remittimus.&#39;</strong></span> 
     </span>
     <span class='ocr_line' id='line_1_14' title="bbox 711 1698 3119 1781; baseline -0.003 -19"><span class='ocrx_word' id='word_1_129' title='bbox 711 1702 1068 1775; x_wconf 77' lang='lat' dir='ltr'><strong>Remittere,</strong></span> <span class='ocrx_word' id='word_1_130' title='bbox 1111 1701 1337 1778; x_wconf 88' lang='lat' dir='ltr'><strong>inquit,</strong></span> <span class='ocrx_word' id='word_1_131' title='bbox 1369 1701 1641 1761; x_wconf 83' lang='lat' dir='ltr'><strong>declarat</strong></span> <span class='ocrx_word' id='word_1_132' title='bbox 1681 1699 1914 1760; x_wconf 85' lang='lat' dir='ltr'><strong>iterum</strong></span> <span class='ocrx_word' id='word_1_133' title='bbox 1957 1702 2033 1761; x_wconf 88' lang='lat' dir='ltr'><strong>ad</strong></span> <span class='ocrx_word' id='word_1_134' title='bbox 2078 1702 2350 1781; x_wconf 86' lang='lat' dir='ltr'><strong>aliquem</strong></span> <span class='ocrx_word' id='word_1_135' title='bbox 2390 1702 2657 1762; x_wconf 87' lang='lat' dir='ltr'><strong>mittere.</strong></span> <span class='ocrx_word' id='word_1_136' title='bbox 2746 1698 2901 1774; x_wconf 82' lang='lat' dir='ltr'><strong>Quis</strong></span> <span class='ocrx_word' id='word_1_137' title='bbox 2941 1713 3119 1755; x_wconf 89' lang='lat' dir='ltr'><strong>nunc</strong></span> 
     </span>
     <span class='ocr_line' id='line_1_15' title="bbox 712 1794 3119 1878; baseline -0.003 -18"><span class='ocrx_word' id='word_1_138' title='bbox 712 1803 850 1860; x_wconf 90' lang='lat' dir='ltr'><strong>orat</strong></span> <span class='ocrx_word' id='word_1_139' title='bbox 876 1804 948 1861; x_wconf 80' lang='lat' dir='ltr'><strong>vt</strong></span> <span class='ocrx_word' id='word_1_140' title='bbox 975 1799 1211 1859; x_wconf 90' lang='lat' dir='ltr'><strong>iterum</strong></span> <span class='ocrx_word' id='word_1_141' title='bbox 1238 1799 1315 1859; x_wconf 86' lang='lat' dir='ltr'><strong>ad</strong></span> <span class='ocrx_word' id='word_1_142' title='bbox 1354 1818 1420 1859; x_wconf 88' lang='lat' dir='ltr'><strong>se</strong></span> <span class='ocrx_word' id='word_1_143' title='bbox 1456 1800 1670 1860; x_wconf 89' lang='lat' dir='ltr'><strong>mittat</strong></span> <span class='ocrx_word' id='word_1_144' title='bbox 1704 1799 1873 1859; x_wconf 87' lang='lat' dir='ltr'><strong>Deus</strong></span> <span class='ocrx_word' id='word_1_145' title='bbox 1911 1803 2163 1875; x_wconf 86' lang='lat' dir='ltr'><strong>peccata</strong></span> <span class='ocrx_word' id='word_1_146' title='bbox 2194 1820 2306 1878; x_wconf 92' lang='lat' dir='ltr'><strong>per</strong></span> <span class='ocrx_word' id='word_1_147' title='bbox 2337 1799 2794 1860; x_wconf 87' lang='lat' dir='ltr'><strong>confessionem</strong></span> <span class='ocrx_word' id='word_1_148' title='bbox 2827 1794 3063 1856; x_wconf 85' lang='lat' dir='ltr'><strong>abolita</strong></span> <span class='ocrx_word' id='word_1_149' title='bbox 3083 1795 3119 1854; x_wconf 79' lang='lat'><strong>⁴?</strong></span> 
     </span>
     <span class='ocr_line' id='line_1_16' title="bbox 627 1892 3122 1977; baseline -0.001 -23"><span class='ocrx_word' id='word_1_150' title='bbox 627 1919 685 1968; x_wconf 85' lang='lat'><strong>15</strong></span> <span class='ocrx_word' id='word_1_151' title='bbox 715 1898 1006 1958; x_wconf 90' lang='lat' dir='ltr'><strong>Demiror</strong></span> <span class='ocrx_word' id='word_1_152' title='bbox 1047 1917 1208 1974; x_wconf 91' lang='lat' dir='ltr'><strong>quur</strong></span> <span class='ocrx_word' id='word_1_153' title='bbox 1249 1917 1379 1956; x_wconf 90' lang='lat' dir='ltr'><strong>non</strong></span> <span class='ocrx_word' id='word_1_154' title='bbox 1419 1898 1637 1958; x_wconf 88' lang='lat' dir='ltr'><strong>eadem</strong></span> <span class='ocrx_word' id='word_1_155' title='bbox 1680 1916 1865 1975; x_wconf 87' lang='lat' dir='ltr'><strong>opera</strong></span> <span class='ocrx_word' id='word_1_156' title='bbox 1904 1899 2106 1958; x_wconf 86' lang='lat' dir='ltr'><strong>rideat</strong></span> <span class='ocrx_word' id='word_1_157' title='bbox 2144 1897 2215 1958; x_wconf 92' lang='lat' dir='ltr'><strong>in</strong></span> <span class='ocrx_word' id='word_1_158' title='bbox 2256 1898 2557 1977; x_wconf 83' lang='lat' dir='ltr'><strong>Symbolo</strong></span> <span class='ocrx_word' id='word_1_159' title='bbox 2599 1897 2779 1957; x_wconf 82' lang='lat' dir='ltr'><strong>Fidei</strong></span> <span class='ocrx_word' id='word_1_160' title='bbox 2814 1899 3003 1971; x_wconf 89' lang='lat' dir='ltr'><strong>atque</strong></span> <span class='ocrx_word' id='word_1_161' title='bbox 3045 1892 3122 1951; x_wconf 90' lang='lat' dir='ltr'><strong>in</strong></span> 
     </span>
     <span class='ocr_line' id='line_1_17' title="bbox 713 1994 3123 2075; baseline -0.003 -19"><span class='ocrx_word' id='word_1_162' title='bbox 713 1996 870 2075; x_wconf 89' lang='lat' dir='ltr'><strong>ipsis</strong></span> <span class='ocrx_word' id='word_1_163' title='bbox 896 1997 1049 2056; x_wconf 88' lang='lat' dir='ltr'><strong>adeo</strong></span> <span class='ocrx_word' id='word_1_164' title='bbox 1079 1994 1441 2072; x_wconf 84' lang='lat' dir='ltr'><strong>Euangeliis</strong></span> <span class='ocrx_word' id='word_1_165' title='bbox 1468 1995 1904 2055; x_wconf 75' lang='lat' dir='ltr'><strong>remissionem</strong></span> <span class='ocrx_word' id='word_1_166' title='bbox 1940 1999 2337 2074; x_wconf 89' lang='lat' dir='ltr'><strong>peccatorum</strong></span> <span class='ocrx_word' id='word_1_167' title='bbox 2369 1997 2558 2056; x_wconf 88' lang='lat' dir='ltr'><strong>toties</strong></span> <span class='ocrx_word' id='word_1_168' title='bbox 2582 1996 2909 2055; x_wconf 81' lang='lat' dir='ltr'><strong>iteratam:</strong></span> <span class='ocrx_word' id='word_1_169' title='bbox 2951 2010 3123 2068; x_wconf 89' lang='lat' dir='ltr'><strong>quur</strong></span> 
     </span>
     <span class='ocr_line' id='line_1_18' title="bbox 713 2090 3123 2169; baseline -0.002 -15"><span class='ocrx_word' id='word_1_170' title='bbox 713 2095 818 2155; x_wconf 86' lang='lat' dir='ltr'><strong>hic</strong></span> <span class='ocrx_word' id='word_1_171' title='bbox 846 2114 977 2154; x_wconf 88' lang='lat' dir='ltr'><strong>non</strong></span> <span class='ocrx_word' id='word_1_172' title='bbox 1003 2093 1175 2153; x_wconf 89' lang='lat' dir='ltr'><strong>iubet</strong></span> <span class='ocrx_word' id='word_1_173' title='bbox 1203 2093 1392 2154; x_wconf 85' lang='lat' dir='ltr'><strong>scribi</strong></span> <span class='ocrx_word' id='word_1_174' title='bbox 1427 2096 1442 2125; x_wconf 92' lang='lat'>‘</span> <span class='ocrx_word' id='word_1_175' title='bbox 1461 2093 1908 2153; x_wconf 85' lang='lat' dir='ltr'><strong>Dimissionem</strong></span> <span class='ocrx_word' id='word_1_176' title='bbox 1927 2094 1943 2119; x_wconf 91' lang='lat'>&#39;</span> <span class='ocrx_word' id='word_1_177' title='bbox 1959 2095 1992 2154; x_wconf 77' lang='lat'><strong>⁴?</strong></span> <span class='ocrx_word' id='word_1_178' title='bbox 2075 2094 2241 2169; x_wconf 81' lang='lat' dir='ltr'><strong>Quin</strong></span> <span class='ocrx_word' id='word_1_179' title='bbox 2274 2094 2499 2154; x_wconf 86' lang='lat' dir='ltr'><strong>iisdem</strong></span> <span class='ocrx_word' id='word_1_180' title='bbox 2536 2092 2807 2153; x_wconf 86' lang='lat' dir='ltr'><strong>dicteriis</strong></span> <span class='ocrx_word' id='word_1_181' title='bbox 2844 2090 3123 2167; x_wconf 85' lang='lat' dir='ltr'><strong>exagitat</strong></span> 
     </span>
     <span class='ocr_line' id='line_1_19' title="bbox 714 2186 3123 2269; baseline -0.002 -16"><span class='ocrx_word' id='word_1_182' title='bbox 714 2196 899 2269; x_wconf 90' lang='lat' dir='ltr'><strong>caput</strong></span> <span class='ocrx_word' id='word_1_183' title='bbox 927 2193 1128 2251; x_wconf 90' lang='lat' dir='ltr'><strong>Lucae</strong></span> <span class='ocrx_word' id='word_1_184' title='bbox 1161 2190 1519 2268; x_wconf 88' lang='lat' dir='ltr'><strong>septimum,</strong></span> <span class='ocrx_word' id='word_1_185' title='bbox 1550 2191 1659 2251; x_wconf 83' lang='lat' dir='ltr'><strong>vbi</strong></span> <span class='ocrx_word' id='word_1_186' title='bbox 1692 2189 1793 2249; x_wconf 90' lang='lat' dir='ltr'><strong>bis</strong></span> <span class='ocrx_word' id='word_1_187' title='bbox 1829 2191 2087 2267; x_wconf 90' lang='lat' dir='ltr'><strong>ponitur</strong></span> <span class='ocrx_word' id='word_1_188' title='bbox 2125 2190 2491 2252; x_wconf 86' lang='lat' dir='ltr'><strong>remittendi</strong></span> <span class='ocrx_word' id='word_1_189' title='bbox 2522 2191 2805 2264; x_wconf 78' lang='lat' dir='ltr'><strong>verbum,</strong></span> <span class='ocrx_word' id='word_1_190' title='bbox 2848 2191 2863 2220; x_wconf 80' lang='lat'><em>⁴</em></span> <span class='ocrx_word' id='word_1_191' title='bbox 2884 2186 3123 2250; x_wconf 82' lang='lat' dir='ltr'><strong>Remit-</strong></span> 
     </span>
     <span class='ocr_line' id='line_1_20' title="bbox 716 2287 3125 2367; baseline -0.002 -17"><span class='ocrx_word' id='word_1_192' title='bbox 716 2294 940 2351; x_wconf 88' lang='lat' dir='ltr'><strong>tuntur</strong></span> <span class='ocrx_word' id='word_1_193' title='bbox 991 2289 1051 2349; x_wconf 90' lang='lat' dir='ltr'><strong>ei</strong></span> <span class='ocrx_word' id='word_1_194' title='bbox 1094 2292 1343 2367; x_wconf 90' lang='lat' dir='ltr'><strong>peccata</strong></span> <span class='ocrx_word' id='word_1_195' title='bbox 1385 2288 1604 2363; x_wconf 88' lang='lat' dir='ltr'><strong>multa,</strong></span> <span class='ocrx_word' id='word_1_196' title='bbox 1658 2288 1956 2365; x_wconf 89' lang='lat' dir='ltr'><strong>quoniam</strong></span> <span class='ocrx_word' id='word_1_197' title='bbox 2002 2289 2222 2349; x_wconf 83' lang='lat' dir='ltr'><strong>dilexit</strong></span> <span class='ocrx_word' id='word_1_198' title='bbox 2270 2289 2586 2365; x_wconf 89' lang='lat' dir='ltr'><strong>multum,’</strong></span> <span class='ocrx_word' id='word_1_199' title='bbox 2641 2291 2704 2349; x_wconf 92' lang='lat' dir='ltr'><strong>et</strong></span> <span class='ocrx_word' id='word_1_200' title='bbox 2759 2306 2922 2362; x_wconf 81' lang='lat' dir='ltr'><strong>mox,</strong></span> <span class='ocrx_word' id='word_1_201' title='bbox 2974 2289 2989 2318; x_wconf 90' lang='lat'>‘</span> <span class='ocrx_word' id='word_1_202' title='bbox 3008 2287 3125 2346; x_wconf 85' lang='lat' dir='ltr'><strong>Re·</strong></span> 
     </span>
     <span class='ocr_line' id='line_1_21' title="bbox 630 2383 3124 2466; baseline 0 -23"><span class='ocrx_word' id='word_1_203' title='bbox 630 2408 693 2445; x_wconf 83' lang='lat'><strong>20</strong></span> <span class='ocrx_word' id='word_1_204' title='bbox 718 2387 1065 2447; x_wconf 88' lang='lat' dir='ltr'><strong>mittuntur</strong></span> <span class='ocrx_word' id='word_1_205' title='bbox 1098 2386 1216 2446; x_wconf 89' lang='lat' dir='ltr'><strong>tibi</strong></span> <span class='ocrx_word' id='word_1_206' title='bbox 1251 2389 1540 2464; x_wconf 56' lang='lat' dir='ltr'><strong>peccata?</strong></span> <span class='ocrx_word' id='word_1_207' title='bbox 1622 2386 1765 2446; x_wconf 85' lang='lat' dir='ltr'><strong>Non</strong></span> <span class='ocrx_word' id='word_1_208' title='bbox 1792 2386 1956 2447; x_wconf 83' lang='lat' dir='ltr'><strong>vidit</strong></span> <span class='ocrx_word' id='word_1_209' title='bbox 1982 2386 2090 2447; x_wconf 91' lang='lat' dir='ltr'><strong>ille</strong></span> <span class='ocrx_word' id='word_1_210' title='bbox 2118 2387 2407 2463; x_wconf 73' lang='lat' dir='ltr'><strong>corebus,</strong></span> <span class='ocrx_word' id='word_1_211' title='bbox 2442 2386 2736 2466; x_wconf 88' lang='lat' dir='ltr'><strong>quicquid</strong></span> <span class='ocrx_word' id='word_1_212' title='bbox 2763 2385 2868 2446; x_wconf 89' lang='lat' dir='ltr'><strong>hic</strong></span> <span class='ocrx_word' id='word_1_213' title='bbox 2893 2383 3124 2445; x_wconf 90' lang='lat' dir='ltr'><strong>blater-</strong></span> 
     </span>
     <span class='ocr_line' id='line_1_22' title="bbox 716 2483 3125 2559; baseline -0.001 -13"><span class='ocrx_word' id='word_1_214' title='bbox 716 2486 851 2546; x_wconf 83' lang='lat' dir='ltr'><strong>auit</strong></span> <span class='ocrx_word' id='word_1_215' title='bbox 870 2486 938 2545; x_wconf 87' lang='lat' dir='ltr'><strong>in</strong></span> <span class='ocrx_word' id='word_1_216' title='bbox 967 2504 1173 2545; x_wconf 90' lang='lat' dir='ltr'><strong>meam</strong></span> <span class='ocrx_word' id='word_1_217' title='bbox 1193 2484 1567 2559; x_wconf 82' lang='lat' dir='ltr'><strong>versionem,</strong></span> <span class='ocrx_word' id='word_1_218' title='bbox 1594 2485 1812 2545; x_wconf 89' lang='lat' dir='ltr'><strong>cadere</strong></span> <span class='ocrx_word' id='word_1_219' title='bbox 1838 2485 1907 2544; x_wconf 92' lang='lat' dir='ltr'><strong>in</strong></span> <span class='ocrx_word' id='word_1_220' title='bbox 1933 2485 2267 2546; x_wconf 90' lang='lat' dir='ltr'><strong>lectionem</strong></span> <span class='ocrx_word' id='word_1_221' title='bbox 2293 2486 2784 2546; x_wconf 86' lang='lat' dir='ltr'><strong>ecclesiasticam.</strong></span> <span class='ocrx_word' id='word_1_222' title='bbox 2833 2483 3125 2544; x_wconf 84' lang='lat' dir='ltr'><strong>Secundo</strong></span> 
     </span>
     <span class='ocr_line' id='line_1_23' title="bbox 719 2580 3126 2661; baseline -0.002 -17"><span class='ocrx_word' id='word_1_223' title='bbox 719 2583 1020 2644; x_wconf 82' lang='lat' dir='ltr'><strong>Matthaei</strong></span> <span class='ocrx_word' id='word_1_224' title='bbox 1047 2583 1247 2660; x_wconf 90' lang='lat' dir='ltr'><strong>capite</strong></span> <span class='ocrx_word' id='word_1_225' title='bbox 1274 2603 1388 2661; x_wconf 91' lang='lat' dir='ltr'><strong>pro</strong></span> <span class='ocrx_word' id='word_1_226' title='bbox 1420 2586 1435 2615; x_wconf 92' lang='lat'>‘</span> <span class='ocrx_word' id='word_1_227' title='bbox 1451 2582 1676 2645; x_wconf 91' lang='lat' dir='ltr'><strong>Omnis</strong></span> <span class='ocrx_word' id='word_1_228' title='bbox 1707 2583 2143 2661; x_wconf 86' lang='lat' dir='ltr'><strong>Hierosolyma</strong></span> <span class='ocrx_word' id='word_1_229' title='bbox 2163 2583 2179 2609; x_wconf 89' lang='grc'><strong><em>’</em></strong></span> <span class='ocrx_word' id='word_1_230' title='bbox 2202 2587 2517 2645; x_wconf 78' lang='lat' dir='ltr'><strong>verteram</strong></span> <span class='ocrx_word' id='word_1_231' title='bbox 2546 2586 2563 2616; x_wconf 88' lang='lat'>‘</span> <span class='ocrx_word' id='word_1_232' title='bbox 2581 2585 2736 2643; x_wconf 80' lang='lat' dir='ltr'><strong>Tota</strong></span> <span class='ocrx_word' id='word_1_233' title='bbox 2764 2580 3126 2658; x_wconf 81' lang='lat' dir='ltr'><strong>Hierosoly-</strong></span> 
     </span>
     <span class='ocr_line' id='line_1_24' title="bbox 719 2679 3128 2760; baseline -0.002 -17"><span class='ocrx_word' id='word_1_234' title='bbox 719 2703 973 2743; x_wconf 90' lang='lat' dir='ltr'><strong>morum</strong></span> <span class='ocrx_word' id='word_1_235' title='bbox 1025 2682 1215 2756; x_wconf 82' lang='lat' dir='ltr'><strong>vrbs,&#39;</strong></span> <span class='ocrx_word' id='word_1_236' title='bbox 1260 2702 1391 2742; x_wconf 91' lang='lat' dir='ltr'><strong>non</strong></span> <span class='ocrx_word' id='word_1_237' title='bbox 1447 2681 1759 2743; x_wconf 87' lang='lat' dir='ltr'><strong>damnans</strong></span> <span class='ocrx_word' id='word_1_238' title='bbox 1812 2684 1977 2760; x_wconf 90' lang='lat' dir='ltr'><strong>quod</strong></span> <span class='ocrx_word' id='word_1_239' title='bbox 2040 2684 2172 2743; x_wconf 89' lang='lat' dir='ltr'><strong>erat</strong></span> <span class='ocrx_word' id='word_1_240' title='bbox 2231 2703 2498 2757; x_wconf 82' lang='lat' dir='ltr'><strong>versum,</strong></span> <span class='ocrx_word' id='word_1_241' title='bbox 2559 2681 2667 2742; x_wconf 89' lang='lat' dir='ltr'><strong>sed</strong></span> <span class='ocrx_word' id='word_1_242' title='bbox 2730 2679 3128 2757; x_wconf 83' lang='lat' dir='ltr'><strong>explanatius</strong></span> 
     </span>
     <span class='ocr_line' id='line_1_25' title="bbox 718 2779 3129 2860; baseline -0.002 -18"><span class='ocrx_word' id='word_1_243' title='bbox 718 2782 1018 2860; x_wconf 87' lang='lat' dir='ltr'><strong>eloquens</strong></span> <span class='ocrx_word' id='word_1_244' title='bbox 1046 2782 1210 2858; x_wconf 90' lang='lat' dir='ltr'><strong>quod</strong></span> <span class='ocrx_word' id='word_1_245' title='bbox 1253 2780 1449 2842; x_wconf 90' lang='lat' dir='ltr'><strong>sensit</strong></span> <span class='ocrx_word' id='word_1_246' title='bbox 1487 2781 1813 2857; x_wconf 88' lang='lat' dir='ltr'><strong>interpres.</strong></span> <span class='ocrx_word' id='word_1_247' title='bbox 1902 2782 2027 2842; x_wconf 92' lang='lat' dir='ltr'><strong>Hic</strong></span> <span class='ocrx_word' id='word_1_248' title='bbox 2061 2803 2097 2842; x_wconf 91' lang='lat' dir='ltr'><strong>e</strong></span> <span class='ocrx_word' id='word_1_249' title='bbox 2133 2781 2666 2859; x_wconf 86' lang='lat' dir='ltr'><strong>suppositionibus</strong></span> <span class='ocrx_word' id='word_1_250' title='bbox 2700 2779 3129 2858; x_wconf 84' lang='lat' dir='ltr'><strong>sophistarum</strong></span> 
     </span>
     <span class='ocr_line' id='line_1_26' title="bbox 634 2876 3130 2958; baseline -0.002 -15"><span class='ocrx_word' id='word_1_251' title='bbox 634 2907 694 2957; x_wconf 81' lang='lat'><strong>25</strong></span> <span class='ocrx_word' id='word_1_252' title='bbox 720 2880 1177 2941; x_wconf 86' lang='lat' dir='ltr'><strong>demonstrauit</strong></span> <span class='ocrx_word' id='word_1_253' title='bbox 1217 2900 1345 2940; x_wconf 91' lang='lat' dir='ltr'><strong>non</strong></span> <span class='ocrx_word' id='word_1_254' title='bbox 1381 2900 1559 2958; x_wconf 89' lang='lat' dir='ltr'><strong>posse</strong></span> <span class='ocrx_word' id='word_1_255' title='bbox 1594 2881 1866 2940; x_wconf 89' lang='lat' dir='ltr'><strong>eundem</strong></span> <span class='ocrx_word' id='word_1_256' title='bbox 1901 2900 2035 2940; x_wconf 90' lang='lat' dir='ltr'><strong>esse</strong></span> <span class='ocrx_word' id='word_1_257' title='bbox 2059 2901 2316 2941; x_wconf 86' lang='lat' dir='ltr'><strong>sensum</strong></span> <span class='ocrx_word' id='word_1_258' title='bbox 2343 2880 2412 2939; x_wconf 92' lang='lat' dir='ltr'><strong>in</strong></span> <span class='ocrx_word' id='word_1_259' title='bbox 2439 2879 2645 2939; x_wconf 86' lang='lat' dir='ltr'><strong>verbis</strong></span> <span class='ocrx_word' id='word_1_260' title='bbox 2680 2878 2855 2953; x_wconf 89' lang='lat' dir='ltr'><strong>meis,</strong></span> <span class='ocrx_word' id='word_1_261' title='bbox 2889 2876 2999 2955; x_wconf 90' lang='lat' dir='ltr'><strong>qui</strong></span> <span class='ocrx_word' id='word_1_262' title='bbox 3029 2880 3130 2938; x_wconf 89' lang='lat' dir='ltr'><strong>est</strong></span> 
     </span>
     <span class='ocr_line' id='line_1_27' title="bbox 722 2977 3132 3056; baseline -0.002 -17"><span class='ocrx_word' id='word_1_263' title='bbox 722 2980 796 3039; x_wconf 91' lang='lat' dir='ltr'><strong>in</strong></span> <span class='ocrx_word' id='word_1_264' title='bbox 834 2979 1046 3040; x_wconf 80' lang='lat' dir='ltr'><strong>verbis</strong></span> <span class='ocrx_word' id='word_1_265' title='bbox 1087 2979 1457 3056; x_wconf 84' lang='lat' dir='ltr'><strong>interpretis,</strong></span> <span class='ocrx_word' id='word_1_266' title='bbox 1491 2982 1815 3056; x_wconf 87' lang='lat' dir='ltr'><strong>propterea</strong></span> <span class='ocrx_word' id='word_1_267' title='bbox 1859 2980 2022 3056; x_wconf 90' lang='lat' dir='ltr'><strong>quod</strong></span> <span class='ocrx_word' id='word_1_268' title='bbox 2065 2979 2133 3038; x_wconf 90' lang='lat' dir='ltr'><strong>in</strong></span> <span class='ocrx_word' id='word_1_269' title='bbox 2170 2978 2331 3038; x_wconf 91' lang='lat' dir='ltr'><strong>meis</strong></span> <span class='ocrx_word' id='word_1_270' title='bbox 2367 2998 2498 3038; x_wconf 90' lang='lat' dir='ltr'><strong>non</strong></span> <span class='ocrx_word' id='word_1_271' title='bbox 2530 2977 2726 3054; x_wconf 86' lang='lat' dir='ltr'><strong>possit</strong></span> <span class='ocrx_word' id='word_1_272' title='bbox 2751 2996 2882 3036; x_wconf 85' lang='lat' dir='ltr'><strong>esse</strong></span> <span class='ocrx_word' id='word_1_273' title='bbox 2909 2995 3132 3053; x_wconf 89' lang='lat' dir='ltr'><strong>suppo-</strong></span> 
     </span>
     <span class='ocr_line' id='line_1_28' title="bbox 721 3074 3133 3154; baseline -0.001 -17"><span class='ocrx_word' id='word_1_274' title='bbox 721 3077 872 3137; x_wconf 90' lang='lat' dir='ltr'><strong>sitio</strong></span> <span class='ocrx_word' id='word_1_275' title='bbox 913 3097 1025 3153; x_wconf 89' lang='lat' dir='ltr'><strong>pro</strong></span> <span class='ocrx_word' id='word_1_276' title='bbox 1069 3077 1337 3153; x_wconf 88' lang='lat' dir='ltr'><strong>singulis</strong></span> <span class='ocrx_word' id='word_1_277' title='bbox 1376 3096 1679 3152; x_wconf 86' lang='lat' dir='ltr'><strong>generum</strong></span> <span class='ocrx_word' id='word_1_278' title='bbox 1720 3079 1831 3137; x_wconf 88' lang='lat' dir='ltr'><strong>aut</strong></span> <span class='ocrx_word' id='word_1_279' title='bbox 1871 3097 1983 3154; x_wconf 92' lang='lat' dir='ltr'><strong>pro</strong></span> <span class='ocrx_word' id='word_1_280' title='bbox 2023 3077 2354 3154; x_wconf 87' lang='lat' dir='ltr'><strong>generibus</strong></span> <span class='ocrx_word' id='word_1_281' title='bbox 2393 3076 2805 3154; x_wconf 80' lang='lat' dir='ltr'><strong>singulorum.</strong></span> <span class='ocrx_word' id='word_1_282' title='bbox 2894 3074 3133 3135; x_wconf 88' lang='lat' dir='ltr'><strong>Huius·</strong></span> 
     </span>
     <span class='ocr_line' id='line_1_29' title="bbox 725 3173 3133 3252; baseline 0 -18"><span class='ocrx_word' id='word_1_283' title='bbox 725 3175 897 3234; x_wconf 89' lang='lat' dir='ltr'><strong>modi</strong></span> <span class='ocrx_word' id='word_1_284' title='bbox 920 3174 1179 3233; x_wconf 88' lang='lat' dir='ltr'><strong>naenias</strong></span> <span class='ocrx_word' id='word_1_285' title='bbox 1200 3173 1481 3250; x_wconf 89' lang='lat' dir='ltr'><strong>quotidie</strong></span> <span class='ocrx_word' id='word_1_286' title='bbox 1501 3173 1844 3234; x_wconf 88' lang='lat' dir='ltr'><strong>deblaterat</strong></span> <span class='ocrx_word' id='word_1_287' title='bbox 1866 3175 2055 3235; x_wconf 91' lang='lat' dir='ltr'><strong>homo</strong></span> <span class='ocrx_word' id='word_1_288' title='bbox 2076 3195 2281 3250; x_wconf 83' lang='lat' dir='ltr'><strong>senex,</strong></span> <span class='ocrx_word' id='word_1_289' title='bbox 2305 3175 2763 3252; x_wconf 80' lang='lat' dir='ltr'><strong>Theologorum</strong></span> <span class='ocrx_word' id='word_1_290' title='bbox 2787 3173 3133 3234; x_wconf 89' lang='lat' dir='ltr'><strong>Louanien-</strong></span> 
     </span>
     <span class='ocr_line' id='line_1_30' title="bbox 725 3270 3129 3350; baseline 0 -20"><span class='ocrx_word' id='word_1_291' title='bbox 725 3271 893 3331; x_wconf 91' lang='lat' dir='ltr'><strong>sium</strong></span> <span class='ocrx_word' id='word_1_292' title='bbox 923 3270 1304 3347; x_wconf 82' lang='lat' dir='ltr'><strong>corypheus3</strong></span> <span class='ocrx_word' id='word_1_293' title='bbox 1358 3274 1422 3332; x_wconf 87' lang='lat' dir='ltr'><strong>et</strong></span> <span class='ocrx_word' id='word_1_294' title='bbox 1459 3270 1776 3330; x_wconf 86' lang='lat' dir='ltr'><strong>mirantur</strong></span> <span class='ocrx_word' id='word_1_295' title='bbox 1811 3272 2140 3333; x_wconf 88' lang='lat' dir='ltr'><strong>Pontificis</strong></span> <span class='ocrx_word' id='word_1_296' title='bbox 2177 3273 2503 3350; x_wconf 86' lang='lat' dir='ltr'><strong>negocium</strong></span> <span class='ocrx_word' id='word_1_297' title='bbox 2530 3292 2755 3350; x_wconf 89' lang='lat' dir='ltr'><strong>parum</strong></span> <span class='ocrx_word' id='word_1_298' title='bbox 2781 3272 3129 3347; x_wconf 89' lang='lat' dir='ltr'><strong>succedere,</strong></span> 
     </span>
     <span class='ocr_line' id='line_1_31' title="bbox 639 3368 3133 3449; baseline 0.002 -22"><span class='ocrx_word' id='word_1_299' title='bbox 639 3392 703 3441; x_wconf 76' lang='lat'><strong>50</strong></span> <span class='ocrx_word' id='word_1_300' title='bbox 728 3389 923 3446; x_wconf 90' lang='lat' dir='ltr'><strong>quum</strong></span> <span class='ocrx_word' id='word_1_301' title='bbox 959 3388 1068 3446; x_wconf 93' lang='lat' dir='ltr'><strong>per</strong></span> <span class='ocrx_word' id='word_1_302' title='bbox 1094 3369 1249 3429; x_wconf 88' lang='lat' dir='ltr'><strong>tales</strong></span> <span class='ocrx_word' id='word_1_303' title='bbox 1279 3368 1450 3429; x_wconf 91' lang='lat' dir='ltr'><strong>hisce</strong></span> <span class='ocrx_word' id='word_1_304' title='bbox 1479 3368 1683 3429; x_wconf 90' lang='lat' dir='ltr'><strong>modis</strong></span> <span class='ocrx_word' id='word_1_305' title='bbox 1719 3369 2208 3433; x_wconf 83' lang='lat' dir='ltr'><strong>administretur.</strong></span> <span class='ocrx_word' id='word_1_306' title='bbox 2297 3372 2348 3431; x_wconf 97' lang='grc' dir='ltr'>Ο</span> <span class='ocrx_word' id='word_1_307' title='bbox 2376 3372 2599 3449; x_wconf 87' lang='lat' dir='ltr'><strong>dignos</strong></span> <span class='ocrx_word' id='word_1_308' title='bbox 2634 3371 2941 3446; x_wconf 88' lang='lat' dir='ltr'><strong>homines,</strong></span> <span class='ocrx_word' id='word_1_309' title='bbox 2973 3391 3133 3449; x_wconf 92' lang='lat' dir='ltr'><strong>quos</strong></span> 
     </span>
     <span class='ocr_line' id='line_1_32' title="bbox 728 3465 3136 3546; baseline 0 -19"><span class='ocrx_word' id='word_1_310' title='bbox 728 3465 967 3527; x_wconf 90' lang='lat' dir='ltr'><strong>ociosos</strong></span> <span class='ocrx_word' id='word_1_311' title='bbox 1007 3465 1136 3526; x_wconf 90' lang='lat' dir='ltr'><strong>alat</strong></span> <span class='ocrx_word' id='word_1_312' title='bbox 1178 3466 1492 3536; x_wconf 87' lang='lat' dir='ltr'><strong>mundus;</strong></span> <span class='ocrx_word' id='word_1_313' title='bbox 1535 3484 1572 3525; x_wconf 93' lang='lat' dir='ltr'><strong>o</strong></span> <span class='ocrx_word' id='word_1_314' title='bbox 1604 3466 1992 3545; x_wconf 82' lang='lat' dir='ltr'><strong>Theologum</strong></span> <span class='ocrx_word' id='word_1_315' title='bbox 2034 3489 2290 3546; x_wconf 87' lang='lat' dir='ltr'><strong>grauem</strong></span> <span class='ocrx_word' id='word_1_316' title='bbox 2330 3489 2401 3529; x_wconf 89' lang='lat' dir='ltr'><strong>ac</strong></span> <span class='ocrx_word' id='word_1_317' title='bbox 2441 3469 2724 3546; x_wconf 89' lang='lat' dir='ltr'><strong>dignum,</strong></span> <span class='ocrx_word' id='word_1_318' title='bbox 2756 3469 2857 3528; x_wconf 87' lang='lat' dir='ltr'><strong>cui</strong></span> <span class='ocrx_word' id='word_1_319' title='bbox 2892 3469 3136 3529; x_wconf 90' lang='lat' dir='ltr'><strong>cordati</strong></span> 
     </span>
     <span class='ocr_line' id='line_1_33' title="bbox 725 3563 3132 3645; baseline 0.002 -21"><span class='ocrx_word' id='word_1_320' title='bbox 725 3566 898 3625; x_wconf 89' lang='lat' dir='ltr'><strong>ciues</strong></span> <span class='ocrx_word' id='word_1_321' title='bbox 935 3566 1188 3623; x_wconf 87' lang='lat' dir='ltr'><strong>credant</strong></span> <span class='ocrx_word' id='word_1_322' title='bbox 1228 3582 1373 3623; x_wconf 88' lang='lat' dir='ltr'><strong>suos</strong></span> <span class='ocrx_word' id='word_1_323' title='bbox 1410 3563 1676 3625; x_wconf 80' lang='lat' dir='ltr'><strong>liberos!</strong></span> <span class='ocrx_word' id='word_1_324' title='bbox 1739 3565 1823 3625; x_wconf 87' lang='lat' dir='ltr'><strong>Et</strong></span> <span class='ocrx_word' id='word_1_325' title='bbox 1854 3566 2003 3626; x_wconf 90' lang='lat' dir='ltr'><strong>huic</strong></span> <span class='ocrx_word' id='word_1_326' title='bbox 2038 3568 2388 3628; x_wconf 89' lang='lat' dir='ltr'><strong>calumniae</strong></span> <span class='ocrx_word' id='word_1_327' title='bbox 2422 3567 2636 3645; x_wconf 86' lang='lat' dir='ltr'><strong>paucis</strong></span> <span class='ocrx_word' id='word_1_328' title='bbox 2673 3567 3132 3645; x_wconf 89' lang='lat' dir='ltr'><strong>respondimus.</strong></span> 
     </span>
     <span class='ocr_line' id='line_1_34' title="bbox 729 3661 3134 3744; baseline 0.002 -22"><span class='ocrx_word' id='word_1_329' title='bbox 729 3663 940 3722; x_wconf 88' lang='lat' dir='ltr'><strong>Habet</strong></span> <span class='ocrx_word' id='word_1_330' title='bbox 988 3661 1090 3722; x_wconf 85' lang='lat' dir='ltr'><strong>hic</strong></span> <span class='ocrx_word' id='word_1_331' title='bbox 1139 3666 1561 3739; x_wconf 88' lang='lat' dir='ltr'><strong>compotorem</strong></span> <span class='ocrx_word' id='word_1_332' title='bbox 1608 3662 1718 3740; x_wconf 89' lang='lat' dir='ltr'><strong>qui</strong></span> <span class='ocrx_word' id='word_1_333' title='bbox 1766 3667 1828 3724; x_wconf 82' lang='lat' dir='ltr'><strong>et</strong></span> <span class='ocrx_word' id='word_1_334' title='bbox 1877 3664 2010 3741; x_wconf 88' lang='lat' dir='ltr'><strong>ipse</strong></span> <span class='ocrx_word' id='word_1_335' title='bbox 2054 3666 2303 3744; x_wconf 88' lang='lat' dir='ltr'><strong>magnis</strong></span> <span class='ocrx_word' id='word_1_336' title='bbox 2343 3665 2579 3742; x_wconf 81' lang='lat' dir='ltr'><strong>vigiliis</strong></span> <span class='ocrx_word' id='word_1_337' title='bbox 2631 3665 2866 3726; x_wconf 90' lang='lat' dir='ltr'><strong>librum</strong></span> <span class='ocrx_word' id='word_1_338' title='bbox 2913 3665 2983 3725; x_wconf 89' lang='lat' dir='ltr'><strong>in</strong></span> <span class='ocrx_word' id='word_1_339' title='bbox 3030 3686 3134 3726; x_wconf 92' lang='lat' dir='ltr'><strong>me</strong></span> 
     </span>
     <span class='ocr_line' id='line_1_35' title="bbox 731 3761 3136 3842; baseline 0.002 -20"><span class='ocrx_word' id='word_1_340' title='bbox 731 3762 994 3822; x_wconf 90' lang='lat' dir='ltr'><strong>molitus</strong></span> <span class='ocrx_word' id='word_1_341' title='bbox 1030 3764 1143 3835; x_wconf 89' lang='lat' dir='ltr'><strong>est,</strong></span> <span class='ocrx_word' id='word_1_342' title='bbox 1178 3761 1503 3821; x_wconf 82' lang='lat' dir='ltr'><strong>aeditums</strong></span> <span class='ocrx_word' id='word_1_343' title='bbox 1538 3761 1593 3821; x_wconf 90' lang='lat' dir='ltr'><strong>si</strong></span> <span class='ocrx_word' id='word_1_344' title='bbox 1621 3762 1946 3823; x_wconf 86' lang='lat' dir='ltr'><strong>Vicarium</strong></span> <span class='ocrx_word' id='word_1_345' title='bbox 1984 3766 2225 3826; x_wconf 89' lang='lat' dir='ltr'><strong>ordinis</strong></span> <span class='ocrx_word' id='word_1_346' title='bbox 2252 3769 2471 3826; x_wconf 89' lang='lat' dir='ltr'><strong>nactus</strong></span> <span class='ocrx_word' id='word_1_347' title='bbox 2505 3766 2590 3825; x_wconf 90' lang='lat' dir='ltr'><strong>sit</strong></span> <span class='ocrx_word' id='word_1_348' title='bbox 2618 3785 2810 3842; x_wconf 91' lang='lat' dir='ltr'><strong>aeque</strong></span> <span class='ocrx_word' id='word_1_349' title='bbox 2837 3765 3136 3826; x_wconf 89' lang='lat' dir='ltr'><strong>insanum</strong></span> 
     </span>
    </p>
   </div>
   <div class='ocr_carea' id='block_1_3' title="bbox 644 3859 3138 4370">
    <p class='ocr_par' dir='ltr' id='par_1_3' title="bbox 644 3859 3136 4018">
     <span class='ocr_line' id='line_1_36' title="bbox 644 3859 3136 3941; baseline 0.002 -22"><span class='ocrx_word' id='word_1_350' title='bbox 644 3882 705 3932; x_wconf 83' lang='lat'><strong>35</strong></span> <span class='ocrx_word' id='word_1_351' title='bbox 733 3862 918 3936; x_wconf 88' lang='lat' dir='ltr'><strong>atque</strong></span> <span class='ocrx_word' id='word_1_352' title='bbox 945 3861 1075 3936; x_wconf 89' lang='lat' dir='ltr'><strong>ipse</strong></span> <span class='ocrx_word' id='word_1_353' title='bbox 1103 3861 1216 3919; x_wconf 89' lang='lat' dir='ltr'><strong>est.</strong></span> <span class='ocrx_word' id='word_1_354' title='bbox 1303 3859 1495 3919; x_wconf 85' lang='lat' dir='ltr'><strong>Nulla</strong></span> <span class='ocrx_word' id='word_1_355' title='bbox 1530 3879 1629 3919; x_wconf 89' lang='lat' dir='ltr'><strong>res</strong></span> <span class='ocrx_word' id='word_1_356' title='bbox 1656 3861 1858 3937; x_wconf 88' lang='lat' dir='ltr'><strong>magis</strong></span> <span class='ocrx_word' id='word_1_357' title='bbox 1885 3863 2355 3924; x_wconf 88' lang='lat' dir='ltr'><strong>commendauit</strong></span> <span class='ocrx_word' id='word_1_358' title='bbox 2390 3862 2739 3923; x_wconf 89' lang='lat' dir='ltr'><strong>Lutherum</strong></span> <span class='ocrx_word' id='word_1_359' title='bbox 2775 3862 2912 3922; x_wconf 89' lang='lat' dir='ltr'><strong>orbi</strong></span> <span class='ocrx_word' id='word_1_360' title='bbox 2943 3884 3136 3941; x_wconf 89' lang='lat' dir='ltr'><strong>quam</strong></span> 
     </span>
     <span class='ocr_line' id='line_1_37' title="bbox 734 3956 1704 4018; baseline 0.001 -1"><span class='ocrx_word' id='word_1_361' title='bbox 734 3956 1067 4018; x_wconf 89' lang='lat' dir='ltr'><strong>hominum</strong></span> <span class='ocrx_word' id='word_1_362' title='bbox 1098 3956 1461 4017; x_wconf 89' lang='lat' dir='ltr'><strong>huiusmodi</strong></span> <span class='ocrx_word' id='word_1_363' title='bbox 1481 3977 1704 4018; x_wconf 87' lang='lat' dir='ltr'><strong>mores.</strong></span> 
     </span>
    </p>

    <p class='ocr_par' dir='ltr' id='par_1_4' title="bbox 819 4054 3136 4138">
     <span class='ocr_line' id='line_1_38' title="bbox 819 4054 3136 4138; baseline 0.003 -25"><span class='ocrx_word' id='word_1_364' title='bbox 819 4054 987 4129; x_wconf 82' lang='lat' dir='ltr'><strong>Quin</strong></span> <span class='ocrx_word' id='word_1_365' title='bbox 1014 4057 1077 4114; x_wconf 89' lang='lat' dir='ltr'><strong>et</strong></span> <span class='ocrx_word' id='word_1_366' title='bbox 1102 4055 1284 4115; x_wconf 88' lang='lat' dir='ltr'><strong>Nouo</strong></span> <span class='ocrx_word' id='word_1_367' title='bbox 1305 4056 1706 4117; x_wconf 84' lang='lat' dir='ltr'><strong>Testamento</strong></span> <span class='ocrx_word' id='word_1_368' title='bbox 1732 4057 2054 4134; x_wconf 85' lang='lat' dir='ltr'><strong>prodituro</strong></span> <span class='ocrx_word' id='word_1_369' title='bbox 2073 4078 2266 4118; x_wconf 81' lang='lat' dir='ltr'><strong>vnam</strong></span> <span class='ocrx_word' id='word_1_370' title='bbox 2288 4061 2474 4135; x_wconf 87' lang='lat' dir='ltr'><strong>atque</strong></span> <span class='ocrx_word' id='word_1_371' title='bbox 2494 4059 2758 4120; x_wconf 87' lang='lat' dir='ltr'><strong>alteram</strong></span> <span class='ocrx_word' id='word_1_372' title='bbox 2785 4059 3136 4138; x_wconf 88' lang='lat' dir='ltr'><strong>apologiam</strong></span> 
     </span>
    </p>

    <p class='ocr_par' dir='ltr' id='par_1_5' title="bbox 734 4152 3138 4234">
     <span class='ocr_line' id='line_1_39' title="bbox 734 4152 3138 4234; baseline 0.002 -21"><span class='ocrx_word' id='word_1_373' title='bbox 734 4152 1093 4228; x_wconf 86' lang='lat' dir='ltr'><strong>adiecimus,</strong></span> <span class='ocrx_word' id='word_1_374' title='bbox 1131 4153 1487 4214; x_wconf 84' lang='lat' dir='ltr'><strong>diuinantes</strong></span> <span class='ocrx_word' id='word_1_375' title='bbox 1528 4174 1661 4214; x_wconf 93' lang='lat' dir='ltr'><strong>non</strong></span> <span class='ocrx_word' id='word_1_376' title='bbox 1702 4155 2022 4217; x_wconf 77' lang='lat' dir='ltr'><strong>defuturos</strong></span> <span class='ocrx_word' id='word_1_377' title='bbox 2063 4158 2173 4234; x_wconf 90' lang='lat' dir='ltr'><strong>qui</strong></span> <span class='ocrx_word' id='word_1_378' title='bbox 2213 4157 2757 4220; x_wconf 87' lang='lat' dir='ltr'><strong>calumniarentur.</strong></span> <span class='ocrx_word' id='word_1_379' title='bbox 2862 4159 3027 4220; x_wconf 84' lang='lat' dir='ltr'><strong>Sunt</strong></span> <span class='ocrx_word' id='word_1_380' title='bbox 3074 4162 3138 4219; x_wconf 83' lang='lat' dir='ltr'><strong>et</strong></span> 
     </span>
    </p>

    <p class='ocr_par' dir='ltr' id='par_1_6' title="bbox 800 4292 3134 4370">
     <span class='ocr_line' id='line_1_40' title="bbox 800 4292 3134 4370; baseline 0.003 -31"><span class='ocrx_word' id='word_1_381' title='bbox 800 4305 852 4354; x_wconf 87' lang='lat'><strong>9.</strong></span> <span class='ocrx_word' id='word_1_382' title='bbox 876 4294 970 4339; x_wconf 89' lang='lat' dir='ltr'><strong>aut</strong></span> <span class='ocrx_word' id='word_1_383' title='bbox 992 4308 1027 4352; x_wconf 79' lang='grc' dir='ltr'>γ</span> <span class='ocrx_word' id='word_1_384' title='bbox 1044 4308 1060 4340; x_wconf 86' lang='lat'>:</span> <span class='ocrx_word' id='word_1_385' title='bbox 1094 4298 1151 4340; x_wconf 83' lang='lat' dir='ltr'><strong>vt</strong></span> <span class='ocrx_word' id='word_1_386' title='bbox 1173 4293 1225 4345; x_wconf 83' lang='grc' dir='ltr'><strong>β.</strong></span> <span class='ocrx_word' id='word_1_387' title='bbox 1426 4306 1506 4354; x_wconf 87' lang='lat'><strong>31.</strong></span> <span class='ocrx_word' id='word_1_388' title='bbox 1541 4292 1869 4370; x_wconf 78' lang='lat' dir='ltr'><strong>Theologum</strong></span> <span class='ocrx_word' id='word_1_389' title='bbox 1891 4309 2111 4356; x_wconf 83' lang='lat' dir='ltr'><strong>grauem</strong></span> <span class='ocrx_word' id='word_1_390' title='bbox 2133 4309 2196 4343; x_wconf 88' lang='lat' dir='ltr'><strong>ac</strong></span> <span class='ocrx_word' id='word_1_391' title='bbox 2216 4298 2327 4345; x_wconf 72' lang='lat' dir='ltr'><strong>aad.</strong></span> <span class='ocrx_word' id='word_1_392' title='bbox 2353 4297 2408 4349; x_wconf 83' lang='grc' dir='ltr'><strong>β.</strong></span> <span class='ocrx_word' id='word_1_393' title='bbox 2589 4310 2669 4356; x_wconf 74' lang='grc' dir='ltr'><strong>3ο.</strong></span> <span class='ocrx_word' id='word_1_394' title='bbox 2707 4295 2776 4345; x_wconf 86' lang='lat' dir='ltr'><strong>Et</strong></span> <span class='ocrx_word' id='word_1_395' title='bbox 2800 4333 2811 4346; x_wconf 92' lang='lat'><strong>.</strong></span> <span class='ocrx_word' id='word_1_396' title='bbox 2835 4332 2847 4347; x_wconf 92' lang='lat'><strong>.</strong></span> <span class='ocrx_word' id='word_1_397' title='bbox 2874 4333 2887 4346; x_wconf 93' lang='lat'><strong>.</strong></span> <span class='ocrx_word' id='word_1_398' title='bbox 2910 4310 2989 4358; x_wconf 86' lang='lat'><strong>35.</strong></span> <span class='ocrx_word' id='word_1_399' title='bbox 3018 4297 3134 4360; x_wconf 85' lang='lat' dir='ltr'><strong>ipse</strong></span> 
     </span>
    </p>
   </div>
   <div class='ocr_carea' id='block_1_4' title="bbox 735 4357 3136 4423">
    <p class='ocr_par' dir='ltr' id='par_1_7' title="bbox 735 4357 3136 4423">
     <span class='ocr_line' id='line_1_41' title="bbox 735 4357 3136 4423; baseline 0.002 -17"><span class='ocrx_word' id='word_1_400' title='bbox 735 4365 821 4406; x_wconf 84' lang='lat' dir='ltr'><strong>est</strong></span> <span class='ocrx_word' id='word_1_401' title='bbox 843 4374 909 4405; x_wconf 78' lang='lat' dir='ltr'><strong>a:</strong></span> <span class='ocrx_word' id='word_1_402' title='bbox 946 4357 1081 4405; x_wconf 86' lang='lat' dir='ltr'><strong>Nam</strong></span> <span class='ocrx_word' id='word_1_403' title='bbox 1107 4358 1248 4405; x_wconf 89' lang='lat' dir='ltr'><strong>hanc</strong></span> <span class='ocrx_word' id='word_1_404' title='bbox 1267 4372 1479 4419; x_wconf 88' lang='lat' dir='ltr'><strong>quoque</strong></span> <span class='ocrx_word' id='word_1_405' title='bbox 1510 4359 1850 4420; x_wconf 67' lang='lat' dir='ltr'><strong>prouinciam</strong></span> <span class='ocrx_word' id='word_1_406' title='bbox 1881 4361 2122 4421; x_wconf 87' lang='lat' dir='ltr'><strong>suscipit,</strong></span> <span class='ocrx_word' id='word_1_407' title='bbox 2150 4375 2258 4422; x_wconf 90' lang='lat' dir='ltr'><strong>quo</strong></span> <span class='ocrx_word' id='word_1_408' title='bbox 2292 4361 2471 4423; x_wconf 88' lang='lat' dir='ltr'><strong>plures</strong></span> <span class='ocrx_word' id='word_1_409' title='bbox 2503 4363 2680 4410; x_wconf 81' lang='lat' dir='ltr'><strong>arceat</strong></span> <span class='ocrx_word' id='word_1_410' title='bbox 2710 4376 2742 4411; x_wconf 88' lang='lat' dir='ltr'><strong>a</strong></span> <span class='ocrx_word' id='word_1_411' title='bbox 2776 4362 2931 4411; x_wconf 85' lang='lat' dir='ltr'><strong>bonis</strong></span> <span class='ocrx_word' id='word_1_412' title='bbox 2961 4363 3136 4412; x_wconf 83' lang='lat' dir='ltr'><strong>literis</strong></span> 
     </span>
    </p>
   </div>
   <div class='ocr_carea' id='block_1_5' title="bbox 738 4423 3137 4538">
    <p class='ocr_par' dir='ltr' id='par_1_8' title="bbox 738 4423 3137 4538">
     <span class='ocr_line' id='line_1_42' title="bbox 738 4423 3137 4538; baseline 0.004 -69"><span class='ocrx_word' id='word_1_413' title='bbox 738 4423 986 4538; x_wconf 38' lang='lat' dir='ltr'><strong>{gestam</strong></span> <span class='ocrx_word' id='word_1_414' title='bbox 1021 4423 1536 4536; x_wconf 55' lang='lat' dir='ltr'><strong>hiiiqgrssrguinciam</strong></span> <span class='ocrx_word' id='word_1_415' title='bbox 1572 4460 1585 4473; x_wconf 91' lang='lat'><strong>.</strong></span> <span class='ocrx_word' id='word_1_416' title='bbox 1607 4460 1620 4473; x_wconf 89' lang='lat'><strong>.</strong></span> <span class='ocrx_word' id='word_1_417' title='bbox 1646 4461 1660 4475; x_wconf 91' lang='lat'><strong>.</strong></span> <span class='ocrx_word' id='word_1_418' title='bbox 1694 4423 1874 4474; x_wconf 79' lang='lat' dir='ltr'><strong>literis</strong></span> <span class='ocrx_word' id='word_1_419' title='bbox 1906 4442 1976 4489; x_wconf 69' lang='grc' dir='ltr'><strong>γε</strong></span> <span class='ocrx_word' id='word_1_420' title='bbox 2019 4425 2159 4476; x_wconf 76' lang='lat' dir='ltr'><strong>Nam</strong></span> <span class='ocrx_word' id='word_1_421' title='bbox 2193 4426 2333 4478; x_wconf 81' lang='lat' dir='ltr'><strong>hanc</strong></span> <span class='ocrx_word' id='word_1_422' title='bbox 2365 4428 2701 4490; x_wconf 82' lang='lat' dir='ltr'><strong>prouinciam</strong></span> <span class='ocrx_word' id='word_1_423' title='bbox 2736 4462 2751 4476; x_wconf 88' lang='lat'><strong>.</strong></span> <span class='ocrx_word' id='word_1_424' title='bbox 2781 4462 2795 4477; x_wconf 89' lang='lat'><strong>.</strong></span> <span class='ocrx_word' id='word_1_425' title='bbox 2819 4465 2835 4478; x_wconf 89' lang='lat'><strong>.</strong></span> <span class='ocrx_word' id='word_1_426' title='bbox 2870 4442 2978 4489; x_wconf 84' lang='lat' dir='ltr'><strong>quo</strong></span> <span class='ocrx_word' id='word_1_427' title='bbox 3009 4429 3137 4491; x_wconf 87' lang='lat' dir='ltr'><strong>plus</strong></span> 
     </span>
    </p>
   </div>
   <div class='ocr_carea' id='block_1_6' title="bbox 936 4670 2936 4738">
    <p class='ocr_par' dir='ltr' id='par_1_9' title="bbox 936 4670 2936 4738">
     <span class='ocr_line' id='line_1_43' title="bbox 936 4670 2936 4738; baseline 0.001 -14"><span class='ocrx_word' id='word_1_428' title='bbox 936 4688 1016 4724; x_wconf 79' lang='lat'><strong>20.</strong></span> <span class='ocrx_word' id='word_1_429' title='bbox 1054 4671 1312 4738; x_wconf 79' lang='lat' dir='ltr'><strong>corebus]</strong></span> <span class='ocrx_word' id='word_1_430' title='bbox 1348 4670 1428 4725; x_wconf 81' lang='lat' dir='ltr'><strong>Cf.</strong></span> <span class='ocrx_word' id='word_1_431' title='bbox 1452 4672 1609 4736; x_wconf 81' lang='lat' dir='ltr'><strong>Verg.</strong></span> <span class='ocrx_word' id='word_1_432' title='bbox 1637 4676 1756 4726; x_wconf 73' lang='lat' dir='ltr'><strong>Aen.</strong></span> <span class='ocrx_word' id='word_1_433' title='bbox 1783 4688 1830 4722; x_wconf 80' lang='lat'><strong>2.</strong></span> <span class='ocrx_word' id='word_1_434' title='bbox 1854 4675 2016 4736; x_wconf 35' lang='lat' dir='ltr'>341u6</span> <span class='ocrx_word' id='word_1_435' title='bbox 2037 4674 2146 4725; x_wconf 90' lang='lat' dir='ltr'><strong>and</strong></span> <span class='ocrx_word' id='word_1_436' title='bbox 2170 4675 2351 4738; x_wconf 77' lang='lat'><strong>407-8,</strong></span> <span class='ocrx_word' id='word_1_437' title='bbox 2374 4675 2484 4726; x_wconf 87' lang='lat' dir='ltr'><strong>and</strong></span> <span class='ocrx_word' id='word_1_438' title='bbox 2505 4675 2724 4726; x_wconf 79' lang='lat' dir='ltr'><strong>Servius</strong></span> <span class='ocrx_word' id='word_1_439' title='bbox 2746 4675 2814 4726; x_wconf 86' lang='lat' dir='ltr'><strong>ad</strong></span> <span class='ocrx_word' id='word_1_440' title='bbox 2838 4675 2936 4727; x_wconf 84' lang='lat' dir='ltr'><strong>loc.</strong></span> 
     </span>
    </p>
   </div>
  </div>
 </body>
</html>
