<?xml version="1.0" encoding="UTF-8"?>
<!DOCTYPE html PUBLIC "-//W3C//DTD XHTML 1.0 Transitional//EN"
    "http://www.w3.org/TR/xhtml1/DTD/xhtml1-transitional.dtd">
<html xmlns="http://www.w3.org/1999/xhtml" xml:lang="en" lang="en">
 <head>
  <title>
</title>
<meta http-equiv="Content-Type" content="text/html;charset=utf-8" />
  <meta name='ocr-system' content='tesseract 3.04.00' />
  <meta name='ocr-capabilities' content='ocr_page ocr_carea ocr_par ocr_line ocrx_word'/>
</head>
<body>
  <div class='ocr_page' id='page_1' title='image "./opusepistolarum00flowgoog_0210.png"; bbox 0 0 3355 5380; ppageno 0'>
   <div class='ocr_carea' id='block_1_1' title="bbox 702 369 3097 454">
    <p class='ocr_par' dir='ltr' id='par_1_1' title="bbox 702 369 3097 454">
     <span class='ocr_line' id='line_1_1' title="bbox 702 369 3097 454; baseline -0.001 -21"><span class='ocrx_word' id='word_1_1' title='bbox 702 380 811 433; x_wconf 83' lang='lat'>178</span> <span class='ocrx_word' id='word_1_2' title='bbox 1400 374 1778 435; x_wconf 62' lang='lat' dir='ltr'>ammas</span> <span class='ocrx_word' id='word_1_3' title='bbox 1834 373 1941 436; x_wconf 72' lang='lat' dir='ltr'>or</span> <span class='ocrx_word' id='word_1_4' title='bbox 1994 372 2391 435; x_wconf 73' lang='lat' dir='ltr'>nsAsts</span> <span class='ocrx_word' id='word_1_5' title='bbox 2908 369 3097 454; x_wconf 77' lang='lat'>[1497</span> 
     </span>
    </p>
   </div>
   <div class='ocr_carea' id='block_1_2' title="bbox 690 527 3126 705">
    <p class='ocr_par' dir='ltr' id='par_1_2' title="bbox 690 527 3126 705">
     <span class='ocr_line' id='line_1_2' title="bbox 690 527 3126 605; baseline -0.001 -13"><span class='ocrx_word' id='word_1_6' title='bbox 690 534 765 592; x_wconf 85' lang='lat' dir='ltr'>tu</span> <span class='ocrx_word' id='word_1_7' title='bbox 804 530 1003 591; x_wconf 85' lang='lat' dir='ltr'>furias</span> <span class='ocrx_word' id='word_1_8' title='bbox 1042 529 1111 589; x_wconf 92' lang='lat' dir='ltr'>in</span> <span class='ocrx_word' id='word_1_9' title='bbox 1154 528 1266 589; x_wconf 90' lang='lat' dir='ltr'>illo</span> <span class='ocrx_word' id='word_1_10' title='bbox 1307 531 1403 589; x_wconf 85' lang='lat' dir='ltr'>tot</span> <span class='ocrx_word' id='word_1_11' title='bbox 1450 529 1757 590; x_wconf 87' lang='lat' dir='ltr'>scelerum</span> <span class='ocrx_word' id='word_1_12' title='bbox 1799 527 2046 588; x_wconf 83' lang='lat' dir='ltr'>conscio</span> <span class='ocrx_word' id='word_1_13' title='bbox 2086 530 2334 605; x_wconf 76' lang='lat' dir='ltr'><strong>pectore</strong></span> <span class='ocrx_word' id='word_1_14' title='bbox 2375 528 2615 588; x_wconf 83' lang='lat' dir='ltr'>saeuire</span> <span class='ocrx_word' id='word_1_15' title='bbox 2654 527 2861 589; x_wconf 85' lang='lat' dir='ltr'>reris?</span> <span class='ocrx_word' id='word_1_16' title='bbox 2927 529 3126 605; x_wconf 80' lang='lat' dir='ltr'>Quae-</span> 
     </span>
     <span class='ocr_line' id='line_1_3' title="bbox 690 625 2990 705; baseline -0 -16"><span class='ocrx_word' id='word_1_17' title='bbox 690 627 821 689; x_wconf 93' lang='lat' dir='ltr'>illic</span> <span class='ocrx_word' id='word_1_18' title='bbox 849 626 1113 690; x_wconf 80' lang='lat' dir='ltr'>stridere</span> <span class='ocrx_word' id='word_1_19' title='bbox 1139 627 1417 702; x_wconf 82' lang='lat' dir='ltr'>verbera,</span> <span class='ocrx_word' id='word_1_20' title='bbox 1446 646 1602 704; x_wconf 83' lang='lat' dir='ltr'>quas</span> <span class='ocrx_word' id='word_1_21' title='bbox 1628 626 1935 687; x_wconf 79' lang='lat' dir='ltr'>intentari</span> <span class='ocrx_word' id='word_1_22' title='bbox 1962 625 2138 701; x_wconf 77' lang='lat' dir='ltr'>faces,</span> <span class='ocrx_word' id='word_1_23' title='bbox 2170 645 2327 703; x_wconf 86' lang='lat' dir='ltr'>quos</span> <span class='ocrx_word' id='word_1_24' title='bbox 2353 626 2648 688; x_wconf 84' lang='lat' dir='ltr'>stimulos</span> <span class='ocrx_word' id='word_1_25' title='bbox 2672 627 2940 705; x_wconf 76' lang='lat' dir='ltr'>impingi</span> <span class='ocrx_word' id='word_1_26' title='bbox 2957 630 2990 688; x_wconf 72' lang='grc' dir='ltr'><strong><em>Ῥ</em></strong></span> 
     </span>
    </p>
   </div>
   <div class='ocr_carea' id='block_1_3' title="bbox 576 748 2757 925">
    <p class='ocr_par' dir='ltr' id='par_1_3' title="bbox 576 748 2757 925">
     <span class='ocr_line' id='line_1_4' title="bbox 977 748 2563 823; baseline 0 -14"><span class='ocrx_word' id='word_1_27' title='bbox 977 750 1191 810; x_wconf 88' lang='lat' dir='ltr'>Poena</span> <span class='ocrx_word' id='word_1_28' title='bbox 1219 752 1430 810; x_wconf 88' lang='lat' dir='ltr'>autem</span> <span class='ocrx_word' id='word_1_29' title='bbox 1458 748 1801 811; x_wconf 82' lang='lat' dir='ltr'>vehemens</span> <span class='ocrx_word' id='word_1_30' title='bbox 1829 748 1894 808; x_wconf 89' lang='lat' dir='ltr'>et</span> <span class='ocrx_word' id='word_1_31' title='bbox 1921 748 2125 810; x_wconf 89' lang='lat' dir='ltr'>multo</span> <span class='ocrx_word' id='word_1_32' title='bbox 2152 748 2393 809; x_wconf 87' lang='lat' dir='ltr'>saeuior</span> <span class='ocrx_word' id='word_1_33' title='bbox 2419 748 2563 823; x_wconf 91' lang='lat' dir='ltr'>illis,</span> 
     </span>
     <span class='ocr_line' id='line_1_5' title="bbox 576 846 2757 925; baseline 0.002 -20"><span class='ocrx_word' id='word_1_34' title='bbox 576 869 595 905; x_wconf 88' lang='lat'>1</span> <span class='ocrx_word' id='word_1_35' title='bbox 608 871 670 907; x_wconf 79' lang='lat'>20</span> <span class='ocrx_word' id='word_1_36' title='bbox 978 849 1145 923; x_wconf 83' lang='lat' dir='ltr'>Quas</span> <span class='ocrx_word' id='word_1_37' title='bbox 1172 850 1280 908; x_wconf 89' lang='lat' dir='ltr'>aut</span> <span class='ocrx_word' id='word_1_38' title='bbox 1309 847 1587 909; x_wconf 84' lang='lat' dir='ltr'>Ceditius</span> <span class='ocrx_word' id='word_1_39' title='bbox 1615 847 1828 925; x_wconf 87' lang='lat' dir='ltr'>grauis</span> <span class='ocrx_word' id='word_1_40' title='bbox 1856 846 2101 908; x_wconf 88' lang='lat' dir='ltr'>inuenit</span> <span class='ocrx_word' id='word_1_41' title='bbox 2129 849 2238 907; x_wconf 85' lang='lat' dir='ltr'>aut</span> <span class='ocrx_word' id='word_1_42' title='bbox 2267 846 2757 909; x_wconf 87' lang='lat' dir='ltr'>Rhadamantus.</span> 
     </span>
    </p>
   </div>
   <div class='ocr_carea' id='block_1_4' title="bbox 573 971 3110 4489">
    <p class='ocr_par' dir='ltr' id='par_1_4' title="bbox 689 971 3098 1344">
     <span class='ocr_line' id='line_1_6' title="bbox 775 971 3097 1052; baseline 0 -18"><span class='ocrx_word' id='word_1_43' title='bbox 775 974 966 1034; x_wconf 87' lang='lat' dir='ltr'>Recte</span> <span class='ocrx_word' id='word_1_44' title='bbox 1006 977 1102 1034; x_wconf 87' lang='lat' dir='ltr'>est</span> <span class='ocrx_word' id='word_1_45' title='bbox 1141 977 1206 1034; x_wconf 90' lang='lat' dir='ltr'>et</span> <span class='ocrx_word' id='word_1_46' title='bbox 1246 973 1365 1033; x_wconf 88' lang='lat' dir='ltr'>hoc</span> <span class='ocrx_word' id='word_1_47' title='bbox 1405 971 1485 1033; x_wconf 89' lang='lat' dir='ltr'>ab</span> <span class='ocrx_word' id='word_1_48' title='bbox 1525 973 1902 1049; x_wconf 87' lang='lat' dir='ltr'>aequissimo</span> <span class='ocrx_word' id='word_1_49' title='bbox 1943 991 2153 1032; x_wconf 89' lang='lat' dir='ltr'>rerum</span> <span class='ocrx_word' id='word_1_50' title='bbox 2193 975 2410 1034; x_wconf 88' lang='lat' dir='ltr'>autore</span> <span class='ocrx_word' id='word_1_51' title='bbox 2451 975 2897 1050; x_wconf 87' lang='lat' dir='ltr'>comparatum,</span> <span class='ocrx_word' id='word_1_52' title='bbox 2930 973 3097 1052; x_wconf 88' lang='lat' dir='ltr'>quod</span> 
     </span>
     <span class='ocr_line' id='line_1_7' title="bbox 690 1068 3098 1148; baseline -0.001 -15"><span class='ocrx_word' id='word_1_53' title='bbox 690 1094 757 1133; x_wconf 87' lang='lat' dir='ltr'>se</span> <span class='ocrx_word' id='word_1_54' title='bbox 794 1071 997 1132; x_wconf 86' lang='lat' dir='ltr'>iudice</span> <span class='ocrx_word' id='word_1_55' title='bbox 1035 1092 1221 1132; x_wconf 89' lang='lat' dir='ltr'>nemo</span> <span class='ocrx_word' id='word_1_56' title='bbox 1258 1090 1489 1131; x_wconf 89' lang='lat' dir='ltr'>nocens</span> <span class='ocrx_word' id='word_1_57' title='bbox 1526 1068 1889 1131; x_wconf 87' lang='lat' dir='ltr'>absoluitur.</span> <span class='ocrx_word' id='word_1_58' title='bbox 1978 1068 2072 1130; x_wconf 90' lang='lat' dir='ltr'>Hi</span> <span class='ocrx_word' id='word_1_59' title='bbox 2114 1071 2264 1130; x_wconf 91' lang='lat' dir='ltr'>sunt</span> <span class='ocrx_word' id='word_1_60' title='bbox 2303 1070 2537 1131; x_wconf 85' lang='lat' dir='ltr'>aeterni</span> <span class='ocrx_word' id='word_1_61' title='bbox 2580 1070 2905 1146; x_wconf 89' lang='lat' dir='ltr'>cruciatus,</span> <span class='ocrx_word' id='word_1_62' title='bbox 2938 1090 3098 1148; x_wconf 89' lang='lat' dir='ltr'>quos</span> 
     </span>
     <span class='ocr_line' id='line_1_8' title="bbox 690 1163 3098 1245; baseline -0.001 -18"><span class='ocrx_word' id='word_1_63' title='bbox 690 1169 906 1245; x_wconf 88' lang='lat' dir='ltr'>poetae</span> <span class='ocrx_word' id='word_1_64' title='bbox 961 1166 1124 1244; x_wconf 86' lang='lat' dir='ltr'>apud</span> <span class='ocrx_word' id='word_1_65' title='bbox 1181 1166 1415 1226; x_wconf 87' lang='lat' dir='ltr'>inferos</span> <span class='ocrx_word' id='word_1_66' title='bbox 1461 1164 1730 1225; x_wconf 87' lang='lat' dir='ltr'>exerceri</span> <span class='ocrx_word' id='word_1_67' title='bbox 1786 1183 2016 1241; x_wconf 89' lang='lat' dir='ltr'>magno</span> <span class='ocrx_word' id='word_1_68' title='bbox 2063 1164 2316 1242; x_wconf 91' lang='lat' dir='ltr'>ingenio</span> <span class='ocrx_word' id='word_1_69' title='bbox 2364 1165 2700 1227; x_wconf 67' lang='lat' dir='ltr'>finxerunt.</span> <span class='ocrx_word' id='word_1_70' title='bbox 2788 1163 2992 1241; x_wconf 81' lang='lat' dir='ltr'>Quare</span> <span class='ocrx_word' id='word_1_71' title='bbox 3042 1165 3098 1225; x_wconf 92' lang='lat' dir='ltr'>si</span> 
     </span>
     <span class='ocr_line' id='line_1_9' title="bbox 689 1261 3098 1344; baseline 0 -20"><span class='ocrx_word' id='word_1_72' title='bbox 689 1264 1068 1344; x_wconf 73' lang='lat' dir='ltr'>aegritudini</span> <span class='ocrx_word' id='word_1_73' title='bbox 1112 1263 1392 1325; x_wconf 81' lang='lat' dir='ltr'>vindicta</span> <span class='ocrx_word' id='word_1_74' title='bbox 1436 1263 1671 1324; x_wconf 80' lang='lat' dir='ltr'>mederi</span> <span class='ocrx_word' id='word_1_75' title='bbox 1720 1266 1939 1340; x_wconf 83' lang='lat' dir='ltr'>potest,</span> <span class='ocrx_word' id='word_1_76' title='bbox 1993 1261 2120 1322; x_wconf 87' lang='lat' dir='ltr'>iam</span> <span class='ocrx_word' id='word_1_77' title='bbox 2177 1264 2352 1323; x_wconf 90' lang='lat' dir='ltr'>omni</span> <span class='ocrx_word' id='word_1_78' title='bbox 2407 1264 2622 1325; x_wconf 90' lang='lat' dir='ltr'>dolore</span> <span class='ocrx_word' id='word_1_79' title='bbox 2670 1263 2917 1325; x_wconf 86' lang='lat' dir='ltr'>leuatus</span> <span class='ocrx_word' id='word_1_80' title='bbox 2962 1283 3098 1324; x_wconf 89' lang='lat' dir='ltr'>esse</span> 
     </span>
    </p>

    <p class='ocr_par' dir='ltr' id='par_1_5' title="bbox 573 1361 3098 1542">
     <span class='ocr_line' id='line_1_10' title="bbox 573 1361 3098 1440; baseline -0.001 -15"><span class='ocrx_word' id='word_1_81' title='bbox 573 1381 663 1431; x_wconf 86' lang='lat'>1²5</span> <span class='ocrx_word' id='word_1_82' title='bbox 691 1364 1003 1425; x_wconf 77' lang='lat' dir='ltr'>deberem.</span> <span class='ocrx_word' id='word_1_83' title='bbox 1077 1361 1313 1422; x_wconf 91' lang='lat' dir='ltr'>Verum</span> <span class='ocrx_word' id='word_1_84' title='bbox 1341 1382 1455 1440; x_wconf 90' lang='lat' dir='ltr'>ego</span> <span class='ocrx_word' id='word_1_85' title='bbox 1482 1361 1799 1422; x_wconf 79' lang='lat' dir='ltr'>vindictae</span> <span class='ocrx_word' id='word_1_86' title='bbox 1825 1380 2024 1439; x_wconf 87' lang='lat' dir='ltr'>genus</span> <span class='ocrx_word' id='word_1_87' title='bbox 2050 1364 2192 1422; x_wconf 89' lang='lat' dir='ltr'>tum</span> <span class='ocrx_word' id='word_1_88' title='bbox 2214 1362 2542 1423; x_wconf 79' lang='lat' dir='ltr'>honestius</span> <span class='ocrx_word' id='word_1_89' title='bbox 2568 1365 2708 1422; x_wconf 90' lang='lat' dir='ltr'>tum</span> <span class='ocrx_word' id='word_1_90' title='bbox 2734 1362 3098 1440; x_wconf 82' lang='lat' dir='ltr'>generosius</span> 
     </span>
     <span class='ocr_line' id='line_1_11' title="bbox 689 1459 2990 1542; baseline -0.001 -20"><span class='ocrx_word' id='word_1_91' title='bbox 689 1465 843 1542; x_wconf 84' lang='lat' dir='ltr'>puto</span> <span class='ocrx_word' id='word_1_92' title='bbox 870 1461 1169 1522; x_wconf 88' lang='lat' dir='ltr'>iniuriam</span> <span class='ocrx_word' id='word_1_93' title='bbox 1197 1459 1525 1538; x_wconf 82' lang='lat' dir='ltr'>negligere.</span> <span class='ocrx_word' id='word_1_94' title='bbox 1616 1459 1780 1520; x_wconf 85' lang='lat' dir='ltr'>Nam</span> <span class='ocrx_word' id='word_1_95' title='bbox 1812 1463 2106 1521; x_wconf 89' lang='lat' dir='ltr'>nocentes</span> <span class='ocrx_word' id='word_1_96' title='bbox 2131 1460 2299 1521; x_wconf 84' lang='lat' dir='ltr'>vltro</span> <span class='ocrx_word' id='word_1_97' title='bbox 2327 1480 2439 1523; x_wconf 88' lang='lat' dir='ltr'>sua</span> <span class='ocrx_word' id='word_1_98' title='bbox 2465 1480 2665 1539; x_wconf 87' lang='lat' dir='ltr'>poena</span> <span class='ocrx_word' id='word_1_99' title='bbox 2693 1460 2990 1539; x_wconf 88' lang='lat' dir='ltr'>sequitur.</span> 
     </span>
    </p>

    <p class='ocr_par' dir='ltr' id='par_1_6' title="bbox 687 1558 3099 1831">
     <span class='ocr_line' id='line_1_12' title="bbox 773 1558 3093 1638; baseline 0 -16"><span class='ocrx_word' id='word_1_100' title='bbox 773 1561 1141 1637; x_wconf 75' lang='lat' dir='ltr'>Quanquam</span> <span class='ocrx_word' id='word_1_101' title='bbox 1185 1559 1241 1619; x_wconf 91' lang='lat' dir='ltr'>si</span> <span class='ocrx_word' id='word_1_102' title='bbox 1292 1579 1395 1620; x_wconf 91' lang='lat' dir='ltr'>me</span> <span class='ocrx_word' id='word_1_103' title='bbox 1443 1558 1767 1619; x_wconf 86' lang='lat' dir='ltr'>molestiae</span> <span class='ocrx_word' id='word_1_104' title='bbox 1813 1578 2001 1620; x_wconf 89' lang='lat' dir='ltr'>sensu</span> <span class='ocrx_word' id='word_1_105' title='bbox 2046 1578 2252 1620; x_wconf 84' lang='lat' dir='ltr'>carere</span> <span class='ocrx_word' id='word_1_106' title='bbox 2299 1560 2522 1633; x_wconf 89' lang='lat' dir='ltr'>dicam,</span> <span class='ocrx_word' id='word_1_107' title='bbox 2570 1560 2758 1638; x_wconf 87' lang='lat' dir='ltr'>plane</span> <span class='ocrx_word' id='word_1_108' title='bbox 2803 1560 3093 1623; x_wconf 81' lang='lat' dir='ltr'>mentiar.</span> 
     </span>
     <span class='ocr_line' id='line_1_13' title="bbox 692 1653 3099 1731; baseline -0.001 -13"><span class='ocrx_word' id='word_1_109' title='bbox 692 1655 833 1718; x_wconf 86' lang='lat' dir='ltr'>Hoc</span> <span class='ocrx_word' id='word_1_110' title='bbox 874 1660 1089 1715; x_wconf 88' lang='lat' dir='ltr'>tamen</span> <span class='ocrx_word' id='word_1_111' title='bbox 1130 1653 1392 1728; x_wconf 85' lang='lat' dir='ltr'>affirmo,</span> <span class='ocrx_word' id='word_1_112' title='bbox 1439 1673 1542 1713; x_wconf 89' lang='lat' dir='ltr'>me</span> <span class='ocrx_word' id='word_1_113' title='bbox 1582 1672 1713 1713; x_wconf 89' lang='lat' dir='ltr'>non</span> <span class='ocrx_word' id='word_1_114' title='bbox 1755 1672 1895 1714; x_wconf 82' lang='lat' dir='ltr'>mea</span> <span class='ocrx_word' id='word_1_115' title='bbox 1936 1654 2138 1731; x_wconf 87' lang='lat' dir='ltr'>magis</span> <span class='ocrx_word' id='word_1_116' title='bbox 2178 1653 2573 1727; x_wconf 87' lang='lat' dir='ltr'>contumelia,</span> <span class='ocrx_word' id='word_1_117' title='bbox 2618 1673 2777 1731; x_wconf 82' lang='lat' dir='ltr'>quae</span> <span class='ocrx_word' id='word_1_118' title='bbox 2822 1654 3099 1715; x_wconf 85' lang='lat' dir='ltr'>acerbior</span> 
     </span>
     <span class='ocr_line' id='line_1_14' title="bbox 687 1751 3099 1831; baseline -0.001 -14"><span class='ocrx_word' id='word_1_119' title='bbox 687 1775 822 1817; x_wconf 81' lang='lat' dir='ltr'>esse</span> <span class='ocrx_word' id='word_1_120' title='bbox 850 1774 977 1815; x_wconf 89' lang='lat' dir='ltr'>non</span> <span class='ocrx_word' id='word_1_121' title='bbox 1018 1755 1241 1831; x_wconf 88' lang='lat' dir='ltr'>potest,</span> <span class='ocrx_word' id='word_1_122' title='bbox 1273 1752 1624 1830; x_wconf 83' lang='lat' dir='ltr'>permoneri</span> <span class='ocrx_word' id='word_1_123' title='bbox 1650 1770 1841 1829; x_wconf 90' lang='lat' dir='ltr'>quam</span> <span class='ocrx_word' id='word_1_124' title='bbox 1878 1754 2022 1813; x_wconf 89' lang='lat' dir='ltr'>tuae</span> <span class='ocrx_word' id='word_1_125' title='bbox 2059 1751 2438 1814; x_wconf 89' lang='lat' dir='ltr'>conditionis</span> <span class='ocrx_word' id='word_1_126' title='bbox 2476 1753 2889 1814; x_wconf 85' lang='lat' dir='ltr'>miserescere.</span> <span class='ocrx_word' id='word_1_127' title='bbox 2972 1754 3099 1815; x_wconf 71' lang='lat' dir='ltr'>Me·</span> 
     </span>
    </p>

    <p class='ocr_par' dir='ltr' id='par_1_7' title="bbox 573 1850 3102 2316">
     <span class='ocr_line' id='line_1_15' title="bbox 573 1850 3100 1930; baseline 0.002 -20"><span class='ocrx_word' id='word_1_128' title='bbox 573 1875 668 1925; x_wconf 78' lang='lat'>130</span> <span class='ocrx_word' id='word_1_129' title='bbox 691 1873 839 1915; x_wconf 90' lang='lat' dir='ltr'>cum</span> <span class='ocrx_word' id='word_1_130' title='bbox 880 1852 1187 1930; x_wconf 83' lang='lat' dir='ltr'>praeclare</span> <span class='ocrx_word' id='word_1_131' title='bbox 1226 1854 1438 1912; x_wconf 87' lang='lat' dir='ltr'>actum</span> <span class='ocrx_word' id='word_1_132' title='bbox 1475 1852 1584 1928; x_wconf 90' lang='lat' dir='ltr'>qui</span> <span class='ocrx_word' id='word_1_133' title='bbox 1621 1851 1880 1911; x_wconf 88' lang='lat' dir='ltr'>tandem</span> <span class='ocrx_word' id='word_1_134' title='bbox 1919 1871 1954 1911; x_wconf 89' lang='lat' dir='ltr'>e</span> <span class='ocrx_word' id='word_1_135' title='bbox 1989 1850 2217 1912; x_wconf 88' lang='lat' dir='ltr'>mediis</span> <span class='ocrx_word' id='word_1_136' title='bbox 2244 1852 2504 1912; x_wconf 80' lang='lat' dir='ltr'>venenis</span> <span class='ocrx_word' id='word_1_137' title='bbox 2540 1851 2884 1929; x_wconf 82' lang='lat' dir='ltr'>effugerim.</span> <span class='ocrx_word' id='word_1_138' title='bbox 2973 1853 3100 1916; x_wconf 87' lang='lat' dir='ltr'>Sed</span> 
     </span>
     <span class='ocr_line' id='line_1_16' title="bbox 689 1949 3100 2030; baseline 0 -17"><span class='ocrx_word' id='word_1_139' title='bbox 689 1974 727 2014; x_wconf 93' lang='lat' dir='ltr'>o</span> <span class='ocrx_word' id='word_1_140' title='bbox 770 1973 872 2012; x_wconf 91' lang='lat' dir='ltr'>me</span> <span class='ocrx_word' id='word_1_141' title='bbox 912 1952 1233 2026; x_wconf 86' lang='lat' dir='ltr'>miserum,</span> <span class='ocrx_word' id='word_1_142' title='bbox 1269 1950 1378 2027; x_wconf 90' lang='lat' dir='ltr'>qui</span> <span class='ocrx_word' id='word_1_143' title='bbox 1414 1969 1544 2009; x_wconf 90' lang='lat' dir='ltr'>non</span> <span class='ocrx_word' id='word_1_144' title='bbox 1579 1952 1753 2010; x_wconf 86' lang='lat' dir='ltr'>totus</span> <span class='ocrx_word' id='word_1_145' title='bbox 1788 1949 2107 2025; x_wconf 77' lang='lat' dir='ltr'>euolarim,</span> <span class='ocrx_word' id='word_1_146' title='bbox 2140 1953 2204 2010; x_wconf 93' lang='lat' dir='ltr'>te</span> <span class='ocrx_word' id='word_1_147' title='bbox 2239 1950 2605 2013; x_wconf 87' lang='lat' dir='ltr'>dulcissima</span> <span class='ocrx_word' id='word_1_148' title='bbox 2642 1950 2768 2013; x_wconf 89' lang='lat' dir='ltr'>mei</span> <span class='ocrx_word' id='word_1_149' title='bbox 2806 1952 3100 2030; x_wconf 78' lang='lat' dir='ltr'>portione</span> 
     </span>
     <span class='ocr_line' id='line_1_17' title="bbox 689 2048 3102 2129; baseline 0 -18"><span class='ocrx_word' id='word_1_150' title='bbox 689 2050 944 2111; x_wconf 73' lang='lat' dir='ltr'>relicto!</span> <span class='ocrx_word' id='word_1_151' title='bbox 1026 2050 1213 2124; x_wconf 85' lang='lat' dir='ltr'>Tene,</span> <span class='ocrx_word' id='word_1_152' title='bbox 1262 2049 1354 2108; x_wconf 92' lang='lat' dir='ltr'>mi</span> <span class='ocrx_word' id='word_1_153' title='bbox 1401 2048 1663 2124; x_wconf 84' lang='lat' dir='ltr'>Thoma,</span> <span class='ocrx_word' id='word_1_154' title='bbox 1712 2048 1835 2108; x_wconf 91' lang='lat' dir='ltr'>isto</span> <span class='ocrx_word' id='word_1_155' title='bbox 1888 2048 2102 2109; x_wconf 83' lang='lat' dir='ltr'>animo</span> <span class='ocrx_word' id='word_1_156' title='bbox 2149 2052 2283 2110; x_wconf 89' lang='lat' dir='ltr'>tam</span> <span class='ocrx_word' id='word_1_157' title='bbox 2332 2050 2623 2127; x_wconf 85' lang='lat' dir='ltr'>ingenuo,</span> <span class='ocrx_word' id='word_1_158' title='bbox 2676 2050 2799 2112; x_wconf 89' lang='lat' dir='ltr'>isto</span> <span class='ocrx_word' id='word_1_159' title='bbox 2844 2051 3102 2129; x_wconf 82' lang='lat' dir='ltr'>ingenio</span> 
     </span>
     <span class='ocr_line' id='line_1_18' title="bbox 692 2145 3102 2225; baseline 0 -16"><span class='ocrx_word' id='word_1_160' title='bbox 692 2152 826 2209; x_wconf 88' lang='lat' dir='ltr'>tam</span> <span class='ocrx_word' id='word_1_161' title='bbox 881 2148 1123 2225; x_wconf 90' lang='lat' dir='ltr'>pudico,</span> <span class='ocrx_word' id='word_1_162' title='bbox 1178 2149 1310 2207; x_wconf 89' lang='lat' dir='ltr'>tam</span> <span class='ocrx_word' id='word_1_163' title='bbox 1364 2149 1712 2220; x_wconf 85' lang='lat' dir='ltr'>mansueto,</span> <span class='ocrx_word' id='word_1_164' title='bbox 1761 2146 1881 2206; x_wconf 80' lang='lat' dir='ltr'>ista</span> <span class='ocrx_word' id='word_1_165' title='bbox 1928 2145 2138 2207; x_wconf 88' lang='lat' dir='ltr'>indole</span> <span class='ocrx_word' id='word_1_166' title='bbox 2185 2150 2319 2208; x_wconf 87' lang='lat' dir='ltr'>tam</span> <span class='ocrx_word' id='word_1_167' title='bbox 2367 2147 2533 2208; x_wconf 82' lang='lat' dir='ltr'>felici</span> <span class='ocrx_word' id='word_1_168' title='bbox 2585 2148 2847 2210; x_wconf 87' lang='lat' dir='ltr'>rabiosis</span> <span class='ocrx_word' id='word_1_169' title='bbox 2893 2147 3102 2210; x_wconf 84' lang='lat' dir='ltr'>beluis</span> 
     </span>
     <span class='ocr_line' id='line_1_19' title="bbox 689 2240 3099 2316; baseline 0 -13"><span class='ocrx_word' id='word_1_170' title='bbox 689 2241 996 2303; x_wconf 87' lang='lat' dir='ltr'>inseruire</span> <span class='ocrx_word' id='word_1_171' title='bbox 1011 2244 1044 2302; x_wconf 81' lang='lat'>¹?</span> <span class='ocrx_word' id='word_1_172' title='bbox 1125 2240 1444 2302; x_wconf 88' lang='lat' dir='ltr'>Istancine</span> <span class='ocrx_word' id='word_1_173' title='bbox 1488 2243 1767 2301; x_wconf 81' lang='lat' dir='ltr'>mentem</span> <span class='ocrx_word' id='word_1_174' title='bbox 1806 2240 2023 2315; x_wconf 87' lang='lat' dir='ltr'>literis,</span> <span class='ocrx_word' id='word_1_175' title='bbox 2055 2241 2296 2316; x_wconf 82' lang='lat' dir='ltr'>virtuti,</span> <span class='ocrx_word' id='word_1_176' title='bbox 2329 2242 2625 2303; x_wconf 89' lang='lat' dir='ltr'>maximis</span> <span class='ocrx_word' id='word_1_177' title='bbox 2662 2242 2847 2304; x_wconf 89' lang='lat' dir='ltr'>rebus</span> <span class='ocrx_word' id='word_1_178' title='bbox 2883 2246 3099 2305; x_wconf 81' lang='lat' dir='ltr'>natam</span> 
     </span>
    </p>

    <p class='ocr_par' dir='ltr' id='par_1_8' title="bbox 574 2338 3105 2813">
     <span class='ocr_line' id='line_1_20' title="bbox 574 2338 3098 2417; baseline 0.002 -20"><span class='ocrx_word' id='word_1_179' title='bbox 574 2361 664 2411; x_wconf 78' lang='lat'>135</span> <span class='ocrx_word' id='word_1_180' title='bbox 692 2340 879 2403; x_wconf 87' lang='lat' dir='ltr'>deliri</span> <span class='ocrx_word' id='word_1_181' title='bbox 932 2339 1103 2400; x_wconf 91' lang='lat' dir='ltr'>senis</span> <span class='ocrx_word' id='word_1_182' title='bbox 1156 2338 1510 2399; x_wconf 87' lang='lat' dir='ltr'>inuidentia</span> <span class='ocrx_word' id='word_1_183' title='bbox 1558 2338 1858 2415; x_wconf 84' lang='lat' dir='ltr'>sepeliri?</span> <span class='ocrx_word' id='word_1_184' title='bbox 1941 2339 2236 2417; x_wconf 76' lang='lat' dir='ltr'>Optimus</span> <span class='ocrx_word' id='word_1_185' title='bbox 2281 2341 2351 2401; x_wconf 89' lang='lat' dir='ltr'>in</span> <span class='ocrx_word' id='word_1_186' title='bbox 2407 2340 2753 2417; x_wconf 88' lang='lat' dir='ltr'>pessimum</span> <span class='ocrx_word' id='word_1_187' title='bbox 2797 2340 3098 2416; x_wconf 73' lang='lat' dir='ltr'>incidisti,</span> 
     </span>
     <span class='ocr_line' id='line_1_21' title="bbox 692 2437 3098 2516; baseline 0.001 -18"><span class='ocrx_word' id='word_1_188' title='bbox 692 2438 942 2500; x_wconf 88' lang='lat' dir='ltr'>iuuenis</span> <span class='ocrx_word' id='word_1_189' title='bbox 967 2438 1333 2516; x_wconf 88' lang='lat' dir='ltr'>ingeniosus</span> <span class='ocrx_word' id='word_1_190' title='bbox 1357 2437 1427 2498; x_wconf 92' lang='lat' dir='ltr'>in</span> <span class='ocrx_word' id='word_1_191' title='bbox 1454 2457 1671 2498; x_wconf 89' lang='lat' dir='ltr'>senem</span> <span class='ocrx_word' id='word_1_192' title='bbox 1699 2437 2043 2516; x_wconf 83' lang='lat' dir='ltr'>stupidum,</span> <span class='ocrx_word' id='word_1_193' title='bbox 2067 2438 2368 2499; x_wconf 88' lang='lat' dir='ltr'>candidus</span> <span class='ocrx_word' id='word_1_194' title='bbox 2394 2439 2463 2499; x_wconf 91' lang='lat' dir='ltr'>in</span> <span class='ocrx_word' id='word_1_195' title='bbox 2491 2439 3098 2512; x_wconf 81' lang='lat' dir='ltr'>inuidentissimum,</span> 
     </span>
     <span class='ocr_line' id='line_1_22' title="bbox 689 2536 3105 2616; baseline 0 -18"><span class='ocrx_word' id='word_1_196' title='bbox 689 2536 1187 2598; x_wconf 87' lang='lat' dir='ltr'>humanissimus</span> <span class='ocrx_word' id='word_1_197' title='bbox 1228 2536 1295 2596; x_wconf 91' lang='lat' dir='ltr'>in</span> <span class='ocrx_word' id='word_1_198' title='bbox 1337 2536 1865 2613; x_wconf 85' lang='lat' dir='ltr'>spinosissimum,</span> <span class='ocrx_word' id='word_1_199' title='bbox 1910 2540 1975 2596; x_wconf 90' lang='lat' dir='ltr'>et</span> <span class='ocrx_word' id='word_1_200' title='bbox 2016 2536 2191 2598; x_wconf 87' lang='lat' dir='ltr'>iuxta</span> <span class='ocrx_word' id='word_1_201' title='bbox 2229 2540 2415 2599; x_wconf 80' lang='lat' dir='ltr'>vetus</span> <span class='ocrx_word' id='word_1_202' title='bbox 2453 2538 2875 2616; x_wconf 86' lang='lat' dir='ltr'>prouerbium,</span> <span class='ocrx_word' id='word_1_203' title='bbox 2916 2538 3105 2599; x_wconf 89' lang='lat' dir='ltr'>Auri·</span> 
     </span>
     <span class='ocr_line' id='line_1_23' title="bbox 691 2634 3102 2716; baseline 0 -20"><span class='ocrx_word' id='word_1_204' title='bbox 691 2634 810 2698; x_wconf 90' lang='lat' dir='ltr'>bus</span> <span class='ocrx_word' id='word_1_205' title='bbox 850 2634 1072 2714; x_wconf 90' lang='lat' dir='ltr'>lupum</span> <span class='ocrx_word' id='word_1_206' title='bbox 1112 2638 1309 2696; x_wconf 83' lang='lat' dir='ltr'>tenes.</span> <span class='ocrx_word' id='word_1_207' title='bbox 1393 2636 1447 2697; x_wconf 93' lang='grc' dir='ltr'><strong>Ο</strong></span> <span class='ocrx_word' id='word_1_208' title='bbox 1485 2634 1612 2697; x_wconf 80' lang='lat' dir='ltr'>fata</span> <span class='ocrx_word' id='word_1_209' title='bbox 1650 2634 1883 2713; x_wconf 86' lang='lat' dir='ltr'>iniqua,</span> <span class='ocrx_word' id='word_1_210' title='bbox 1919 2653 1957 2695; x_wconf 94' lang='lat' dir='ltr'>o</span> <span class='ocrx_word' id='word_1_211' title='bbox 1996 2634 2219 2713; x_wconf 83' lang='lat' dir='ltr'>sydera</span> <span class='ocrx_word' id='word_1_212' title='bbox 2254 2634 2527 2712; x_wconf 87' lang='lat' dir='ltr'>inimica,</span> <span class='ocrx_word' id='word_1_213' title='bbox 2561 2657 2599 2698; x_wconf 93' lang='lat' dir='ltr'>o</span> <span class='ocrx_word' id='word_1_214' title='bbox 2635 2655 2894 2716; x_wconf 89' lang='lat' dir='ltr'>superos</span> <span class='ocrx_word' id='word_1_215' title='bbox 2931 2636 3102 2698; x_wconf 84' lang='lat' dir='ltr'>male</span> 
     </span>
     <span class='ocr_line' id='line_1_24' title="bbox 690 2734 3102 2813; baseline 0.001 -18"><span class='ocrx_word' id='word_1_216' title='bbox 690 2735 1036 2813; x_wconf 83' lang='lat' dir='ltr'>propiciosl</span> <span class='ocrx_word' id='word_1_217' title='bbox 1079 2734 1281 2795; x_wconf 83' lang='lat' dir='ltr'>Macte</span> <span class='ocrx_word' id='word_1_218' title='bbox 1309 2735 1546 2795; x_wconf 86' lang='lat' dir='ltr'>virtute</span> <span class='ocrx_word' id='word_1_219' title='bbox 1571 2735 1970 2796; x_wconf 72' lang='lat' dir='ltr'>adolescens!</span> <span class='ocrx_word' id='word_1_220' title='bbox 2013 2734 2182 2810; x_wconf 84' lang='lat' dir='ltr'>Quae</span> <span class='ocrx_word' id='word_1_221' title='bbox 2200 2753 2365 2812; x_wconf 87' lang='lat' dir='ltr'>saga,</span> <span class='ocrx_word' id='word_1_222' title='bbox 2389 2755 2546 2813; x_wconf 89' lang='lat' dir='ltr'>quae</span> <span class='ocrx_word' id='word_1_223' title='bbox 2574 2735 2937 2796; x_wconf 77' lang='lat' dir='ltr'>fascinatrix</span> <span class='ocrx_word' id='word_1_224' title='bbox 2957 2740 3102 2797; x_wconf 89' lang='lat' dir='ltr'>tuae</span> 
     </span>
    </p>

    <p class='ocr_par' dir='ltr' id='par_1_9' title="bbox 576 2832 3105 3305">
     <span class='ocr_line' id='line_1_25' title="bbox 576 2832 3103 2911; baseline 0.002 -21"><span class='ocrx_word' id='word_1_225' title='bbox 576 2856 671 2904; x_wconf 87' lang='lat'>140·</span> <span class='ocrx_word' id='word_1_226' title='bbox 690 2832 1033 2911; x_wconf 82' lang='lat' dir='ltr'>praestanti</span> <span class='ocrx_word' id='word_1_227' title='bbox 1068 2833 1283 2894; x_wconf 78' lang='lat' dir='ltr'>nocuit</span> <span class='ocrx_word' id='word_1_228' title='bbox 1323 2832 1523 2893; x_wconf 90' lang='lat' dir='ltr'>indoli</span> <span class='ocrx_word' id='word_1_229' title='bbox 1540 2835 1573 2894; x_wconf 69' lang='grc' dir='ltr'>*Ρ</span> <span class='ocrx_word' id='word_1_230' title='bbox 1653 2835 1764 2894; x_wconf 89' lang='lat' dir='ltr'>An</span> <span class='ocrx_word' id='word_1_231' title='bbox 1802 2852 1947 2893; x_wconf 87' lang='lat' dir='ltr'>suas</span> <span class='ocrx_word' id='word_1_232' title='bbox 1985 2833 2120 2910; x_wconf 87' lang='lat' dir='ltr'>ipsa</span> <span class='ocrx_word' id='word_1_233' title='bbox 2156 2833 2333 2895; x_wconf 89' lang='lat' dir='ltr'>dotes</span> <span class='ocrx_word' id='word_1_234' title='bbox 2368 2833 2490 2894; x_wconf 89' lang='lat' dir='ltr'>tibi</span> <span class='ocrx_word' id='word_1_235' title='bbox 2530 2833 2835 2895; x_wconf 88' lang='lat' dir='ltr'>inuidisse</span> <span class='ocrx_word' id='word_1_236' title='bbox 2875 2837 3103 2895; x_wconf 87' lang='lat' dir='ltr'>natura</span> 
     </span>
     <span class='ocr_line' id='line_1_26' title="bbox 692 2931 3105 3011; baseline 0 -18"><span class='ocrx_word' id='word_1_237' title='bbox 692 2933 999 2994; x_wconf 85' lang='lat' dir='ltr'>credenda</span> <span class='ocrx_word' id='word_1_238' title='bbox 1037 2935 1133 2993; x_wconf 88' lang='lat' dir='ltr'>est</span> <span class='ocrx_word' id='word_1_239' title='bbox 1150 2934 1183 2992; x_wconf 81' lang='lat'>¹?</span> <span class='ocrx_word' id='word_1_240' title='bbox 1238 2951 1396 3008; x_wconf 89' lang='lat' dir='ltr'>quae</span> <span class='ocrx_word' id='word_1_241' title='bbox 1438 2931 1719 3009; x_wconf 90' lang='lat' dir='ltr'>alioquin</span> <span class='ocrx_word' id='word_1_242' title='bbox 1760 2932 1830 2992; x_wconf 90' lang='lat' dir='ltr'>in</span> <span class='ocrx_word' id='word_1_243' title='bbox 1873 2934 1937 2992; x_wconf 90' lang='lat' dir='ltr'>te</span> <span class='ocrx_word' id='word_1_244' title='bbox 1977 2931 2273 3010; x_wconf 88' lang='lat' dir='ltr'>fingendo</span> <span class='ocrx_word' id='word_1_245' title='bbox 2313 2952 2533 2992; x_wconf 90' lang='lat' dir='ltr'>omnes</span> <span class='ocrx_word' id='word_1_246' title='bbox 2575 2952 2721 2993; x_wconf 87' lang='lat' dir='ltr'>suas</span> <span class='ocrx_word' id='word_1_247' title='bbox 2761 2952 2910 3011; x_wconf 90' lang='lat' dir='ltr'>opes</span> <span class='ocrx_word' id='word_1_248' title='bbox 2950 2933 3105 2994; x_wconf 84' lang='lat' dir='ltr'>effu·</span> 
     </span>
     <span class='ocr_line' id='line_1_27' title="bbox 691 3028 3104 3107; baseline 0.001 -16"><span class='ocrx_word' id='word_1_249' title='bbox 691 3030 860 3092; x_wconf 88' lang='lat' dir='ltr'>disse</span> <span class='ocrx_word' id='word_1_250' title='bbox 901 3028 1169 3102; x_wconf 85' lang='lat' dir='ltr'>videtur,</span> <span class='ocrx_word' id='word_1_251' title='bbox 1222 3048 1305 3089; x_wconf 89' lang='lat' dir='ltr'>ne</span> <span class='ocrx_word' id='word_1_252' title='bbox 1351 3029 1501 3106; x_wconf 90' lang='lat' dir='ltr'>quid</span> <span class='ocrx_word' id='word_1_253' title='bbox 1548 3029 1616 3090; x_wconf 92' lang='lat' dir='ltr'>in</span> <span class='ocrx_word' id='word_1_254' title='bbox 1661 3028 1948 3090; x_wconf 89' lang='lat' dir='ltr'>absoluto</span> <span class='ocrx_word' id='word_1_255' title='bbox 1994 3049 2176 3107; x_wconf 82' lang='lat' dir='ltr'>opere</span> <span class='ocrx_word' id='word_1_256' title='bbox 2218 3029 2710 3107; x_wconf 81' lang='lat' dir='ltr'>desyderaretur.</span> <span class='ocrx_word' id='word_1_257' title='bbox 2799 3030 3104 3093; x_wconf 88' lang='lat' dir='ltr'>Formoso</span> 
     </span>
     <span class='ocr_line' id='line_1_28' title="bbox 691 3126 3102 3205; baseline 0 -15"><span class='ocrx_word' id='word_1_258' title='bbox 691 3128 933 3205; x_wconf 83' lang='lat' dir='ltr'>corpori</span> <span class='ocrx_word' id='word_1_259' title='bbox 960 3127 1245 3188; x_wconf 89' lang='lat' dir='ltr'>animum</span> <span class='ocrx_word' id='word_1_260' title='bbox 1275 3127 1522 3187; x_wconf 82' lang='lat' dir='ltr'>felicem</span> <span class='ocrx_word' id='word_1_261' title='bbox 1548 3128 1883 3188; x_wconf 87' lang='lat' dir='ltr'>inseuerat.</span> <span class='ocrx_word' id='word_1_262' title='bbox 1967 3126 2214 3189; x_wconf 80' lang='lat' dir='ltr'>Morum</span> <span class='ocrx_word' id='word_1_263' title='bbox 2244 3129 2515 3205; x_wconf 89' lang='lat' dir='ltr'>gratiam</span> <span class='ocrx_word' id='word_1_264' title='bbox 2536 3149 2667 3190; x_wconf 92' lang='lat' dir='ltr'>non</span> <span class='ocrx_word' id='word_1_265' title='bbox 2688 3130 3102 3191; x_wconf 86' lang='lat' dir='ltr'>inamabilem</span> 
     </span>
     <span class='ocr_line' id='line_1_29' title="bbox 690 3225 3103 3305; baseline 0.001 -18"><span class='ocrx_word' id='word_1_266' title='bbox 690 3226 1012 3287; x_wconf 87' lang='lat' dir='ltr'>adiecerat.</span> <span class='ocrx_word' id='word_1_267' title='bbox 1105 3225 1336 3299; x_wconf 87' lang='lat' dir='ltr'>Genus,</span> <span class='ocrx_word' id='word_1_268' title='bbox 1387 3245 1550 3301; x_wconf 89' lang='lat' dir='ltr'>opes,</span> <span class='ocrx_word' id='word_1_269' title='bbox 1604 3225 1931 3302; x_wconf 87' lang='lat' dir='ltr'>ingenium</span> <span class='ocrx_word' id='word_1_270' title='bbox 1988 3225 2356 3288; x_wconf 85' lang='lat' dir='ltr'>contulerat.</span> <span class='ocrx_word' id='word_1_271' title='bbox 2446 3227 2858 3305; x_wconf 89' lang='lat' dir='ltr'>Breuiterque</span> <span class='ocrx_word' id='word_1_272' title='bbox 2903 3226 3103 3289; x_wconf 86' lang='lat' dir='ltr'>talem</span> 
     </span>
    </p>

    <p class='ocr_par' dir='ltr' id='par_1_10' title="bbox 577 3322 3108 3797">
     <span class='ocr_line' id='line_1_30' title="bbox 577 3322 3106 3404; baseline 0.002 -21"><span class='ocrx_word' id='word_1_273' title='bbox 577 3341 665 3392; x_wconf 82' lang='lat'>145</span> <span class='ocrx_word' id='word_1_274' title='bbox 690 3323 889 3384; x_wconf 88' lang='lat' dir='ltr'>edidit</span> <span class='ocrx_word' id='word_1_275' title='bbox 936 3323 1151 3399; x_wconf 87' lang='lat' dir='ltr'>quales</span> <span class='ocrx_word' id='word_1_276' title='bbox 1198 3322 1549 3399; x_wconf 86' lang='lat' dir='ltr'>antiquitus</span> <span class='ocrx_word' id='word_1_277' title='bbox 1603 3322 1865 3383; x_wconf 88' lang='lat' dir='ltr'>deorum</span> <span class='ocrx_word' id='word_1_278' title='bbox 1918 3322 2085 3385; x_wconf 87' lang='lat' dir='ltr'>filios</span> <span class='ocrx_word' id='word_1_279' title='bbox 2135 3324 2421 3386; x_wconf 89' lang='lat' dir='ltr'>solebant</span> <span class='ocrx_word' id='word_1_280' title='bbox 2476 3325 2805 3404; x_wconf 88' lang='lat' dir='ltr'>appellare.</span> <span class='ocrx_word' id='word_1_281' title='bbox 2914 3325 3019 3400; x_wconf 87' lang='lat' dir='ltr'>Et,</span> <span class='ocrx_word' id='word_1_282' title='bbox 3066 3346 3106 3387; x_wconf 95' lang='lat' dir='ltr'>o</span> 
     </span>
     <span class='ocr_line' id='line_1_31' title="bbox 693 3420 3107 3500; baseline 0.001 -18"><span class='ocrx_word' id='word_1_283' title='bbox 693 3421 1044 3482; x_wconf 87' lang='lat' dir='ltr'>miserande</span> <span class='ocrx_word' id='word_1_284' title='bbox 1086 3420 1349 3494; x_wconf 87' lang='lat' dir='ltr'>iuuenis,</span> <span class='ocrx_word' id='word_1_285' title='bbox 1388 3420 1497 3496; x_wconf 89' lang='lat' dir='ltr'>qui</span> <span class='ocrx_word' id='word_1_286' title='bbox 1537 3420 1760 3499; x_wconf 89' lang='lat' dir='ltr'>genius</span> <span class='ocrx_word' id='word_1_287' title='bbox 1799 3420 2020 3498; x_wconf 84' lang='lat' dir='ltr'>malus,</span> <span class='ocrx_word' id='word_1_288' title='bbox 2053 3423 2219 3500; x_wconf 89' lang='lat' dir='ltr'>quod</span> <span class='ocrx_word' id='word_1_289' title='bbox 2262 3423 2464 3484; x_wconf 85' lang='lat' dir='ltr'>fatum</span> <span class='ocrx_word' id='word_1_290' title='bbox 2506 3427 2568 3484; x_wconf 82' lang='lat' dir='ltr'>te</span> <span class='ocrx_word' id='word_1_291' title='bbox 2609 3424 2678 3485; x_wconf 92' lang='lat' dir='ltr'>in</span> <span class='ocrx_word' id='word_1_292' title='bbox 2719 3423 2890 3485; x_wconf 89' lang='lat' dir='ltr'>istud</span> <span class='ocrx_word' id='word_1_293' title='bbox 2932 3424 3107 3486; x_wconf 82' lang='lat' dir='ltr'>bara·</span> 
     </span>
     <span class='ocr_line' id='line_1_32' title="bbox 691 3516 3108 3601; baseline 0.002 -21"><span class='ocrx_word' id='word_1_294' title='bbox 691 3520 910 3580; x_wconf 84' lang='lat' dir='ltr'>thrum</span> <span class='ocrx_word' id='word_1_295' title='bbox 937 3518 1248 3578; x_wconf 79' lang='lat' dir='ltr'>coniecit?</span> <span class='ocrx_word' id='word_1_296' title='bbox 1331 3516 1517 3579; x_wconf 85' lang='lat' dir='ltr'>Itane</span> <span class='ocrx_word' id='word_1_297' title='bbox 1557 3518 1945 3595; x_wconf 87' lang='lat' dir='ltr'>praeclarum</span> <span class='ocrx_word' id='word_1_298' title='bbox 1983 3520 2178 3582; x_wconf 89' lang='lat' dir='ltr'>istum</span> <span class='ocrx_word' id='word_1_299' title='bbox 2216 3521 2460 3601; x_wconf 89' lang='lat' dir='ltr'>ingenii</span> <span class='ocrx_word' id='word_1_300' title='bbox 2496 3522 2715 3583; x_wconf 87' lang='lat' dir='ltr'>florem</span> <span class='ocrx_word' id='word_1_301' title='bbox 2748 3541 2937 3583; x_wconf 86' lang='lat' dir='ltr'>senex</span> <span class='ocrx_word' id='word_1_302' title='bbox 2965 3542 3108 3585; x_wconf 88' lang='lat' dir='ltr'>ran·</span> 
     </span>
     <span class='ocr_line' id='line_1_33' title="bbox 691 3615 3108 3698; baseline 0.002 -20"><span class='ocrx_word' id='word_1_303' title='bbox 691 3617 867 3679; x_wconf 89' lang='lat' dir='ltr'>cidus</span> <span class='ocrx_word' id='word_1_304' title='bbox 895 3618 1268 3695; x_wconf 79' lang='lat' dir='ltr'>extinguet?</span> <span class='ocrx_word' id='word_1_305' title='bbox 1337 3615 1582 3678; x_wconf 88' lang='lat' dir='ltr'>Peribit</span> <span class='ocrx_word' id='word_1_306' title='bbox 1609 3617 1722 3678; x_wconf 87' lang='lat' dir='ltr'>illa</span> <span class='ocrx_word' id='word_1_307' title='bbox 1748 3618 2125 3679; x_wconf 84' lang='lat' dir='ltr'>fertilissimi</span> <span class='ocrx_word' id='word_1_308' title='bbox 2160 3619 2281 3680; x_wconf 87' lang='lat' dir='ltr'>soli</span> <span class='ocrx_word' id='word_1_309' title='bbox 2318 3640 2460 3698; x_wconf 91' lang='lat' dir='ltr'>spes</span> <span class='ocrx_word' id='word_1_310' title='bbox 2476 3624 2510 3684; x_wconf 75' lang='lat'>⁶?</span> <span class='ocrx_word' id='word_1_311' title='bbox 2577 3621 2875 3682; x_wconf 87' lang='lat' dir='ltr'>Interibit</span> <span class='ocrx_word' id='word_1_312' title='bbox 2901 3642 3108 3683; x_wconf 80' lang='lat' dir='ltr'>venae</span> 
     </span>
     <span class='ocr_line' id='line_1_34' title="bbox 690 3715 3108 3797; baseline 0.002 -20"><span class='ocrx_word' id='word_1_313' title='bbox 690 3720 825 3777; x_wconf 88' lang='lat' dir='ltr'>tam</span> <span class='ocrx_word' id='word_1_314' title='bbox 868 3716 1088 3777; x_wconf 85' lang='lat' dir='ltr'>diuitis</span> <span class='ocrx_word' id='word_1_315' title='bbox 1127 3715 1518 3794; x_wconf 79' lang='lat' dir='ltr'>expectatio?</span> <span class='ocrx_word' id='word_1_316' title='bbox 1600 3716 1653 3775; x_wconf 93' lang='grc' dir='ltr'>Ο</span> <span class='ocrx_word' id='word_1_317' title='bbox 1681 3715 1944 3776; x_wconf 90' lang='lat' dir='ltr'>senilem</span> <span class='ocrx_word' id='word_1_318' title='bbox 1988 3716 2428 3796; x_wconf 86' lang='lat' dir='ltr'>inuidentiam‚</span> <span class='ocrx_word' id='word_1_319' title='bbox 2466 3739 2590 3796; x_wconf 89' lang='lat' dir='ltr'>qua</span> <span class='ocrx_word' id='word_1_320' title='bbox 2630 3719 2781 3797; x_wconf 90' lang='lat' dir='ltr'>quid</span> <span class='ocrx_word' id='word_1_321' title='bbox 2823 3718 2948 3780; x_wconf 90' lang='lat' dir='ltr'>dici</span> <span class='ocrx_word' id='word_1_322' title='bbox 2991 3724 3108 3782; x_wconf 89' lang='lat' dir='ltr'>aut</span> 
     </span>
    </p>

    <p class='ocr_par' dir='ltr' id='par_1_11' title="bbox 576 3814 3110 4290">
     <span class='ocr_line' id='line_1_35' title="bbox 576 3814 3106 3896; baseline 0.002 -21"><span class='ocrx_word' id='word_1_323' title='bbox 576 3832 667 3882; x_wconf 85' lang='lat'>¹50</span> <span class='ocrx_word' id='word_1_324' title='bbox 692 3815 848 3893; x_wconf 87' lang='lat' dir='ltr'>fingi</span> <span class='ocrx_word' id='word_1_325' title='bbox 888 3818 1096 3893; x_wconf 88' lang='lat' dir='ltr'>potest</span> <span class='ocrx_word' id='word_1_326' title='bbox 1136 3814 1604 3876; x_wconf 75' lang='lat' dir='ltr'>monstrosius?</span> <span class='ocrx_word' id='word_1_327' title='bbox 1686 3814 2030 3892; x_wconf 88' lang='lat' dir='ltr'>Postquam</span> <span class='ocrx_word' id='word_1_328' title='bbox 2073 3814 2213 3892; x_wconf 85' lang='lat' dir='ltr'>ipsi,</span> <span class='ocrx_word' id='word_1_329' title='bbox 2253 3821 2326 3877; x_wconf 86' lang='lat' dir='ltr'>vt</span> <span class='ocrx_word' id='word_1_330' title='bbox 2367 3818 2634 3896; x_wconf 89' lang='lat' dir='ltr'>dignum</span> <span class='ocrx_word' id='word_1_331' title='bbox 2675 3817 2806 3878; x_wconf 88' lang='lat' dir='ltr'>illis</span> <span class='ocrx_word' id='word_1_332' title='bbox 2846 3817 2986 3893; x_wconf 83' lang='lat' dir='ltr'>fuit,</span> <span class='ocrx_word' id='word_1_333' title='bbox 3034 3820 3106 3879; x_wconf 90' lang='lat' dir='ltr'>in</span> 
     </span>
     <span class='ocr_line' id='line_1_36' title="bbox 692 3912 3107 3994; baseline 0.002 -20"><span class='ocrx_word' id='word_1_334' title='bbox 692 3913 914 3975; x_wconf 89' lang='lat' dir='ltr'>lustris</span> <span class='ocrx_word' id='word_1_335' title='bbox 960 3914 1225 3972; x_wconf 86' lang='lat' dir='ltr'>aetatem</span> <span class='ocrx_word' id='word_1_336' title='bbox 1275 3932 1545 3991; x_wconf 87' lang='lat' dir='ltr'>exegere,</span> <span class='ocrx_word' id='word_1_337' title='bbox 1593 3912 1714 3974; x_wconf 89' lang='lat' dir='ltr'>tibi</span> <span class='ocrx_word' id='word_1_338' title='bbox 1760 3916 1823 3974; x_wconf 90' lang='lat' dir='ltr'>et</span> <span class='ocrx_word' id='word_1_339' title='bbox 1871 3913 2249 3976; x_wconf 86' lang='lat' dir='ltr'>adolescenti</span> <span class='ocrx_word' id='word_1_340' title='bbox 2299 3919 2363 3976; x_wconf 89' lang='lat' dir='ltr'>et</span> <span class='ocrx_word' id='word_1_341' title='bbox 2413 3916 2666 3994; x_wconf 86' lang='lat' dir='ltr'>ingenio</span> <span class='ocrx_word' id='word_1_342' title='bbox 2713 3915 2988 3977; x_wconf 85' lang='lat' dir='ltr'>feliciore</span> <span class='ocrx_word' id='word_1_343' title='bbox 3039 3921 3107 3978; x_wconf 88' lang='lat' dir='ltr'>et</span> 
     </span>
     <span class='ocr_line' id='line_1_37' title="bbox 694 4012 3109 4091; baseline 0.002 -19"><span class='ocrx_word' id='word_1_344' title='bbox 694 4014 895 4073; x_wconf 87' lang='lat' dir='ltr'>aetate</span> <span class='ocrx_word' id='word_1_345' title='bbox 922 4012 1174 4090; x_wconf 87' lang='lat' dir='ltr'>aptiore,</span> <span class='ocrx_word' id='word_1_346' title='bbox 1207 4012 1372 4088; x_wconf 89' lang='lat' dir='ltr'>quod</span> <span class='ocrx_word' id='word_1_347' title='bbox 1400 4012 1712 4072; x_wconf 87' lang='lat' dir='ltr'>maturius</span> <span class='ocrx_word' id='word_1_348' title='bbox 1739 4014 1802 4072; x_wconf 89' lang='lat' dir='ltr'>te</span> <span class='ocrx_word' id='word_1_349' title='bbox 1829 4012 1906 4072; x_wconf 88' lang='lat' dir='ltr'>ad</span> <span class='ocrx_word' id='word_1_350' title='bbox 1936 4013 2206 4091; x_wconf 88' lang='lat' dir='ltr'>optimas</span> <span class='ocrx_word' id='word_1_351' title='bbox 2234 4014 2446 4076; x_wconf 87' lang='lat' dir='ltr'>literas</span> <span class='ocrx_word' id='word_1_352' title='bbox 2479 4014 2837 4090; x_wconf 90' lang='lat' dir='ltr'>contuleris,</span> <span class='ocrx_word' id='word_1_353' title='bbox 2871 4014 3109 4076; x_wconf 87' lang='lat' dir='ltr'>misere</span> 
     </span>
     <span class='ocr_line' id='line_1_38' title="bbox 696 4110 3110 4194; baseline 0.002 -23"><span class='ocrx_word' id='word_1_354' title='bbox 696 4110 1002 4173; x_wconf 89' lang='lat' dir='ltr'>inuident.</span> <span class='ocrx_word' id='word_1_355' title='bbox 1089 4110 1394 4171; x_wconf 89' lang='lat' dir='ltr'>Inuident</span> <span class='ocrx_word' id='word_1_356' title='bbox 1441 4111 1606 4189; x_wconf 88' lang='lat' dir='ltr'>quod</span> <span class='ocrx_word' id='word_1_357' title='bbox 1651 4110 1770 4172; x_wconf 88' lang='lat' dir='ltr'>tibi</span> <span class='ocrx_word' id='word_1_358' title='bbox 1824 4111 2106 4172; x_wconf 86' lang='lat' dir='ltr'>feruidus</span> <span class='ocrx_word' id='word_1_359' title='bbox 2153 4113 2405 4191; x_wconf 88' lang='lat' dir='ltr'>sanguis</span> <span class='ocrx_word' id='word_1_360' title='bbox 2454 4115 2690 4175; x_wconf 88' lang='lat' dir='ltr'>circum</span> <span class='ocrx_word' id='word_1_361' title='bbox 2745 4114 3110 4194; x_wconf 86' lang='lat' dir='ltr'>praecordia</span> 
     </span>
     <span class='ocr_line' id='line_1_39' title="bbox 695 4209 3107 4290; baseline 0.002 -20"><span class='ocrx_word' id='word_1_362' title='bbox 695 4209 893 4284; x_wconf 87' lang='lat' dir='ltr'>saliat,</span> <span class='ocrx_word' id='word_1_363' title='bbox 935 4229 1080 4270; x_wconf 88' lang='lat' dir='ltr'>cum</span> <span class='ocrx_word' id='word_1_364' title='bbox 1122 4209 1243 4287; x_wconf 88' lang='lat' dir='ltr'>ipsi</span> <span class='ocrx_word' id='word_1_365' title='bbox 1285 4209 1448 4269; x_wconf 92' lang='lat' dir='ltr'>nihil</span> <span class='ocrx_word' id='word_1_366' title='bbox 1490 4209 1614 4269; x_wconf 89' lang='lat' dir='ltr'>nisi</span> <span class='ocrx_word' id='word_1_367' title='bbox 1654 4209 1994 4287; x_wconf 89' lang='lat' dir='ltr'>plumbum</span> <span class='ocrx_word' id='word_1_368' title='bbox 2035 4210 2105 4269; x_wconf 90' lang='lat' dir='ltr'>in</span> <span class='ocrx_word' id='word_1_369' title='bbox 2146 4214 2390 4287; x_wconf 89' lang='lat' dir='ltr'>pectore</span> <span class='ocrx_word' id='word_1_370' title='bbox 2427 4214 2692 4290; x_wconf 89' lang='lat' dir='ltr'>gestent.</span> <span class='ocrx_word' id='word_1_371' title='bbox 2777 4213 2872 4273; x_wconf 89' lang='lat' dir='ltr'>Ac</span> <span class='ocrx_word' id='word_1_372' title='bbox 2910 4232 3107 4289; x_wconf 86' lang='lat' dir='ltr'>quem</span> 
     </span>
    </p>

    <p class='ocr_par' dir='ltr' id='par_1_12' title="bbox 579 4308 3110 4489">
     <span class='ocr_line' id='line_1_40' title="bbox 579 4308 3110 4386; baseline -0 -13"><span class='ocrx_word' id='word_1_373' title='bbox 579 4322 668 4373; x_wconf 76' lang='lat'>¹55</span> <span class='ocrx_word' id='word_1_374' title='bbox 696 4313 1043 4371; x_wconf 86' lang='lat' dir='ltr'>cessantem</span> <span class='ocrx_word' id='word_1_375' title='bbox 1089 4308 1355 4369; x_wconf 87' lang='lat' dir='ltr'>incitare</span> <span class='ocrx_word' id='word_1_376' title='bbox 1403 4308 1766 4384; x_wconf 87' lang='lat' dir='ltr'>debuerant,</span> <span class='ocrx_word' id='word_1_377' title='bbox 1808 4313 2311 4386; x_wconf 85' lang='lat' dir='ltr'>praecurrentem</span> <span class='ocrx_word' id='word_1_378' title='bbox 2361 4310 2663 4372; x_wconf 87' lang='lat' dir='ltr'>remorari</span> <span class='ocrx_word' id='word_1_379' title='bbox 2706 4310 3110 4386; x_wconf 85' lang='lat' dir='ltr'>moliuntur;</span> 
     </span>
     <span class='ocr_line' id='line_1_41' title="bbox 698 4406 2306 4489; baseline 0 -21"><span class='ocrx_word' id='word_1_380' title='bbox 698 4408 823 4489; x_wconf 90' lang='lat' dir='ltr'>ipsi</span> <span class='ocrx_word' id='word_1_381' title='bbox 850 4427 994 4470; x_wconf 91' lang='lat' dir='ltr'>cum</span> <span class='ocrx_word' id='word_1_382' title='bbox 1021 4406 1199 4484; x_wconf 88' lang='lat' dir='ltr'>sequi</span> <span class='ocrx_word' id='word_1_383' title='bbox 1227 4411 1557 4485; x_wconf 84' lang='lat' dir='ltr'>nequeant,</span> <span class='ocrx_word' id='word_1_384' title='bbox 1590 4408 1953 4486; x_wconf 88' lang='lat' dir='ltr'>praecedere</span> <span class='ocrx_word' id='word_1_385' title='bbox 1981 4411 2306 4469; x_wconf 86' lang='lat' dir='ltr'>conantur.</span> 
     </span>
    </p>
   </div>
   <div class='ocr_carea' id='block_1_5' title="bbox 769 4554 2921 4746">
    <p class='ocr_par' dir='ltr' id='par_1_13' title="bbox 769 4554 2921 4746">
     <span class='ocr_line' id='line_1_42' title="bbox 1595 4554 2203 4617; baseline 0.007 -14"><span class='ocrx_word' id='word_1_386' title='bbox 1595 4569 1705 4617; x_wconf 80' lang='lat'>154.</span> <span class='ocrx_word' id='word_1_387' title='bbox 1745 4555 1824 4605; x_wconf 75' lang='lat' dir='ltr'>Ac</span> <span class='ocrx_word' id='word_1_388' title='bbox 1846 4559 1916 4604; x_wconf 75' lang='lat'>1⁵5:</span> <span class='ocrx_word' id='word_1_389' title='bbox 1951 4554 2116 4604; x_wconf 85' lang='lat' dir='ltr'>Proin</span> <span class='ocrx_word' id='word_1_390' title='bbox 2138 4559 2203 4607; x_wconf 84' lang='grc' dir='ltr'>Η.</span> 
     </span>
     <span class='ocr_line' id='line_1_43' title="bbox 769 4678 2921 4746; baseline 0.001 -17"><span class='ocrx_word' id='word_1_391' title='bbox 769 4695 878 4743; x_wconf 85' lang='grc'><strong>119.</strong></span> <span class='ocrx_word' id='word_1_392' title='bbox 911 4678 1119 4744; x_wconf 84' lang='lat' dir='ltr'>Poena]</span> <span class='ocrx_word' id='word_1_393' title='bbox 1143 4681 1268 4731; x_wconf 78' lang='lat' dir='ltr'>Juv.</span> <span class='ocrx_word' id='word_1_394' title='bbox 1302 4695 1376 4741; x_wconf 86' lang='grc'><strong>13.</strong></span> <span class='ocrx_word' id='word_1_395' title='bbox 1406 4682 1516 4743; x_wconf 84' lang='grc'><strong>196,</strong></span> <span class='ocrx_word' id='word_1_396' title='bbox 1540 4695 1586 4742; x_wconf 77' lang='lat'>7.</span> <span class='ocrx_word' id='word_1_397' title='bbox 2031 4695 2140 4742; x_wconf 82' lang='lat'>137·</span> <span class='ocrx_word' id='word_1_398' title='bbox 2171 4681 2439 4746; x_wconf 76' lang='lat' dir='ltr'>Auribus]</span> <span class='ocrx_word' id='word_1_399' title='bbox 2460 4682 2577 4732; x_wconf 82' lang='lat' dir='ltr'>Ter.</span> <span class='ocrx_word' id='word_1_400' title='bbox 2601 4686 2786 4733; x_wconf 62' lang='lat' dir='ltr'>rama.</span> <span class='ocrx_word' id='word_1_401' title='bbox 2809 4682 2921 4745; x_wconf 81' lang='lat'>506.</span> 
     </span>
    </p>
   </div>
  </div>
 </body>
</html>
