3355 5380
276 341 540 414 1523-4]
799 339 1195 403 ERASMUS
1249 340 1358 402 'ro
1410 341 1640 403 JOHN
1698 342 2147 405 ΒΟΤΖΗΕΙΜ
2597 353 2670 409 13

269 494 427 556 duos
451 495 733 573 hymnos
760 499 1239 576 Prudentianos,
1274 501 1547 560 alterum
1573 501 1949 580 γενεθλιακόν,
1976 502 2247 564 alterum
2283 506 2676 581 ἐπιφανειακόν

272 594 444 670 pueri
483 594 651 655 Iesu.
740 596 910 672 Quos
966 597 1187 658 itidem
1232 599 1611 659 emaculatos
1665 600 2190 661 commentariolis
2244 603 2675 664 enarrauimus

269 693 343 752 in
381 694 648 770 gratiam
693 695 1073 756 clarissimae
1113 696 1358 773 puellae
1401 697 1782 774 Margaretae
1823 698 2140 775 Roperae3
2197 699 2260 759 id
2304 699 2543 759 factum
2578 704 2675 761 est

268 792 459 851 Anno
492 809 671 870 1524.
759 793 968 853 Meliti
994 813 1215 854 sumus
1241 794 1450 855 simile
1478 795 1779 872 quiddam
1807 796 1973 874 apud
2012 796 2252 856 Aldum
2289 800 2430 874 post
2470 798 2673 859 aedita

150 955 165 970 .
266 888 612 950 Prouerbia
638 891 709 951 in
738 890 1103 953 Comoedias
1130 892 1409 953 Terentii
1436 896 1497 952 et
1525 892 1745 953 Plauti
1771 913 2007 969 omnes,
2046 895 2151 955 sed
2182 895 2283 955 hic
2311 896 2476 956 nihil
2503 896 2672 957 aliud
2700 918 2728 970 5

266 986 527 1063 professi
566 1008 758 1065 quam
794 1009 1095 1050 versuum
1128 990 1528 1051 confusorum
1558 991 1986 1068 digestionem,
2019 991 2132 1053 vbi
2165 994 2444 1054 licuisset
2470 1016 2486 1068 ;
2533 999 2675 1056 tum

260 1085 335 1144 in
363 1086 742 1163 Tragoedias
771 1087 1051 1163 Senecae,
1084 1089 1154 1148 in
1192 1088 1416 1167 quibus
1453 1109 1582 1148 non
1619 1107 1817 1165 pauca
1843 1088 2108 1150 feliciter
2143 1090 2304 1150 mihi
2331 1092 2506 1152 visus
2530 1111 2675 1153 sum

263 1183 630 1259 restituisse,
684 1187 749 1245 at
811 1205 939 1245 non
1000 1186 1135 1247 sine
1190 1186 1494 1264 praesidio
1550 1191 1832 1247 veterum
1886 1188 2189 1248 codicum.
2279 1189 2676 1267 Exemplaria

262 1280 642 1359 reliquimus
688 1284 875 1357 Aldo,
925 1285 1359 1361 permittentes
1408 1285 1581 1345 illius
1624 1285 1882 1346 arbitrio
1930 1286 2080 1364 quid
2129 1288 2207 1347 de
2253 1285 2355 1348 his
2403 1291 2673 1349 statuere

263 1380 454 1440 vellet
481 1402 498 1454 ;
541 1381 667 1441 nisi
697 1383 861 1459 quod
891 1383 1158 1443 Senecae
1185 1382 1557 1460 Tragoedias
1581 1386 1725 1460 post
1751 1383 1820 1442 in
1840 1384 2077 1460 Anglia
2105 1384 2309 1444 denuo
2330 1386 2677 1463 recognitas
2705 1408 2764 1445 ιο

262 1478 467 1538 Badio
524 1480 1012 1556 transmisimus,
1062 1481 1169 1559 qui
1216 1482 1394 1543 visus
1447 1484 1542 1541 est
1598 1482 1810 1542 nostra
1856 1501 2002 1541 cum
2050 1482 2273 1544 alienis
2328 1484 2669 1547 miscuisse.

262 1575 466 1638 Porro
495 1578 933 1656 Cantabrigiae
954 1579 1124 1640 nacti
1142 1584 1385 1641 veteres
1414 1580 1648 1656 aliquot
1677 1578 1930 1653 codices,
1952 1580 2222 1658 aggressi
2248 1600 2467 1642 sumus
2493 1583 2675 1643 Sene·

263 1694 403 1735 cam
431 1679 762 1752 oratorem,
796 1677 1041 1755 magnis
1073 1678 1326 1756 quidem
1363 1677 1683 1738 laboribus
1716 1677 1962 1750 nostris,
1994 1678 2102 1738 sed
2141 1699 2404 1757 quorum
2442 1680 2675 1741 aeditio

263 1794 492 1851 parum
534 1776 802 1836 feliciter
842 1776 1109 1837 cesserit.
1183 1776 1441 1836 Etenim
1483 1795 1679 1852 quum
1719 1796 1895 1835 meae
1937 1796 2035 1836 res
2071 1796 2173 1835 me
2208 1782 2565 1839 reuocarent
2605 1780 2674 1839 in

260 1874 557 1949 patriam,
590 1873 887 1934 dederam
927 1874 1044 1934 hoc
1082 1874 1324 1952 negocii
1351 1874 1551 1935 doctis
1586 1874 1822 1948 amicis,
1856 1877 1928 1934 vt
1955 1894 2031 1935 ex
2067 1875 2170 1935 his
2195 1890 2351 1952 quae
2388 1880 2672 1938 notaram
2703 1901 2759 1951 ¹5

264 1972 335 2031 in
379 1972 667 2049 margine
712 1973 1059 2049 deligerent
1101 1974 1328 2050 quibus
1382 1973 1702 2033 videretur
1744 1974 2095 2047 vtendum3
2152 1974 2327 2052 atqui
2374 1974 2470 2034 illi
2526 1995 2673 2035 sane

264 2089 461 2147 quam
500 2070 831 2147 magnifice
874 2074 1250 2147 receperunt.
1341 2071 1461 2132 Sed
1506 2070 1637 2130 illic
1681 2070 1961 2147 primum
1998 2070 2205 2146 didici,
2258 2075 2322 2131 et
2362 2073 2526 2150 apud
2566 2094 2673 2134 eos

266 2168 377 2245 qui
420 2171 726 2245 putantur
770 2169 840 2226 in
888 2168 1215 2245 promissis
1259 2168 1672 2242 adamantini,
1727 2168 2069 2229 nonnullos
2109 2188 2241 2229 esse
2288 2170 2395 2248 qui
2449 2191 2673 2248 parum

266 2267 496 2343 probae
549 2267 681 2327 sint
734 2266 896 2340 fidei,
953 2267 1305 2344 frustraque
1357 2268 1668 2344 poenituit
1726 2288 1850 2327 non
1906 2268 2364 2345 obtemperasse
2419 2271 2675 2331 cassitae

266 2365 545 2439 consilio,
583 2365 677 2425 Ne
706 2365 854 2443 quid
885 2367 1168 2442 expectes
1195 2366 1427 2426 amicos
1454 2366 1669 2439 facere,
1697 2366 1859 2442 quod
1891 2386 2004 2441 per
2033 2369 2094 2426 te
2122 2386 2326 2442 queas.
2417 2368 2582 2443 Quin
2611 2372 2674 2428 et
2702 2392 2762 2429 πο

268 2482 341 2522 ea
366 2483 513 2540 pars
539 2463 914 2539 exemplaris
939 2482 1094 2540 quae
1121 2463 1427 2540 plurimas
1448 2464 1719 2524 habebat
1747 2463 2184 2524 annotationes
2212 2465 2419 2541 periit.
2508 2467 2565 2526 N
2570 2487 2672 2527 on·

266 2562 431 2621 nulli
469 2560 965 2638 suspicabantur,
999 2564 1062 2621 et
1097 2564 1231 2621 erat
1269 2561 1627 2636 verisimile,
1662 2582 1806 2621 eum
1834 2561 1942 2638 qui
1970 2563 2296 2644 negocium
2323 2565 2675 2642 magnificis

266 2660 595 2738 promissis
643 2663 1006 2737 susceptum
1056 2659 1222 2721 haud
1271 2660 1398 2721 scio
1442 2661 1738 2737 peiorene
1787 2660 1910 2721 fide
1957 2680 2039 2720 an
2087 2661 2319 2721 iudicio
2374 2669 2662 2741 gesserat,

268 2761 428 2820 elam
470 2759 818 2831 sustulisse,
853 2779 933 2817 ne
974 2758 1552 2834 deprehenderetur.
1644 2758 1724 2818 In
1768 2758 2108 2818 nonnullos
2150 2758 2339 2819 libros
2379 2780 2505 2820 non
2544 2780 2671 2821 suc·

266 2858 553 2918 currebat
579 2857 819 2935 aliquid
840 2856 1255 2917 vetustiorum
1278 2858 1578 2933 codicum,
1605 2858 1781 2917 velut
1802 2857 1871 2917 in
1897 2856 2224 2918 Naturales
2247 2858 2662 2934 Quaestiones,
2698 2885 2757 2934 25

265 2956 332 3015 in
361 2955 856 3017 controuersias,
932 2954 1056 3015 His
1084 2955 1238 3015 locis
1271 2975 1398 3015 non
1427 2956 1514 3016 ita
1537 2955 1761 3016 multis
1785 2955 2223 3015 addideramus
2251 2956 2669 3017 coniecturam

263 3057 549 3114 nostram
578 3072 706 3112 non
735 3055 974 3113 mutata
1003 3052 1325 3130 scriptura.
1414 3054 1496 3114 In
1523 3054 1682 3114 alios
1708 3053 1817 3114 vbi
1852 3053 2032 3113 licuit
2059 3057 2341 3114 veterum
2369 3054 2669 3115 librorum

264 3154 358 3213 vti
398 3151 744 3230 praesidiis),
775 3153 937 3211 totas
971 3152 1283 3228 margines
1320 3152 1790 3229 expleueramus
1825 3152 2343 3227 annotationibus,
2376 3152 2483 3212 sed
2513 3173 2669 3230 quae

264 3252 654 3329 requirerent
695 3269 1115 3325 expensorem.
1208 3250 1379 3311 Huic
1419 3251 1590 3328 operi
1632 3250 1987 3311 excudendo
2029 3250 2086 3311 si
2123 3271 2417 3327 praesens
2445 3251 2668 3311 adfuis-

265 3369 415 3422 sem,
475 3350 780 3408 fateretur
830 3348 1129 3408 candidus
1182 3349 1377 3408 lector
1431 3350 1548 3409 hoc
1598 3349 1893 3426 quicquid
1938 3352 2033 3409 est
2088 3369 2307 3426 operae
2356 3370 2484 3410 non
2531 3350 2668 3410 sine
2695 3375 2758 3424 30

264 3449 470 3508 fructu
512 3446 707 3506 fuisse
748 3451 1145 3524 susceptum3
1194 3467 1363 3507 nunc
1400 3447 1830 3507 infelicitatem
1872 3467 2079 3507 meam
2119 3450 2183 3508 et
2223 3448 2353 3525 ipse
2392 3449 2661 3526 deploro,

262 3546 594 3624 perfidiam
622 3564 808 3604 nemo
843 3547 1051 3621 potest
1093 3545 1374 3605 obiicere.
1454 3546 1668 3605 Audio
1703 3546 2004 3623 quosdam
2041 3547 2203 3622 apud
2232 3546 2431 3608 Italos
2459 3547 2667 3607 moliri

263 3664 497 3705 nouam
540 3643 729 3703 huius
770 3643 1004 3703 autoris
1041 3643 1418 3704 seditionem
1462 3664 1539 3703 ex
1582 3643 1707 3704 fide
1749 3643 2322 3704 vetustissimorum
2363 3646 2661 3705 codicum.

263 3742 517 3804 Horum
544 3740 894 3801 industriae
922 3741 1271 3802 fauebimus
1296 3744 1558 3820 vtroque
1586 3741 1826 3821 pollice,
1861 3745 1925 3802 et
1960 3743 2112 3802 adeo
2148 3761 2276 3802 non
2305 3743 2667 3820 putabimus

262 3884 1370 4011 213Nm61152.6.1tl¹.u2.33d⁸ci1}endam
1393 3884 1464 4003 g:
1494 3885 1923 4012 Slis‘poigabintur
1946 3884 2665 3999 faigulzilsoiilitsudllizltishfiortsse

262 4017 439 4066 obuiis
471 4019 667 4066 abusae
698 4016 766 4064 ad
800 4013 1204 4064 incendendum
1238 4019 1581 4074 aestuarium,
1608 4020 1667 4063 vt
1699 4015 1798 4064 hoc
1837 4030 2048 4078 quoque
2079 4016 2299 4064 nomine
2329 4031 2439 4064 non
2463 4014 2666 4064 iniuria

263 4098 459 4144 queam
486 4081 753 4131 infensior
774 4096 889 4129 esse
913 4081 1253 4130 Germanicis
1273 4081 1617 4145 hypocaustis
1639 4099 1686 4131 a.

328 4278 406 4314 11.
440 4263 639 4328 Badio]
667 4263 747 4313 Cf.
766 4263 861 4325 Ep.
888 4266 1000 4326 263.
1048 4263 1179 4312 This
1202 4263 1411 4312 edition
1585 4277 1661 4323 η.
1701 4264 1845 4326 apud
1867 4262 1980 4326 eos]
2018 4262 2095 4312 cf.
2125 4262 2222 4325 Ep.
2247 4274 2344 4323 395
2368 4261 2568 4312 introd.

261 4344 370 4379 was
399 4329 701 4393 published
734 4343 805 4377 on
829 4343 859 4389 5
884 4330 1009 4381 Dec.
1046 4343 1186 4391 1514.
1256 4329 1412 4378 Eras-
1584 4331 1658 4379 18.
1686 4328 2052 4392 adamantini]
2067 4330 2344 4378 Germana.
2363 4328 2660 4389 cf.Ep.269.

262 4394 397 4445 mus'
429 4411 593 4444 name
629 4409 854 4458 appears
893 4410 963 4443 on
999 4395 1095 4444 the
1136 4394 1414 4456 title-page
1584 4409 1661 4456 ¹9·
1701 4394 1948 4459 cassitae]
1977 4395 2120 4444 Eun.
2137 4409 2222 4456 ap.
2247 4393 2387 4443 Gell.
2411 4409 2458 4441 9.
2480 4408 2557 4453 99.
2582 4409 2662 4443 9ο.

262 4462 366 4510 and
391 4464 448 4511 in
472 4461 702 4511 Badius·
726 4461 954 4523 preface‚
969 4461 1109 4509 with
1130 4474 1163 4508 a
1183 4460 1417 4508 number
1580 4475 1663 4520 39.
1702 4459 1892 4522 Italos]
1949 4459 2214 4521 Probably
2254 4459 2349 4508 the
2391 4463 2665 4518 stam-diae

262 4528 319 4575 of
344 4529 500 4577 other
532 4527 983 4585 commentatore,
1012 4527 1191 4575 whose
1228 4539 1416 4574 names
1513 4525 1803 4587 published
1822 4529 1879 4574 at
1899 4526 2094 4575 Venice
2115 4527 2184 4587 by
2202 4524 2573 4574 Bernardinus
2596 4525 2664 4571 de

260 4608 347 4642 are
376 4593 623 4642 inserted
656 4593 974 4655 frequently
996 4593 1057 4641 in
1081 4593 1176 4642 the
1201 4591 1414 4654 margin
1518 4592 1709 4639 Vianis
1740 4595 1796 4639 in
1829 4606 1967 4652 1522.
2035 4591 2237 4639 Panzer
2257 4591 2403 4652 gives
2426 4602 2497 4637 no
2519 4604 2659 4637 com-

260 4659 463 4722 against
487 4659 643 4709 their
662 4658 844 4708 notes.
1516 4656 1662 4720 plete
1686 4657 1896 4707 edition
1920 4656 1979 4705 of
1996 4657 2196 4706 Seneca
2224 4659 2282 4705 at
2305 4657 2418 4704 this
2440 4655 2590 4702 time.
