3355 5380
662 366 776 421 144
1364 360 1743 421 LETTERS
1799 360 1908 422 OF
1962 362 2359 423 ERASMUS
2870 361 3062 446 [149⁴

600 535 626 584 5
655 515 952 578 aduolent
993 518 1210 579 literae
1248 519 1539 580 effeceris·
1647 519 1768 581 Sed
1809 520 1976 597 quod
2019 519 2321 580 hactenus
2362 519 2566 579 rarius
2605 538 2683 580 ex
2725 540 2827 581 me
2874 542 3067 600 quam

654 616 998 692 expectasti
1048 615 1261 679 literas
1315 617 1596 679 vicissim
1659 618 1967 696 accepisti,
2029 638 2108 679 ne
2164 639 2283 693 me,
2346 638 2591 697 quaese,
2650 618 3073 698 negligentiae

657 715 916 775 nomine
971 719 1329 793 suspectum
1384 715 1631 792 habeaS,
1683 716 1791 776 sed
1846 716 2098 777 noueris
2152 717 2218 776 id
2274 735 2403 778 non
2457 736 2600 777 mea
2644 716 2904 792 incuria,
2957 719 3068 779 sed

655 811 1011 873 immodicis
1040 834 1197 892 quae
1224 833 1331 874 me
1356 813 1780 892 impedierunt
1807 814 2319 892 occupationibus
2338 818 2552 876 actum
2576 835 2729 876 esse.
2795 816 3070 877 Posthac

656 911 765 971 vbi
793 932 895 971 me
922 912 1080 972 meis
1105 912 1435 990 expediero
1464 912 1750 991 negotiis,
1782 916 1960 974 tanta
1986 916 2050 973 te
2077 912 2401 973 literarum
2431 932 2714 974 mearum
2742 912 3068 974 crebritate

570 1027 635 1062 10
656 1011 1053 1089 perculsurus
1092 1032 1252 1086 sum,
1293 1013 1365 1072 vt
1406 1010 1536 1071 iam
1568 1010 2001 1072 vehementius
2040 1030 2254 1089 rogare
2291 1012 2556 1090 incipias
2595 1033 2717 1091 quo
2757 1012 3061 1085 desinam,

659 1128 850 1187 quam
886 1112 1031 1169 ante
1062 1109 1179 1170 hac
1215 1127 1495 1188 vnquam
1534 1113 1607 1171 vt
1641 1109 1975 1170 scriberem
2017 1109 2318 1187 rogitasti.
2404 1109 2604 1184 Vale3
2651 1110 2886 1171 amicos
2926 1114 3073 1171 tuos

659 1227 801 1268 meo
828 1207 1035 1269 saluta
1063 1209 1336 1282 nomine,
1369 1228 1525 1285 quos
1551 1228 1744 1286 aeque
1772 1228 1945 1270 meos
1971 1210 2157 1287 atque
2185 1212 2329 1269 tuos
2356 1209 2532 1271 duco.

1456 1391 1563 1453 42.
1650 1388 1746 1454 To
1790 1388 1836 1455 J
1838 1405 2022 1454 anns
2069 1387 2279 1455 ΒΑΤΤ.

730 1506 866 1564 Vita
890 1506 1109 1564 Erasmi
1135 1528 1190 1580 p.
1224 1510 1339 1576 184.
2251 1508 2542 1581 (Brussels
2570 1525 2632 1565 or
2658 1507 2914 1564 Mechlin
2930 1507 3004 1578 2³)

731 1596 907 1653 Lond.
930 1596 1083 1652 xxxi.
1114 1598 1206 1652 18:
1244 1596 1352 1650 LB.
1378 1595 1524 1667 App.
1553 1611 1673 1666 393.
2343 1595 2647 1669 <Summer
2675 1611 2810 1666 1495
2825 1595 2898 1666 2>

729 1709 858 1787 [For
880 1711 974 1759 the
999 1710 1121 1759 date
1144 1710 1203 1758 of
1220 1710 1519 1787 thialetter
1535 1725 1621 1759 see
1637 1710 1775 1774 App.
1794 1725 1843 1772 5.
1906 1710 1965 1759 If
1981 1710 2074 1760 the
2097 1709 2401 1770 conjecture
2426 1710 2579 1758 there
2603 1710 2758 1787 made
2783 1710 2831 1758 is
2853 1712 3075 1772 correct,

661 1776 777 1826 this
808 1775 1002 1825 should
1027 1777 1091 1824 be
1123 1775 1310 1838 placed
1336 1790 1396 1825 ιιι
1428 1777 1524 1824 the
1554 1791 1795 1825 summer
1825 1775 2004 1825 before
2036 1776 2293 1825 Erasmus
2314 1776 2460 1824 went
2490 1779 2547 1825 to
2577 1775 2743 1824 Pans.
2814 1775 2845 1824 1
2873 1778 3073 1824 cannot

664 1843 809 1890 trace
850 1843 945 1889 the
982 1842 1229 1904 Bishop's
1267 1845 1603 1891 movements
1642 1843 1702 1890 in
1746 1856 1887 1903 1495,
1927 1841 2037 1891 and
2073 1842 2202 1891 thus
2241 1856 2330 1889 am
2371 1842 2568 1890 unable
2611 1845 2666 1889 to
2706 1840 2858 1889 show
2893 1841 3073 1890 where

665 1907 918 1956 Erasmus
964 1907 1150 1957 writes
1193 1907 1348 1956 from.
1418 1908 1916 1958 Communications
1959 1907 2100 1956 from
2143 1907 2352 1970 Ber-gen
2399 1910 2456 1956 to
2499 1906 2676 1956 either
2720 1906 2966 1955 Brussels
3011 1921 3080 1955 or

665 1972 904 2021 Mechlin
940 1973 1118 2021 would
1152 1987 1274 2036 pass
1309 1973 1379 2034 by
1413 1972 1624 2038 water]

786 2104 1099 2151 ERASMVS
1143 2104 1651 2154 ROTERODAMVS
1698 2106 1944 2153 IACOBO
1991 2105 2213 2153 BATTO
2258 2104 2687 2154 SECBETARIO
2733 2106 2929 2153 0P1D1

1100 2208 1478 2256 BERGENSIS
1522 2208 1689 2256 VIRO
1736 2209 2046 2256 APPBIME:
2092 2209 2313 2257 DocTo
2355 2210 2406 2257 S.
2454 2208 2520 2257 D.
2568 2208 2628 2255 P.

747 2319 1094 2380 Eum-om
1130 2323 1379 2382 nostras
1415 2321 1483 2381 in
1518 2341 1743 2383 manus
1780 2324 1922 2383 tuas
1949 2322 2194 2384 venisse
2219 2322 2457 2397 laetor3
2498 2320 2876 2383 subuerebar
2901 2322 3075 2382 enim

666 2437 744 2476 ne
793 2420 984 2478 nauta
1033 2418 1222 2479 homo
1270 2420 1653 2480 leuiusculus
1702 2421 2001 2481 mandata
2049 2424 2264 2482 nostra
2311 2420 2734 2500 negligentius
2780 2423 3078 2482 curasset.

665 2515 913 2576 Literae
959 2519 1171 2577 autem
1213 2521 1357 2578 tuae
1401 2518 1554 2578 adeo
1602 2518 1766 2578 mihi
1811 2522 1991 2580 erant
2032 2522 2280 2598 optatae
2319 2522 2838 2597 exspectataeque,
2885 2522 2955 2579 vt
2996 2512 3075 2579 ad

667 2613 888 2674 nauim
914 2614 1192 2675 redditas
1211 2616 1507 2677 continuo
1534 2618 1810 2678 reclusas
1835 2617 2233 2696 inspexerim.
2299 2616 2542 2677 Deinde
2560 2616 2792 2677 diuersi
2820 2616 3079 2677 affectus

613 2725 640 2775 5
666 2714 990 2775 variauere
1030 2715 1359 2790 animum3
1413 2717 1621 2793 prima
1662 2715 1836 2777 enim
1878 2718 2086 2777 fronte
2126 2716 2246 2776 tibi
2293 2716 2745 2791 subirascebar,
2787 2716 2896 2794 qui
2944 2719 3079 2777 tam

667 2811 886 2874 breues
919 2813 1182 2875 miseris.
1269 2814 1571 2892 Cuperem
1601 2815 1773 2875 enim
1801 2818 1882 2892 te,
1916 2836 2072 2895 quae
2108 2815 2271 2875 mihi
2299 2815 2474 2876 Batti
2509 2815 2633 2874 mei
2663 2818 2759 2875 est
2788 2814 3077 2888 auiditaS,

668 2931 797 2973 non
826 2913 1119 2990 epistolas
1146 2913 1255 2974 sed
1282 2913 1608 2974 volumina
1641 2913 1926 2975 scribere.
2014 2914 2255 2975 Deinde
2280 2913 2541 2988 volanti,
2574 2915 2648 2973 vt
2673 2913 2870 2988 aiunt,
2903 2914 3089 2975 oculo

666 3031 1052 3088 percurrens,
1072 3031 1217 3072 cum
1236 3015 1299 3072 te
1320 3011 1482 3072 febri
1506 3012 2020 3088 pertinacissima,
2040 3012 2133 3073 vti
2158 3011 2394 3086 scribis,
2414 3012 2768 3088 correptum
2788 3009 3075 3086 legerem,

666 3111 801 3170 toto
842 3111 1146 3171 intremui
1186 3113 1450 3187 pectore,
1495 3110 1758 3188 fixisque
1805 3110 2004 3171 oculis
2052 3110 2116 3170 id
2165 3110 2375 3187 paullo
2423 3109 2771 3169 accuratius
2812 3108 3082 3185 relegere

584 3219 645 3255 10
669 3208 841 3284 coepi
869 3231 886 3283 ;
926 3209 1034 3268 vbi
1068 3210 1278 3269 autem
1307 3211 1370 3267 te
1399 3209 1631 3268 nostris
1663 3208 1864 3270 literis
1892 3208 2283 3269 conualuisse
2309 3207 2606 3283 intellexi,
2639 3205 2937 3267 continuo
2964 3205 3080 3265 ino

668 3304 770 3364 vel
796 3304 1010 3365 dolore
1037 3305 1141 3365 vel
1169 3307 1343 3365 metu
1368 3305 1613 3366 leuatus
1641 3327 1785 3366 sum
1807 3328 1823 3382 ;
1865 3310 2109 3368 caetera
2137 3306 2399 3367 hilarior
2424 3306 2565 3383 legi.

751 3401 1022 3462 Omnem
1073 3403 1329 3481 quidem
1376 3424 1529 3479 rem,
1580 3404 1672 3464 mi
1719 3405 2092 3466 suauissime
2140 3407 2345 3480 Batte,
2390 3409 2534 3465 tuae
2580 3402 2945 3481 prudentiae
2994 3424 3085 3464 re·

671 3498 885 3577 linquo
908 3523 924 3572 ς
964 3503 1029 3560 at
1062 3500 1291 3562 iterum
1318 3503 1505 3581 atque
1538 3503 1771 3564 iterum
1799 3523 2025 3565 moneo
2054 3524 2133 3564 ne
2161 3504 2524 3581 importuna
2552 3501 2895 3563 ambitione
2923 3502 3089 3563 meis

670 3597 855 3659 rebus
875 3598 1121 3661 officias.
1208 3600 1502 3661 Primum
1523 3602 1730 3663 danda
1750 3621 1936 3680 opera
1957 3605 2028 3663 vt
2049 3603 2313 3663 Erasmo
2333 3605 2444 3663 tuo
2471 3600 2757 3662 consulas
2779 3623 2794 3674 ;
2835 3600 3087 3676 deinde,

589 3706 644 3758 15
670 3695 726 3756 si
760 3696 912 3773 quid
939 3697 1042 3758 vel
1079 3718 1292 3759 meum
1331 3699 1615 3760 studium
1642 3701 1744 3761 vel
1780 3701 2238 3762 commendatio
2265 3701 2366 3762 vel
2404 3699 2635 3776 scripta
2670 3702 2987 3777 poterunt,
3020 3699 3084 3761 id

672 3814 857 3855 omne
880 3795 1161 3856 vicissim
1180 3797 1257 3858 ad
1278 3799 1340 3857 te
1362 3800 1715 3860 ornandum
1735 3820 2116 3878 expromam.
2181 3798 2501 3860 Placuisse
2522 3800 2733 3859 autem
2751 3797 3085 3876 epistolam

672 3892 927 3954 domino
953 3894 1255 3973 Bergensi
1283 3896 1445 3956 mihi
1471 3897 1782 3976 voluptati
1808 3901 1904 3958 est
1926 3920 1941 3972 ;
1975 3918 2193 3959 verum
2220 3917 2293 3958 ea
2322 3916 2451 3958 non
2479 3917 2516 3957 a
2545 3916 2646 3957 me
2672 3897 2903 3974 scripta
2927 3900 3080 3969 erat,

674 3994 744 4050 vt
780 3989 1091 4068 placerem
1128 3994 1333 4069 mod0,
1368 3995 1477 4056 sed
1515 3997 1588 4057 vt
1621 3996 1934 4057 voluntati
1969 4017 2144 4058 meae
2182 4015 2425 4057 morem
2464 3999 2720 4073 gereret.
2809 3995 2973 4073 Quid
3008 3995 3084 4055 de

674 4089 790 4148 hoc
834 4090 966 4166 spei
1006 4092 1092 4151 sit
1132 4112 1458 4170 nunquam
1502 4095 1864 4156 meministi.
1953 4096 2143 4157 Oraui
2183 4096 2247 4155 te
2281 4115 2404 4172 qua
2440 4096 2613 4171 potui
2647 4094 3088 4168 vehementia;

1482 4227 1558 4275 42.
1580 4240 1625 4274 2.
1664 4226 1716 4274 Οι
1743 4245 1756 4275 z
1789 4226 2087 4276 leuisculus
2110 4230 2259 4274 Lond.

742 4346 820 4394 42.
848 4360 923 4406 17.
962 4345 1185 4396 domino
1207 4346 1493 4412 Bergensi]
1515 4347 1629 4396 The
1659 4349 1830 4396 inter·
1930 4348 2206 4409 Walhain,
2234 4347 2331 4395 the
2365 4343 2512 4408 Bp.’s
2542 4344 2780 4402 brother,
2812 4345 2938 4393 who
2970 4357 3088 4391 suc-

676 4410 1023 4474 pretationpf
1031 4413 1146 4460 this
1162 4427 1321 4461 name
1336 4414 1528 4471 varies,
1542 4414 1830 4476 according
1932 4413 2128 4462 ceeded
2143 4415 2201 4461 to
2214 4412 2304 4461 his
2318 4411 2542 4461 father’s
2556 4409 2732 4460 titles.
2764 4410 2863 4461 See
2881 4409 3087 4457 Pontus

677 4478 734 4524 to
779 4477 873 4525 the
918 4475 1045 4526 date
1085 4478 1335 4540 assigned
1379 4481 1437 4527 to
1482 4479 1597 4527 this
1641 4479 1823 4541 letter,
1933 4478 2226 4540 flenter-us,
2253 4481 2564 4536 Gerwalom'ae,
2588 4490 2639 4538 p.
2665 4490 2745 4538 90·
2804 4474 2874 4523 In
2909 4473 3090 4522 either

679 4542 922 4591 between
966 4544 1063 4593 the
1100 4543 1245 4605 13sz
1282 4543 1481 4605 father,
1517 4545 1684 4608 John,
1729 4545 1828 4606 5th
1932 4560 2051 4594 case
2083 4544 2343 4594 Erasmus
2380 4557 2493 4591 was
2533 4541 2767 4604 perhaps
2804 4541 2994 4602 trying
3031 4542 3090 4589 to

679 4607 820 4656 Lord
854 4608 914 4656 of
941 4609 1150 4659 Glimes
1182 4608 1292 4658 and
1324 4610 1552 4675 Ber-gen,
1578 4612 1657 4671 †7
1682 4610 1830 4674 Sept.
1935 4609 2102 4658 eulist
2148 4611 2373 4671 support
2423 4607 2508 4656 for
2550 4607 2642 4655 his
2686 4606 2841 4655 Paris
2884 4604 3094 4668 project

683 4688 808 4735 1494
828 4672 1086 4739 (Molinet
1111 4675 1250 4739 274),
1278 4675 1386 4724 and
1408 4675 1571 4737 John,
1601 4675 1741 4725 Lord
1779 4675 1839 4724 of
1933 4675 2133 4724 within
2169 4674 2265 4724 the
2300 4675 2445 4736 Bp.’s
2478 4673 2690 4735 family.
