3355 5380
646 357 723 413 82
1348 347 1726 409 LETTERS
1782 348 1888 409 or
1943 347 2341 408 ERASMUs
2853 342 3047 427 [1487

731 507 853 569 Sed
894 505 1019 567 iam
1063 527 1192 567 non
1228 525 1329 565 me
1365 503 1520 564 latet
1557 503 1706 581 quid
1748 503 1824 563 ad
1869 504 2021 564 haec
2056 503 2411 564 obiecturus
2449 501 2537 563 sis
2569 502 2767 578 mihi3
2809 523 2884 563 ea
2910 502 3056 580 ipsa

648 608 814 666 certe
861 624 1016 682 quae
1060 604 1275 665 crebro
1318 602 1496 663 soles.
1585 600 1748 678 Quid
1791 600 1962 661 enim
1998 600 2113 676 vis,
2146 600 2293 678 quid
2334 619 2437 660 me
2471 599 2782 674 molestas,
2813 601 2953 679 quis
2986 604 3057 661 te

649 706 992 775 auersatur,
1034 703 1177 781 quis
1217 700 1579 775 contemnit,
1626 699 1765 777 quis
1807 698 1948 759 odio
1988 698 2177 760 habet
2196 700 2232 758 ⁴?
2310 695 2599 758 Honesta
2644 697 2912 776 quidem,
2958 697 3058 759 mi

557 822 626 871 40
651 801 916 876 Seruati,
948 801 1146 863 oratio
1173 803 1307 874 est3
1348 798 1535 859 modo
1562 798 1723 858 facta
1749 797 1848 857 illi
1883 796 2075 858 fidem
2107 797 2396 858 facerent.
2488 797 2611 859 Sed
2638 797 2949 874 proferam
2974 817 3060 858 ex

650 902 913 961 aduerso
952 900 1100 977 quid
1142 898 1301 959 mihi
1343 898 1563 974 doleat,
1608 896 1664 956 si
1705 899 1776 956 tu
1824 895 2104 973 placidus
2152 894 2362 955 audire
2410 895 2701 957 volueris.
2809 894 3061 957 Occidis

650 1018 754 1060 me
782 996 1294 1058 simulationibus
1319 998 1383 1056 et
1412 992 2019 1055 dissimulationibus
2047 993 2210 1067 tuis;
2252 994 2428 1053 tenes
2463 993 2610 1071 quid
2639 994 2832 1054 velim
2850 995 2882 1054 *Ρ
2962 995 3062 1055 At

653 1094 798 1175 quid
857 1116 895 1156 a
947 1113 1095 1155 vera
1148 1092 1422 1154 amicitia
1474 1092 1746 1152 alienius
1766 1093 1799 1152 ⁴?
1878 1090 1995 1151 Vis
2048 1090 2152 1152 hic
2208 1091 2327 1151 tibi
2384 1112 2868 1152 commemorem
2919 1091 3064 1153 veri

654 1191 889 1254 amoris
932 1191 1129 1252 officia
1150 1193 1183 1253 *Ρ
1265 1190 1557 1250 Primum
1609 1190 1896 1250 omnium
1943 1188 2287 1249 amicorum
2337 1193 2559 1250 mutua
2606 1209 2673 1251 se
2720 1187 3066 1267 complecti

564 1307 629 1357 45
654 1291 1121 1354 beneuolentia:
1164 1291 1431 1350 alterum
1468 1287 1635 1349 nihil
1672 1287 1827 1348 scire
1855 1286 2018 1367 quod
2057 1288 2251 1347 lateat
2280 1289 2553 1348 alterum
2581 1309 2597 1362 ;
2638 1285 2908 1347 libenter
2933 1284 3069 1347 sibi

657 1390 870 1451 adesse
907 1392 1167 1463 mutuo;
1207 1407 1335 1449 vno
1374 1386 1685 1463 gaudente
1720 1385 1994 1446 alterum
2030 1385 2373 1464 gratulari;
2415 1387 2613 1447 altero
2645 1386 2897 1447 dolente
2922 1403 3069 1444 con·

657 1488 867 1549 dolere
893 1485 1198 1560 alterum3
1236 1484 1483 1546 credere
1504 1483 1624 1544 sibi
1652 1486 1873 1544 mutuo
1895 1504 2148 1544 omnem
2174 1485 2472 1559 animum,
2499 1504 2684 1545 omne
2704 1481 3065 1555 consilium,

658 1605 913 1646 omnem
957 1583 1223 1661 denique
1269 1582 1435 1644 vitae
1479 1582 1787 1643 rationem
1836 1602 2234 1644 communem
2278 1602 2459 1661 agere
2514 1581 2799 1642 inuicem.
2886 1579 3069 1641 Haec

658 1686 812 1745 sunt
851 1682 987 1744 veri
1026 1680 1259 1742 amoris
1299 1684 1683 1757 argumenta.
1773 1680 1956 1740 Nunc
1998 1681 2292 1758 coniecta,
2340 1680 2608 1758 obsecro,
2654 1680 2746 1740 mi
2795 1677 3065 1752 Seruati,

571 1799 638 1849 50
661 1782 905 1843 nihilne
946 1779 1175 1840 horum
1216 1778 1335 1837 tibi
1377 1777 1660 1837 defuerit.
1749 1777 1892 1837 Non
1934 1777 2100 1838 nihil
2141 1778 2416 1856 profecto
2456 1796 2597 1837 mea
2634 1776 2886 1855 quidem
2919 1794 3069 1835 sen-

660 1878 863 1940 tentia
878 1898 893 1952 3
937 1880 1002 1938 at
1051 1880 1123 1937 tu
1170 1874 1352 1936 aliter
1399 1875 1561 1935 forte
1606 1874 1855 1935 senties·
1947 1876 2069 1937 Sed
2114 1875 2254 1936 falli
2297 1895 2415 1952 me,
2464 1878 2678 1954 vtpote
2722 1873 3066 1950 hominem,

664 1977 830 2039 nihil
871 1974 1159 2035 miraculi
1201 1977 1379 2049 esset,
1428 1973 1797 2050 praesertim
1838 1973 1906 2033 in
1956 1993 2142 2035 causa
2187 1974 2456 2053 propria.
2545 1975 2612 2036 Si
2652 1973 2847 2050 igitur
2885 1993 2923 2033 a
2963 1993 3073 2035 me

666 2078 802 2136 orta
844 2076 939 2135 est
978 2075 1175 2151 culpa,
1209 2071 1264 2132 si
1303 2072 1643 2150 quidquam
1686 2072 1756 2131 in
1785 2092 1886 2132 me
1922 2074 2018 2132 est
2045 2093 2167 2151 quo
2203 2075 2276 2132 tu
2320 2072 2674 2148 offendaris,
2707 2093 2819 2133 cur
2845 2071 2910 2132 id
2937 2091 3076 2132 non

664 2176 758 2251 (vt
793 2172 1138 2233 amicorum
1176 2172 1293 2247 est)
1328 2170 1525 2231 libere
1564 2169 1804 2230 indicas
1842 2170 2002 2231 mihi
2024 2172 2056 2231 *Ρ
2137 2170 2271 2250 Ego
2307 2175 2476 2232 certo
2514 2170 2815 2251 quidquid
2848 2170 2913 2231 id
2948 2171 3077 2231 erit

574 2283 639 2332 55
665 2266 972 2345 corrigere
1027 2284 1170 2326 sum
1217 2263 1663 2342 paratissimus.
1784 2264 1946 2341 Quid
2009 2285 2112 2325 me
2156 2265 2448 2344 fingendo
2491 2263 3077 2343 dissimulandoque

665 2367 987 2428 exanimas
1003 2366 1036 2425 ⁴?

749 2464 868 2526 Sed
897 2463 1045 2543 quid
1074 2483 1187 2540 ego
1215 2463 1367 2523 haec
1393 2460 1568 2522 inani
1597 2460 1807 2521 studio
1836 2482 2252 2523 commemoro
2270 2465 2303 2523 ⁴?
2339 2462 2516 2541 quasi
2542 2460 2645 2523 his
2665 2483 2808 2523 vere
2836 2461 3083 2522 mutari

668 2562 870 2641 possis
897 2561 1192 2639 epistolis,
1225 2560 1334 2639 qui
1362 2559 1558 2621 nullis
1598 2560 1746 2620 ante
1786 2560 1904 2621 hac
1940 2560 2215 2638 potuisti,
2249 2560 2378 2622 imo
2404 2582 2486 2623 ne
2518 2561 2767 2622 fletibus
2793 2560 3076 2639 quidem.

670 2659 925 2723 Ridebis
954 2680 1053 2721 me
1080 2659 1261 2735 forte,
1296 2659 1449 2721 dum
1475 2657 1658 2720 fletus
1687 2678 1876 2720 narro
1899 2683 1914 2736 ;
1956 2661 2022 2721 at
2048 2659 2256 2721 hercle
2290 2680 2414 2722 non
2440 2660 2688 2737 faceres,
2723 2659 2987 2732 Seruati,
3020 2660 3083 2722 si

575 2771 644 2821 60
669 2781 861 2839 aeque
904 2760 1055 2820 haec
1099 2778 1200 2819 res
1243 2756 1359 2818 tibi
1407 2757 1576 2819 cordi
1622 2761 1784 2818 esset
1830 2760 2017 2836 atque
2065 2759 2223 2819 mihi
2279 2763 2390 2821 est.
2477 2761 2568 2819 At
2613 2760 2920 2821 iniurium
2966 2762 3082 2819 aut

669 2858 1007 2919 ridiculum
1034 2857 1155 2917 tibi
1181 2856 1445 2931 videtur,
1466 2856 1523 2916 si
1549 2855 1702 2916 haec
1730 2857 1990 2918 moleste
2019 2857 2168 2917 fero,
2242 2856 2324 2917 In
2353 2860 2414 2917 te
2443 2877 2567 2918 vno
2595 2878 2847 2920 omnem
2874 2877 3075 2936 spem,

672 2975 926 3017 omnem
981 2956 1197 3030 vitam,
1258 2974 1445 3015 omne
1499 2953 1697 3013 animi
1745 2953 2039 3015 solatium
2095 2955 2479 3029 collocaram,
2533 2956 2662 3016 iam
2710 2958 2882 3018 totus
2930 2958 3084 3015 tuus

673 3055 890 3131 factus,
936 3054 1063 3113 mei
1118 3052 1280 3112 mihi
1335 3051 1696 3128 relinquens
1751 3050 1934 3113 nihil.
2022 3053 2107 3113 Et
2160 3056 2230 3114 tu
2288 3056 2369 3128 te,
2422 3073 2523 3114 me
2570 3055 2888 3130 miserum,
2942 3056 3084 3114 tam

673 3152 1008 3213 crudeliter
1057 3150 1374 3224 subduciS,
1423 3151 1554 3209 tam
1601 3150 2002 3226 pertinaciter
2044 3150 2232 3229 fugis,
2281 3152 2651 3230 praesertim
2700 3172 2843 3213 cum
2891 3152 3088 3230 pusil-

581 3249 1095 3320 651animitatem
1135 3266 1342 3309 meam
1384 3266 1515 3307 non
1557 3246 1916 3324 ignorares;
1966 3268 2118 3327 quae
2165 3249 2289 3310 nisi
2331 3270 2683 3328 quenquam
2732 3250 2962 3311 habeat
3010 3249 3087 3310 111

675 3367 863 3427 quem
908 3346 1213 3406 inclinata
1267 3345 1605 3421 recumbat,
1660 3346 1857 3407 tantis
1913 3367 2015 3408 me
2070 3349 2319 3410 conficit
2375 3348 2699 3410 lachrimis
2747 3353 2818 3411 vt
2870 3348 3088 3410 viuere

676 3464 934 3524 prorsus
978 3444 1201 3521 pigeat.
1289 3443 1494 3503 Deum
1543 3446 1737 3505 testor
1777 3448 1840 3506 et
1890 3445 2006 3506 hoc
2056 3447 2211 3507 coeli
2256 3447 2520 3508 amabile
2565 3449 2800 3522 lumen,
2848 3447 2904 3508 si
2953 3467 3088 3508 non

676 3542 919 3622 quoties
938 3541 1150 3603 animo
1176 3540 1272 3601 tui
1299 3540 1469 3601 subit
1488 3540 1712 3619 image,
1739 3562 1814 3603 ex
1841 3544 2036 3605 oculis
2057 3545 2264 3606 subito
2289 3550 2702 3624 prorumpant
2722 3545 3084 3608 lachrimae.

679 3643 800 3704 Sed
829 3662 910 3702 ne
937 3641 1054 3701 has
1080 3639 1334 3719 quidem
1359 3639 1594 3714 literas,
1631 3642 1811 3703 crede
1837 3642 2015 3719 mihi,
2047 3644 2181 3704 sine
2207 3643 2480 3722 plurimo
2517 3643 2668 3704 fietu
2706 3643 3088 3722 perscribere

589 3751 654 3805 70
680 3739 876 3816 licuit,
898 3739 1053 3799 adeo
1079 3757 1276 3816 vsque
1304 3738 1563 3798 diuortii
1590 3739 1794 3800 nostri
1819 3739 2156 3818 impatiens
2184 3745 2280 3802 est
2308 3742 2575 3816 animus,
2640 3741 2813 3816 Vide,
2837 3762 3082 3822 quaeso,

681 3839 773 3898 mi
798 3836 1043 3898 Seruati
1069 3836 1456 3912 suauissime,
1492 3857 1649 3916 quae
1679 3858 1781 3899 me
1809 3841 2054 3916 premat
2082 3841 2410 3918 angustia:
2453 3842 2639 3919 atque
2666 3839 2721 3901 si
2749 3840 2896 3919 quid
2924 3840 2996 3900 in
3020 3844 3092 3902 te

682 3935 968 4015 generosi
995 3933 1195 3995 animi
1223 3937 1335 4010 est,
1369 3935 1471 3996 vel
1508 3936 1769 3998 tandem
1808 3937 2103 3998 miserere
2131 3938 2274 4013 mei,
2310 3936 2438 4000 imo
2464 3937 2718 3999 hercule
2744 3937 2888 3998 tui
2866 3937 3085 4016 ipsius.

684 4032 806 4094 Sed
848 4033 998 4111 quid
1041 4051 1170 4109 ego,
1219 4051 1518 4094 rursusne
1559 4035 1637 4094 ad
1679 4034 2117 4096 blandimenta
2156 4055 2488 4115 precesque
2530 4035 2716 4097 redeo
2731 4037 2765 4098 *Ρ
2844 4035 2984 4096 Scio
3025 4038 3093 4097 te

684 4131 947 4192 minime
986 4131 1367 4206 auditurum,
1402 4132 1636 4192 nedum
1671 4133 2001 4197 facturum.
2088 4132 2230 4194 Iam
2267 4133 2486 4213 perdiu
2526 4133 2941 4211 obsurduisti;
2984 4132 3095 4194 ob-

594 4243 656 4298 75
684 4230 954 4291 firmasti
1023 4228 1347 4291 animum·
1416 4229 1567 4308 quid
1624 4250 1842 4293 rursus
1897 4232 2203 4293 contendo
2220 4234 2253 4293 ⁶?
2335 4233 2582 4295 Durum
2651 4232 2921 4311 quidem,
2980 4233 3093 4295 sed

684 4328 893 4390 leuius
920 4328 995 4389 fit
1034 4328 1340 4405 patientia
1373 4327 1675 4406 quidquid
1715 4330 2021 4408 corrigere
2058 4333 2154 4391 est
2190 4331 2382 4392 nefas.
2465 4329 2702 4392 Verum
2739 4330 2908 4392 nihil
2943 4329 3096 4393 huic

689 4426 936 4488 vulneri
980 4445 1121 4486 meo
1165 4426 1452 4486 medetur
1507 4427 1829 4504 patientia,
1875 4429 2035 4490 nihil
2084 4430 2328 4490 confert
2382 4429 2684 4507 temporis
2738 4450 2904 4493 vsus.
2995 4429 3095 4492 'ru

697 4566 761 4573 ’-

757 4649 839 4698 66.
882 4647 1172 4712 inclinata]
1195 4648 1351 4711 Verg.
1374 4653 1496 4698 Aen.
1532 4664 1606 4700 12.
1632 4664 1714 4712 59.
1949 4666 2026 4714 75.
2061 4650 2304 4716 Durum]
2321 4651 2452 4703 Hor.
2477 4657 2629 4702 Cam.
2654 4667 2693 4700 1.
2713 4667 2792 4713 24.
2820 4666 2999 4714 19·2⁰·
