3355 5380
692 444 807 500 318
1380 436 1760 498 LETTERS
1816 437 1925 497 OF·
1986 437 2385 498 ERASMUS
2895 431 3089 516 [1500

685 617 721 658 e
773 595 1116 657 Brabantia
1167 594 1440 668 rediisse,
1499 593 1915 655 differendum
1968 593 2206 672 putaui,
2259 593 2456 654 donec
2519 593 2595 653 de
2650 591 2858 653 reditu
2915 592 3096 652 illius

687 694 1133 773 cognouissem.
1222 692 1325 754 Ad
1366 695 1430 753 te
1468 691 1628 767 dedi,
1662 712 1788 752 non
1835 692 1999 771 quod
2042 695 2204 754 esset
2244 691 2598 770 argumenti
2635 691 2790 752 noui
2828 689 3089 768 aliquid,

631 822 660 872 5
688 794 792 855 sed
835 796 907 853 vt
953 794 1347 853 constantem
1401 794 1898 868 perpetuumque
1952 809 2166 852 meum
2218 789 2287 850 in
2336 793 2400 850 te
2447 809 2723 850 amorem
2776 786 3092 849 scribendi

689 892 888 953 officio
928 891 1321 952 declararem.
1405 891 1574 950 Amo
1615 889 1788 949 enim
1828 892 1909 965 te,
1956 888 2049 950 mi
2095 888 2467 950 suauissime
2516 887 3098 964 humanissimeque

690 990 947 1064 Antoni,
987 992 1099 1050 aut
1141 987 1276 1066 pari
1314 991 1425 1048 aut
1470 990 1632 1048 certe
1679 1006 1870 1066 quam
1919 987 2202 1064 proximo
2245 1006 2389 1046 cum
2431 986 2621 1047 Batto
2662 1005 2803 1046 meo
2844 1005 3100 1057 amore;

689 1087 876 1167 idque
903 1107 1032 1148 non
1059 1087 1243 1148 modo
1271 1085 1565 1164 plurimis
1593 1087 1722 1146 tuis
1749 1087 1817 1146 in
1847 1105 1961 1147 nos
1989 1085 2206 1146 officiis
2234 1084 2637 1162 moribusque
2669 1084 3102 1144 festinissimis

689 1189 1074 1266 prouocatus,
1115 1184 1529 1244 verumetiam
1572 1184 1748 1244 fatali
1790 1185 2058 1261 quadam
2106 1183 2555 1255 beneuolentia,
2603 1201 2723 1259 qua
2767 1182 2859 1241 ita
2910 1182 3104 1242 ducor

608 1307 669 1344 10
690 1289 762 1346 vt
790 1284 884 1345 tui
912 1284 1157 1345 etiamsi
1185 1282 1470 1343 obliuisci
1496 1282 1711 1358 velim,
1741 1301 1871 1342 non
1901 1301 2141 1361 queam.

775 1381 906 1443 Nos
962 1380 1262 1458 quoniam
1315 1380 1604 1440 funditus
1656 1379 2000 1441 extinctam
2055 1384 2293 1457 pestem
2350 1380 2774 1457 cognouimus,
2823 1378 3105 1439 Parisios

693 1481 1120 1557 remigramuS.
1206 1478 1475 1555 Dismas,
1525 1478 1795 1539 Abbatis
1842 1477 2049 1553 frater,
2097 1478 2252 1538 dum
2299 1477 2402 1538 hic
2443 1495 2708 1554 agerem,
2754 1496 2860 1537 me
2908 1476 3106 1537 coluit

693 1578 1062 1655 diligenter;
1145 1596 1261 1637 nos
1326 1576 1500 1638 illius
1569 1575 1850 1637 vicissim
1913 1575 2366 1637 consuetudine
2434 1594 2810 1652 magnopere
2879 1595 3109 1635 sumus

695 1675 1000 1736 delectati.
1090 1674 1288 1750 Nihil,
1327 1674 1418 1735 ita
1458 1695 1560 1735 me
1603 1675 1761 1735 deus
1801 1678 1986 1750 amet,
2019 1673 2151 1735 vidi
2194 1674 2259 1733 in
2301 1674 2433 1734 vita
2474 1673 2595 1733 hoc
2635 1673 3107 1733 adolescentulo

613 1795 669 1844 15
695 1773 1105 1852 ingeniosius,
1143 1772 1416 1848 suauius,
1453 1771 1813 1835 modestius.
1902 1772 2045 1833 Non
2081 1772 2248 1847 haec,
2288 1771 2382 1832 mi
2420 1771 2683 1846 Antoni,
2719 1771 2798 1831 ad
2837 1771 3106 1849 gratiam

697 1872 852 1944 dico,
891 1871 981 1931 sic
1027 1890 1142 1948 ego
1182 1890 1249 1930 re
1295 1870 1431 1948 ipsa
1477 1870 1738 1949 repperi.
1823 1870 2060 1931 Verum
2111 1870 2221 1930 ille
2268 1870 2445 1930 iuxta
2496 1868 2840 1947 sapientiae
2889 1888 3103 1930 vocem

697 1968 975 2030 animam
1015 1968 1277 2029 sortitus
1315 1972 1411 2029 est
1451 1968 1685 2029 bonam
1725 1972 1803 2044 et,
1837 1973 1909 2030 vt
1958 1968 2175 2030 Graeci
2215 1967 2452 2041 dicunt,
2494 1968 2704 2044 εὐφυὴς
2740 1971 2855 2043 θεὴ,
2904 1967 2971 2028 id
3013 1970 3109 2027 est

698 2066 858 2126 bene
901 2070 964 2127 et
1010 2065 1276 2127 feliciter
1322 2069 1522 2127 natus.
1613 2066 1795 2128 Nihil
1839 2066 2014 2128 illius
2061 2067 2315 2145 ingenio
2360 2066 2622 2142 acutius,
2678 2065 2841 2126 nihil
2894 2071 3108 2127 mente

699 2163 1039 2241 synceriUS,
1080 2163 1245 2224 nihil
1285 2164 1563 2225 moribus
1604 2164 1877 2239 suauius,
1924 2164 2086 2225 nihil
2127 2165 2361 2242 pudore
2401 2164 2752 2225 amabilius.
2839 2165 3109 2225 Miratur

614 2281 677 2316 20
700 2260 915 2322 literas
949 2283 964 2336 ;
1060 2281 1205 2322 cum
1273 2261 1375 2322 his
1444 2263 1685 2324 versari
1752 2263 1983 2341 gaudet
2051 2263 2217 2324 vnde
2283 2283 2530 2341 semper
2596 2264 2777 2323 abeat
2846 2263 3106 2324 doctior.

699 2358 1129 2437 Dignissimus
1155 2363 1250 2421 est
1277 2380 1446 2437 puer,
1477 2363 1548 2421 vt
1577 2380 1765 2439 quem
1793 2363 2021 2422 natura
2046 2361 2303 2440 optimis
2328 2361 2516 2422 rebus
2547 2360 2808 2422 finxisse
2835 2361 3108 2434 videtur,

701 2457 1191 2535 exquisitissima
1229 2459 1424 2519 etiam
1464 2457 1789 2537 diligentia
1828 2479 2130 2534 curemus,
2177 2479 2258 2520 ne
2300 2479 2482 2520 mens
2523 2461 2786 2520 minime
2826 2459 3113 2538 vulgaris

700 2554 778 2616 ad
804 2555 1093 2633 vulgares
1120 2556 1271 2617 istas
1306 2557 1518 2618 sordes
1546 2557 1929 2619 detrahatur.
2019 2557 2141 2620 Sed
2171 2559 2335 2619 viuit
2363 2560 2430 2618 in
2466 2558 2666 2619 tutela
2695 2559 2989 2635 quadam,
3023 2559 3113 2618 sic

701 2654 872 2715 enim
909 2654 1240 2733 appellant,
1272 2654 1464 2716 nimis
1504 2657 1782 2735 profecto
1816 2657 2186 2735 tutelariter,
2218 2657 2282 2718 id
2321 2660 2416 2718 est
2448 2657 2617 2717 victu
2655 2656 3107 2732 sordidissime,

617 2772 676 2824 25
702 2752 1033 2813 immunda
1058 2752 1464 2831 supellectile,
1500 2755 1821 2833 neglectus
1857 2756 2026 2816 inter
2057 2756 2265 2817 nescio
2296 2775 2455 2833 quos
2481 2756 2714 2817 ociosos
2744 2756 3107 2830 nebulones,

703 2850 812 2929 qui
840 2850 1004 2911 nihil
1035 2852 1215 2930 peius
1243 2852 1511 2913 oderunt
1547 2872 1739 2930 quam
1773 2853 1967 2915 libros
2005 2857 2118 2915 aut
2151 2853 2436 2915 literatos
2470 2873 2828 2930 sermones;
2879 2874 3112 2934 grassa-

700 2951 868 3010 tores
914 2953 1269 3024 nocturnos,
1316 2953 1560 3028 potores
1602 2952 1877 3027 diurnos,
1923 2952 2089 3013 vnde
2143 2957 2385 3031 praeter
2430 2951 2895 3030 turpitudinem
2945 2952 3107 3013 nihil

705 3046 938 3108 discere
963 3051 1168 3126 queat.
1256 3048 1341 3108 Et
1383 3048 1552 3110 haud
1593 3050 1845 3128 ignoras
1876 3070 2067 3129 quam
2107 3051 2259 3112 haec
2299 3054 2467 3111 aetas
2505 3050 2684 3111 facile
2720 3050 3008 3112 trahatur
3032 3050 3109 3110 ad

706 3144 952 3206 vitium.
1053 3146 1321 3207 Affricat
1377 3147 1547 3207 enim
1596 3147 1867 3208 scabiem
1916 3168 2097 3210 suam
2151 3148 2471 3210 conuictor
2517 3148 2823 3222 infectus3
2893 3154 2959 3211 et
3002 3147 3110 3226 qui

618 3258 683 3307 30
706 3243 910 3321 tangit
935 3245 1155 3321 picem,
1191 3264 1319 3304 non
1347 3248 1550 3322 potest
1578 3266 1706 3307 non
1734 3246 2073 3325 inquinari.

788 3342 904 3401 Est
935 3341 1040 3401 hic
1077 3341 1161 3402 M.
1195 3341 1458 3404 Iacobus
1491 3344 1704 3419 Tutor,
1745 3344 1845 3404 vir
1877 3344 2238 3423 integritate
2278 3364 2541 3419 summa,
2583 3343 2938 3405 eruditione
2982 3363 3111 3405 non

706 3438 953 3516 vulgari
995 3442 1058 3499 et
1097 3439 1297 3500 studii
1338 3441 1825 3519 flagrantissimi,
1859 3442 2016 3503 iuris
2057 3441 2377 3503 Pontificii
2416 3442 2740 3520 professor.
2827 3443 2898 3503 Is
2940 3441 3111 3502 domi

706 3556 856 3597 suae
905 3536 1147 3598 nobiles
1194 3537 1435 3616 aliquot
1480 3540 1908 3602 adulescentes
1952 3541 2086 3617 alit,
2131 3545 2195 3602 et
2247 3540 2363 3601 alit
2409 3561 2536 3601 non
2581 3538 2956 3615 tutelariter,
3004 3540 3113 3601 sed

707 3633 1159 3710 mundissime;
1201 3655 1350 3696 nam
1379 3637 1513 3715 ipse
1547 3658 1693 3699 sum
1721 3640 1885 3717 apud
1920 3658 2067 3699 eum
2095 3642 2221 3700 tres
2247 3658 2493 3699 menses
2525 3637 2895 3700 diuersatus.
2986 3639 3116 3701 Hic

621 3746 683 3798 35
711 3730 995 3792 Dismam
1032 3752 1163 3793 non
1199 3753 1376 3795 secus
1413 3738 1600 3815 atque
1635 3737 1844 3798 filium
1877 3739 2063 3813 amat,
2097 3741 2163 3798 et
2193 3741 2445 3798 amatur
2475 3741 2547 3798 vt
2579 3757 2823 3815 parens.
2908 3739 3117 3814 Quare

781 3843 856 3893 16.
912 3846 1208 3906 sapientiae
1251 3850 1322 3897 E:
1380 3849 1642 3911 sapientis
1686 3854 1751 3901 Η.
2052 3863 2197 3911 ⁹3-4·
2253 3850 2330 3899 sic
2376 3850 2526 3899 enim
2571 3851 2852 3913 appellant
2896 3856 3009 3903 aad.
3054 3859 3113 3904 F.

710 3924 790 3971 27.
825 3908 909 3958 nil
931 3914 998 3959 H.
1195 3926 1276 3973 31.
1325 3912 1394 3964 M.
1428 3930 1518 3963 om.
1555 3919 1617 3965 H.

775 4041 824 4090 3.
893 4028 1211 4093 Brabantia]
1268 4028 1370 4081 For
1425 4031 1517 4080 the
1568 4031 1860 4096 prolonged
1961 4032 2127 4095 Privy
2149 4032 2388 4083 Council.
2458 4031 2545 4080 He
2567 4032 2695 4081 died
2717 4036 2776 4081 at
2799 4032 3119 4093 Bai-celena,

711 4094 841 4142 visit
871 4093 930 4141 of
955 4093 1178 4157 Antony
1200 4096 1260 4143 of
1288 4096 1493 4158 Bergen
1530 4101 1586 4145 to
1619 4097 1861 4146 Brabant
1959 4098 2145 4147 whilst
2190 4113 2261 4147 on
2305 4113 2378 4147 an
2420 4098 2683 4158 embassy.
2755 4098 2854 4146 See
2896 4098 3117 4161 Henne,

712 4173 798 4207 see
819 4159 918 4221 Ep.
947 4171 1056 4219 ¹30·
1078 4173 1138 4220 51
1168 4175 1222 4209 n.
1960 4168 2112 4224 Reme
2144 4168 2200 4212 ds
2236 4168 2422 4212 mades
2457 4166 2601 4221 Quint
2636 4179 2694 4210 m
2731 4167 2965 4225 Βάρίφιιι,
3003 4166 3117 4215 and

783 4238 856 4272 12.
882 4224 1120 4289 Dismas]
1137 4226 1251 4275 One
1266 4226 1323 4274 of
1335 4226 1429 4276 the
1444 4227 1726 4289 thirty-six
1744 4229 1858 4277 bas·
1960 4229 2235 4289 Goethals,
2263 4233 2381 4278 Βία.
2416 4232 2595 4277 Genea&
2623 4229 2681 4278 ii.
2706 4245 2745 4277 s.
2770 4228 3014 4292 Glymes.

713 4289 862 4339 tarda
876 4289 936 4339 of
945 4290 1091 4339 John
1106 4292 1166 4340 of
1183 4292 1389 4354 Bergen
1405 4292 1525 4356 (Ep.
1547 4292 1657 4355 42).
1696 4293 1777 4342 On
1796 4309 1861 4343 οε
2030 4295 2111 4344 16.
2143 4291 2466 4358 sapientiae]
2503 4294 2622 4357 Sap.
2648 4294 2694 4343 8.
2721 4309 2799 4358 19.

714 4357 980 4418 Apr.1510
995 4356 1065 4404 he
1083 4356 1316 4406 married
1337 4358 1504 4419 Mary,
1524 4356 1791 4422 daughter
1807 4359 1867 4408 of
2091 4397 2103 4410 .
2138 4359 2336 4424 tutela]
2360 4360 2701 4423 Apparently
2719 4360 2780 4407 in
2802 4360 2898 4410 the
2920 4362 3122 4425 family

713 4421 927 4470 Jerome
942 4420 1792 4486 Lauwerym'l'reasurergeneral
1810 4425 1869 4474 of
1961 4426 2021 4474 of
2085 4440 2231 4475 ames
2270 4425 2486 4487 Daniel,
2523 4428 2578 4474 to
2618 4425 2799 4475 which
2840 4426 2913 4475 he
2953 4427 3121 4476 aster·

718 4487 1015 4550 Burgundy
1029 4488 1861 4553 (Ep.201),andperhapsreceiv·
1961 4490 2138 4540 warda
2182 4490 2457 4555 returned,
2494 4493 2551 4539 at
2594 4490 2867 4541 Erasmus'
2908 4491 3120 4552 advice,

716 4553 783 4602 ed
797 4553 934 4602 with
954 4551 1052 4602 her
1068 4554 1163 4603 the
1181 4553 1427 4617 lordship
1445 4554 1863 4619 osWaterdyck.
1963 4557 2019 4606 in
2053 4571 2079 4605 s
2118 4557 2193 4606 ite
2222 4556 2283 4606 of
2310 4555 2406 4606 the
2435 4559 2654 4619 present
2678 4556 3121 4608 denunciations.

716 4619 785 4666 In
817 4632 939 4680 1513
973 4619 1044 4667 he
1078 4633 1189 4668 was
1212 4618 1413 4669 Master
1436 4620 1496 4669 of
1513 4621 1775 4683 Requests
1805 4625 1862 4670 to
1960 4621 2039 4672 Cf.
2071 4571 2167 4686 Ep.
2198 4637 2303 4683 ¹70·

718 4683 984 4748 Margaret
1016 4684 1076 4735 of
1091 4687 1330 4748 Austris,
1356 4687 1468 4736 and
1490 4687 1549 4735 in
1571 4686 1708 4749 July
1739 4700 1860 4749 1517
2024 4702 2104 4750 29.
2139 4689 2369 4737 Affricat
2431 4686 2510 4737 Cf.
2536 4686 2656 4737 Seu.
2677 4690 2763 4745 Ep.
2794 4702 2839 4737 1.
2867 4703 2912 4749 7.
2936 4704 2982 4749 7.

716 4763 828 4798 was
860 4750 1150 4813 appointed
1189 4765 1222 4800 a
1260 4753 1500 4801 member
1536 4754 1595 4801 of
1623 4751 1863 4802 charles'
2026 4767 2109 4813 30.
2142 4753 2342 4817 picem]
2483 4752 2584 4801 lus.
2614 4766 2689 4812 ¹3·
2719 4767 2759 4802 1.
