3355 5380
604 376 716 431 152
1300 369 1679 430 LETTERS
1735 369 1840 428 OF
1895 367 2295 430 ERASMUS
2814 364 3004 449 [1495

598 527 808 589 Nichil
848 526 1165 605 profecto;
1206 545 1409 603 neque
1446 529 1536 601 tu,
1573 525 1856 605 Gaguine
1884 525 2260 598 doctissime,
2295 524 2611 603 insignem
2650 528 2826 587 tuam
2858 546 3010 603 erga

594 623 865 700 patriam
918 620 1219 699 pietatem
1273 620 1557 698 grauiore
1612 640 1868 697 prorsus
1927 624 2297 698 argumento
2351 620 2617 697 potuisti
2672 621 3003 683 declarare.

479 745 498 779 ι
514 745 570 779 10
596 722 727 797 Qus
768 720 1023 781 tametsi
1063 722 1249 780 antea
1288 740 1530 797 quoque
1571 717 1921 795 plurimum
1963 718 2085 778 tibi
2124 718 2374 778 deberet
2415 721 2488 778 vt
2529 738 2720 795 quam
2762 719 3010 780 Latinis

594 819 904 880 mercibus
959 818 1203 897 primus
1256 817 1531 891 ditasses,
1584 816 1703 876 hoc
1756 820 1969 877 tamen
2025 816 2441 876 inestimabili
2495 816 2798 878 beneficio
2852 819 3009 879 adeo

594 917 936 979 deuinxisti
962 920 1049 991 vt,
1082 915 1484 993 quantamuis
1510 914 1752 991 habeat,
1785 935 1998 993 parem
2027 917 2242 975 tamen
2267 934 2596 992 nunquam
2625 916 2709 975 sit
2736 916 3004 994 gratiam

594 1016 902 1078 habitura.
992 1015 1124 1091 Que
1169 1013 1345 1074 enim
1392 1015 1617 1089 statua,
1668 1013 1778 1090 qui
1825 1013 2016 1088 tituli,
2068 1012 2233 1090 quod
2282 1013 2748 1075 monimentum
2793 1015 3007 1076 valeat

593 1114 779 1177 istius
804 1112 1092 1176 beneficii
1118 1111 1542 1189 magnitudini
1568 1112 1934 1190 respondere
1951 1113 1984 1172 ⁰?
2064 1111 2269 1172 Prisci
2296 1110 2395 1172 illi
2429 1112 2694 1172 maiores
2722 1133 2869 1175 suos
2897 1113 3010 1191 qui

476 1237 499 1272 1
512 1236 568 1286 15
595 1214 697 1275 vel
746 1214 1085 1291 imperium
1132 1212 1477 1288 parassent,
1530 1211 1636 1270 vel
1683 1210 2003 1271 auxissent
2051 1209 2523 1287 rempublicam,
2576 1212 2680 1272 vel
2726 1212 2884 1272 alias
2932 1212 3009 1272 de

593 1311 797 1390 patria
836 1309 1211 1371 benemeriti
1248 1310 1475 1385 essent,
1515 1308 1802 1369 solebant
1843 1308 2079 1370 diuinis
2120 1308 2358 1368 afficere
2399 1308 2760 1383 honoribus,
2801 1310 3009 1373 titulis

596 1409 667 1470 in
686 1429 789 1470 aes
808 1408 1027 1470 incisis
1053 1408 1375 1482 honorare,
1396 1406 1624 1467 statuis
1642 1405 1876 1467 donare
1902 1407 2122 1468 aureis.
2184 1407 2386 1484 Atqui
2412 1407 2601 1485 longe
2621 1410 3012 1485 prestantius

596 1511 693 1569 est
734 1507 1046 1568 maiorum
1086 1505 1353 1583 gloriam
1393 1505 1473 1566 ab
1515 1508 1653 1566 ortu
1699 1506 1777 1566 ad
1819 1524 2109 1566 occasum
2149 1525 2346 1582 vsque
2385 1507 2777 1582 protendisse
2815 1528 3008 1586 quam

596 1626 889 1684 agrorum
916 1604 1156 1666 limites
1182 1603 1531 1665 extendere.
1621 1601 1834 1665 Minus
1866 1606 1960 1664 est
1996 1622 2180 1664 saxea
2210 1603 2420 1665 menia
2444 1603 2711 1681 edesque
2736 1607 3011 1668 vrbanas

480 1731 572 1766 120
597 1705 676 1766 ab
723 1704 1014 1765 incendio
1061 1702 1225 1763 tueri
1271 1722 1462 1780 quam
1507 1702 1896 1779 optimorum
1943 1721 2166 1780 regum
2210 1720 2283 1761 ac
2326 1702 2564 1763 ciuium
2611 1704 2882 1780 gloriam
2929 1704 3011 1765 ab

597 1802 836 1864 inuidis
855 1801 1283 1863 obliuionibus
1302 1797 1414 1876 (sic
1433 1800 1607 1861 enim
1629 1800 1903 1878 appellat
1926 1800 2249 1879 Horatius)
2265 1803 2332 1861 et
2351 1801 2617 1862 interitu
2636 1799 3003 1863 vindicasse.

602 1902 745 1962 Non
792 1901 979 1978 paulo
1027 1899 1533 1978 magnificentius
1587 1898 1787 1959 michi
1832 1898 2085 1959 videtur
2137 1898 2408 1975 patriam
2465 1899 2721 1977 optimis
2773 1898 3008 1960 litteris

596 1998 860 2074 auxisse,
909 1999 1332 2075 locupletasse,
1380 1997 1700 2058 decorasse
1748 2016 1937 2075 quam
1992 1996 2226 2075 spoliis,
2272 2018 2464 2075 quam
2512 1997 2770 2073 exuuiis,
2815 2017 3006 2074 quam

599 2096 772 2173 ceris,
821 2115 1011 2174 quam
1050 2095 1118 2156 id
1164 2115 1362 2173 genus
1411 2095 1823 2157 monimentis
1870 2094 2239 2173 phalerasse.
2330 2095 2518 2157 Nulle
2559 2095 2734 2156 enim
2773 2096 3004 2172 tabule,

481 2216 501 2250 ι
515 2218 538 2252 2
544 2219 572 2267 5
598 2195 777 2256 nulle
817 2214 1003 2269 ceree,
1047 2195 1223 2254 nulla
1265 2193 1668 2269 numismata,
1713 2193 1888 2254 nulle
1929 2196 2148 2268 statue,
2189 2194 2366 2255 nulle
2405 2194 2765 2272 pyramides
2807 2214 3007 2272 neque

597 2294 827 2354 clarius
894 2292 1177 2352 indicant
1247 2312 1448 2369 neque
1502 2291 1750 2353 fidelius
1804 2291 2170 2354 custodiunt
2224 2311 2443 2370 regum
2498 2293 2762 2372 gloriam
2818 2313 3012 2371 quam

595 2390 880 2451 hominis
916 2389 1268 2468 eloquentis
1304 2390 1532 2450 littere.
1617 2389 1893 2453 Posthac
1922 2389 2249 2451 Gallorum
2286 2391 2503 2467 gloria,
2534 2411 2654 2469 que
2690 2392 3014 2470 hucusque

597 2492 902 2568 tanquam
929 2487 1242 2565 angustiis
1277 2488 1524 2549 inclusa
1548 2488 1815 2564 delituit,
1849 2488 2140 2550 fulminis
2165 2488 2369 2549 instar
2392 2489 2701 2563 emicabit,
2731 2493 2796 2551 et
2827 2490 3013 2551 Gallo

599 2586 854 2666 quidem
902 2589 1166 2662 cantore,
1219 2587 1326 2647 sed
1376 2584 1523 2663 (quo
1571 2587 1898 2663 pulchrius
1945 2589 2065 2664 est)
2114 2587 2446 2648 Rhomana
2492 2588 2644 2648 tuba
2685 2589 3014 2649 decantata

483 2709 577 2759 130
600 2686 885 2748 omnium
927 2684 1255 2763 regionum
1296 2705 1476 2746 aures
1517 2685 1895 2764 personabit.
1985 2684 2298 2747 Omnibus
2339 2684 2453 2746 illa
2491 2686 2693 2762 terris,
2728 2686 3007 2762 vrbibus,

599 2784 952 2863 gymnasiis
992 2783 1250 2862 legetur,
1298 2783 1729 2858 celebrabitur,
1778 2784 2146 2857 cantabitur,
2193 2803 2323 2859 nec,
2369 2783 2644 2861 Gaguini
2684 2784 3007 2861 beneficio,

598 2903 879 2962 vnquam
898 2883 1157 2943 interire
1178 2883 1425 2942 nouerit
1447 2905 1462 2956 ;
1495 2883 1626 2943 imo
1644 2903 1790 2944 cum
1811 2885 1974 2944 etate
1991 2902 2185 2960 vsque
2206 2885 2559 2943 succrescet.
2614 2885 3016 2960 Amplectene

600 2983 809 3060 igitur,
832 2982 884 3041 Ο
904 2981 1177 3056 Francia,
1190 2981 1548 3042 immortale
1563 2980 1828 3041 laudum
1843 2985 2098 3042 tuarum
2115 2984 2631 3057 monumentum3
2664 2981 3016 3044 Robertum

603 3079 980 3158 Gaguinum,
1012 3081 1345 3140 alumnum
1387 3081 1584 3152 tuum,
1624 3079 2124 3140 immortalitatis
2166 3081 2271 3140 tue
2308 3077 2627 3139 vindicem
2668 3100 2825 3154 ama,
2858 3079 3009 3155 cole,

481 3197 574 3247 ⁸35
600 3197 915 3239 venerare.
1002 3176 1136 3238 Nos
1175 3181 1341 3239 certe
1380 3180 1445 3237 et
1486 3177 1958 3255 quibuscunque
1994 3176 2241 3255 egregia
2277 3177 2487 3237 studia
2518 3176 2689 3238 cordi
2729 3181 2880 3239 sunt
2921 3182 3003 3253 te,

601 3275 811 3352 presul
851 3275 1255 3352 amplissime,
1293 3295 1425 3336 non
1466 3295 1679 3336 amare
1722 3296 1853 3336 non
1893 3277 2205 3353 poterunt,
2250 3295 2359 3352 per
2399 3296 2585 3353 quem
2624 3274 2689 3335 id
2732 3274 2895 3352 quod
2937 3276 3009 3336 in

602 3371 911 3432 litteraria
950 3372 1335 3450 supellectile
1374 3373 1949 3450 prestantissimum
1990 3373 2325 3449 habebant,
2357 3373 2473 3433 hoc
2513 3376 2608 3434 est
2649 3372 3005 3451 historiam,

600 3470 936 3530 adauctum
962 3489 1096 3531 esse
1123 3470 1498 3549 intelligant.
1584 3471 1744 3532 Vale
1771 3473 1958 3533 decus
1982 3472 2336 3533 litterarum
2362 3475 2426 3532 et
2453 3491 2683 3532 meum.

1265 3700 1371 3766 46.
1459 3699 1661 3766 Fnom
1709 3701 1994 3766 Rosam·
2041 3701 2341 3767 GAeUm.

677 3807 934 3879 Epistole
963 3851 975 3864 .
1003 3852 1017 3865 .
1047 3850 1060 3865 .
1085 3808 1335 3882 Gaguini
1362 3810 1568 3883 (1498),
1593 3830 1684 3869 no,
1710 3814 1797 3870 62.
2510 3814 2764 3887 (Paris.)

2330 3901 2398 3974 (7
2426 3902 2720 3960 October?
2751 3903 2943 3975 1495.)

674 4016 858 4082 [From
900 4018 995 4067 the
1041 4020 1286 4069 mention
1329 4020 1387 4069 of
1422 4021 1641 4071 Charles
1681 4023 1830 4071 vru's
1872 4024 2074 4073 Italian
2111 4024 2426 4086 expedition
2461 4024 2570 4073 and
2611 4026 2707 4075 the
2748 4027 2920 4075 battle
2960 4027 3021 4078 of

605 4083 846 4133 For-novo
871 4083 925 4146 (5
946 4084 980 4132 J
983 4084 1120 4148 uly),
1147 4085 1262 4134 this
1284 4086 1448 4136 letter
1466 4090 1613 4136 must
1633 4089 1699 4136 be
1721 4088 1909 4150 placed
1930 4091 1988 4137 in
2015 4090 2111 4139 the
2132 4093 2364 4140 autumn
2386 4089 2446 4140 of
2467 4105 2610 4152 1495.
2667 4091 2739 4143 Μ.
2762 4091 3014 4141 Thuasne

606 4148 835 4197 informs
856 4164 945 4198 me
966 4151 1090 4199 that
1114 4151 1209 4200 the
1230 4153 1436 4214 precise
1460 4154 1806 4203 mouth-date
1829 4155 1989 4217 given
2015 4156 2086 4218 by
2109 4155 2229 4205 him
2252 4157 2387 4218 (GE.
2415 4157 2499 4220 74)
2522 4159 2571 4205 is
2592 4157 2849 4206 obtained
2870 4157 3014 4207 from

605 4228 637 4262 a
662 4218 996 4278 manuscript
1019 4219 1146 4265 note
1167 4218 1241 4279 by
1261 4232 1294 4266 a
1322 4220 1734 4282 contemporary
1755 4220 1906 4268 hand
1929 4221 1992 4269 in
2021 4235 2055 4269 a
2077 4236 2210 4284 copy
2234 4221 2294 4270 of
2318 4222 2570 4271 Bocard’s
2594 4222 2804 4272 edition
2837 4222 2896 4272 of
2914 4223 3013 4272 the

606 4284 803 4339 Epistola
822 4317 836 4331 .
867 4318 879 4330 .
905 4317 918 4330 .
949 4286 1158 4342 Gaouini
1182 4282 1280 4346 (Β).
1354 4283 1459 4334 For
1479 4284 1592 4333 this
1616 4285 1728 4334 and
1747 4302 1779 4332 α
1801 4301 1885 4334 see
1910 4285 2006 4348 Ep.
2033 4285 2139 4348 43.]

679 4420 786 4468 115.
820 4408 956 4457 alias
977 4426 1041 4458 a:
1074 4410 1237 4459 aliter
1255 4413 1309 4464 Β.
1511 4428 1617 4474 129.
1651 4427 1759 4475 quo
1781 4431 1847 4462 a:
1883 4415 2028 4476 quoi
2053 4416 2095 4464 δ.
2291 4417 2399 4477 136.
2435 4418 2694 4480 poterunt
2716 4434 2779 4465 a:
2815 4419 3015 4480 poteri-

607 4475 1053 4601 ffitgsssscimurgg.
1086 4474 1358 4527 habebant
1390 4494 1454 4527 a:
1488 4478 1819 4529 habebamus
1842 4481 1907 4535 B:
1943 4481 2240 4531 habeamus
2260 4498 2313 4545 γ.
2455 4482 2562 4544 138.
2603 4482 2923 4547 intelligant
2945 4503 3008 4534 a:

946 4556 971 4590 s
1029 4576 1043 4590 .

984 4690 1088 4725 121.
1128 4673 1362 4739 inuidis]
1385 4674 1515 4725 Hor.
1546 4679 1700 4727 Cam.
1728 4693 1773 4737 4.
1800 4692 1846 4740 9.
1873 4692 1949 4740 33,
1978 4697 2023 4741 4,
2052 4678 2150 4728 has
2174 4683 2358 4732 fluidas
2381 4684 2649 4732 obliuiones.
