3355 5380
311 366 498 452 1496]
989 370 1098 433 'ro
1153 371 1460 437 HENRY
1516 372 1623 434 or
1677 372 2030 435 BERGEN
2587 377 2703 441 161

304 525 413 576 and
447 540 560 575 was
591 527 717 574 sent
751 524 900 586 back,
924 525 1013 576 his
1048 527 1268 576 brother
1294 527 1443 578 John
1476 528 1641 590 being
1671 531 1730 576 at
1763 527 1858 577 the
1890 542 2039 577 same
2072 529 2207 578 time
2241 528 2309 578 de
2346 528 2499 578 rived
2535 527 2596 577 of
2621 529 2710 583 his

306 590 450 640 office
468 590 528 639 of
540 586 943 662 Chamberlain.
984 590 1071 641 He
1090 588 1320 642 reached
1339 593 1581 643 Chateau
1600 594 1906 643 cambresis
1924 595 1984 642 in
2003 594 2148 658 Sept.
2170 609 2296 657 1502
2310 544 2704 658 fMaequereau,

304 660 583 715 &maioque
605 660 662 704 de
683 660 988 719 Bourym‘ane,
1014 657 1096 707 ed.
1121 655 1365 720 Buchon,
1388 658 1531 720 1838,
1543 673 1598 721 p.
1615 659 1671 721 6)
1695 659 1806 707 and
1829 658 1955 707 died
1978 659 2134 711 there
2157 660 2370 722 shortly
2391 658 2710 710 afterwards

306 721 747 837 ἧὲηοὲὂέιδ).
817 722 923 771 For
942 722 1032 852 1Ξ1ε
1054 723 1190 788 will,
1213 724 1396 774 which
1416 726 1469 777 is
1488 724 1774 787 preserved
1798 725 1857 774 in
1881 725 1977 773 the
2010 725 2256 775 archives
2287 726 2345 774 of
2363 725 2597 790 -Bergen,
2622 741 2710 776 see

500 803 521 835 ¹
664 802 752 850 PP·
781 802 961 851 415-7·
1356 804 1361 807 “

303 919 736 969 nnsrnsmvs
838 920 1206 970 amsuvs
1302 922 1693 971 cmomcvs
1787 922 2076 986 onnnus
2170 922 2325 973 mvx
2417 922 2711 989 masan

506 1024 886 1075 avsvs'rmx
939 1024 1388 1076 r1nur1ssmo
1441 1026 1520 1074 m
1572 1026 1869 1077 cnmsro
1923 1025 2134 1081 rum
2190 1006 2501 1087 nauarco

642 1176 648 1181 .
738 1128 1094 1181 ammam
1145 1130 1634 1179 cmssacsusx
1680 1131 2006 1183 sALv'rmr
2050 1129 2266 1181 morr.

384 1251 646 1322 Ecom
717 1272 820 1312 me
887 1271 1015 1312 vno
1090 1248 1504 1313 confidentius
1572 1252 1846 1314 furacem
1915 1247 2188 1314 vidisti?
2309 1252 2473 1327 Quid
2544 1251 2711 1313 istud

300 1348 597 1427 principii
635 1350 748 1425 est,
780 1348 1026 1427 inquies
1039 1346 1075 1412 ⁸?
1126 1350 1343 1412 ‘Dabit
1383 1351 1635 1412 veniam
1677 1371 1856 1412 meae
1893 1350 2117 1412 fiducie
2157 1349 2260 1411 vel
2306 1349 2564 1429 ingenio
2603 1353 2714 1410 tua

300 1447 683 1522 humanitas,
716 1448 1077 1510 antistitum
1118 1449 1532 1511 ornatissime.
1620 1450 1786 1526 Qum
1829 1449 2003 1509 enim
2046 1468 2187 1509 rara
2228 1448 2498 1527 quadam
2526 1451 2713 1525 atque

299 1544 659 1605 admirabili
697 1544 974 1607 mixtura
1011 1546 1101 1607 ita
1127 1547 1663 1625 prestantissimus
1703 1567 1869 1608 esses
1898 1549 1971 1608 vt
2007 1546 2173 1607 nihil
2214 1550 2277 1608 te
2305 1566 2430 1607 vno
2464 1546 2713 1607 facilius

298 1661 372 1702 ac
418 1641 802 1719 popularius
849 1640 938 1705 ita
982 1644 1323 1706 facillimus
1365 1648 1439 1707 vt
1488 1646 1654 1707 nihil
1703 1644 2071 1723 augustines
2132 1641 2321 1721 libuit
2373 1647 2588 1705 tamen
2642 1643 2711 1704 in
2738 1662 2767 1713 5

294 1739 758 1818 presentiarum
788 1742 1206 1805 humanitatis
1216 1747 1339 1805 tue
1379 1745 1590 1822 potius
1615 1765 1806 1822 quam
1836 1743 2295 1823 magnitudinis
2326 1742 2706 1818 meminisse,

300 1839 545 1915 tuaque’
576 1858 723 1899 cum
765 1840 1153 1902 beatitudine
1195 1842 1524 1919 paulisper,
1556 1842 1612 1902 si
1646 1840 1744 1903 fas'
1781 1844 1893 1917 est,
1923 1841 2128 1902 iocari.
2218 1841 2398 1917 Quid,
2433 1841 2708 1919 inquam,

299 1955 406 1996 me
432 1956 562 1998 vno
597 1938 1012 2000 confidentius
1030 1942 1064 2000 Ῥ
1145 1940 1308 2016 Quid
1344 1940 1493 2001 huic
1534 1941 1742 2001 simile
1776 1940 2076 2001 Phormio
2113 1940 2223 2001 ille
2255 1939 2714 2002 Therentianus

299 2034 658 2113 designauit
675 2037 709 2098 *Ρ
789 2036 1027 2098 Parum
1052 2038 1257 2100 audax
1282 2037 1492 2100 visum
1521 2041 1617 2100 est
1644 2039 1888 2100 facinus
1915 2037 2190 2099 alienum
2221 2037 2425 2098 inuito
2454 2035 2712 2098 domino
2782 2080 2788 2087 -

301 2133 646 2211 sustulisse,
682 2134 750 2194 ni
789 2135 1036 2196 furtum
1065 2136 1319 2216 insuper
1346 2158 1557 2198 meum
1592 2137 1728 2216 ipoe
1767 2137 2108 2215 proderem,
2142 2136 2272 2197 im'o
2308 2138 2708 2213 ostentarem,
2742 2154 2804 2191 10

299 2235 488 2309 atque
517 2232 671 2293 adeo
697 2234 883 2311 (quod
920 2237 1016 2295 est
1050 2234 1603 2315 impudentissimo
1638 2234 2092 2313 impudentius)
2119 2234 2277 2308 tibi3
2320 2234 2485 2294 nihil
2518 2253 2714 2313 neque

299 2332 479 2388 tuam
528 2349 854 2392 censuram
890 2332 1131 2393 veritus
1174 2353 1376 2412 neque
1409 2333 1657 2394 tabulas
1693 2354 1890 2412 neque
1929 2333 2113 2411 leges,
2160 2333 2272 2394 sed
2314 2353 2394 2393 ne
2433 2352 2716 2393 seueram

302 2427 561 2504 quidem
597 2427 777 2489 illam
814 2430 927 2505 Qu.
959 2431 1290 2492 Scaeuolae
1324 2431 1938 2509 interpretationem:
1982 2431 2160 2508 Quod
2202 2432 2301 2491 cui
2333 2430 2715 2505 seruandum

298 2526 524 2587 datum
567 2529 679 2601 est,
725 2529 781 2587 si
829 2529 893 2589 id
937 2549 1089 2590 vsus
1132 2533 1246 2606 est,
1272 2550 1285 2557 ·
1313 2531 1447 2591 siue
1490 2530 1655 2610 quod
1697 2530 2006 2591 vtendum
2055 2529 2358 2607 acceperit
2406 2530 2483 2590 ad
2501 2552 2506 2556 ·
2525 2529 2715 2590 aliam

296 2642 440 2684 rem
466 2627 654 2704 atque
690 2627 925 2705 accepit
951 2647 1103 2689 vsus
1130 2631 1241 2704 est,
1282 2628 1439 2690 furti
1464 2648 1533 2689 se
1558 2628 1892 2708 obligauit.
1980 2627 2116 2704 Qua
2147 2627 2375 2688 saltem
2402 2626 2718 2688 calumnia
2747 2641 2802 2694 ¹5

296 2722 454 2784 hinc
522 2724 688 2786 elabi
756 2746 979 2803 queam
996 2730 1031 2790 ⁶?
1123 2728 1240 2789 Oui
1307 2719 1437 2789 non
1489 2728 1734 2789 facinus
1799 2726 1999 2788 culleo
2066 2726 2330 2805 dignum
2384 2726 2720 2788 videatur?

296 2819 546 2898 Verum
561 2829 571 2846 ”
599 2822 719 2883 hoc
772 2844 973 2885 vnum
1036 2825 1224 2887 m‘odo
1277 2826 1439 2886 mihi
1493 2827 1791 2887 concedat
1845 2819 1956 2885 tua
2007 2824 2466 2903 equanimitas;
2535 2824 2718 2886 liceat

291 2919 519 2996 paucis
556 2938 671 2997 pro
711 2942 896 2984 causa
937 2923 1156 2985 dicere.
1240 2924 1369 2985 Vbi
1400 2939 1534 2985 rem
1571 2924 1862 3002 cognoris
1902 2923 2138 3000 ordine,
2170 2922 2554 2984 Herasmum
2588 2942 2718 2984 non

291 3017 491 3078 modo
530 3018 832 3096 absolues‚
878 3041 1101 3083 verum
1137 3025 1209 3084 tu
1247 3025 1550 3102 tanquam
1590 3023 1750 3083 alter
1791 3022 2022 3101 Apollo
2067 3019 2434 3082 Mercuriale
2472 3022 2717 3082 furtum

300 3133 517 3175 meum
559 3119 624 3175 et
662 3116 900 3199 ridebis
939 3124 1003 3181 et
1043 3120 1354 3198 probabis.
2747 3136 2808 3173 ²0

385 3213 721 3275 Guielmus
751 3215 1121 3280 Har'manus
1160 3215 1529 3293 Goudensis,
1563 3241 1689 3299 quo
1729 3240 1854 3280 vno
1896 3221 2143 3299 semper
2186 3222 2250 3280 et
2287 3239 2324 3279 a
2359 3221 2592 3281 teneris
2626 3218 2718 3294 (vt

302 3313 491 3375 Greci
546 3314 792 3395 dicunt)
847 3317 1204 3395 vnguiculis
1250 3339 1404 3395 qum
1459 3319 1756 3379 omnibus
1812 3318 1882 3378 in
1935 3318 2123 3380 rebus
2168 3320 2309 3378 tum
2358 3317 2722 3379 liberalibus

298 3410 534 3473 studiis
603 3413 891 3475 Patroclo
955 3415 1373 3494 Perithooque
1428 3416 1883 3478 iucundissimo
1950 3429 2097 3477 sum
2149 3436 2317 3490 Vsus,
2377 3417 2581 3495 prima
2648 3435 2721 3477 ac

302 3528 559 3570 summa
599 3498 812 3573 nostre
853 3512 1195 3575 Hollandie
1236 3534 1378 3592 spes
1418 3517 1552 3588 est;
1597 3535 1716 3593 que
1745 3535 1896 3593 qum
1940 3516 2200 3576 antehac
2236 3515 2471 3577 inculta
2498 3515 2721 3594 squali·

302 3608 504 3685 daque
560 3609 671 3670 nil·
709 3612 834 3672 nisi
891 3614 1115 3688 sentes,
1176 3613 1450 3688 carduos,
1507 3615 1965 3691 syluestriaque
2027 3614 2337 3689 effuderit,
2392 3615 2555 3692 cepit
2612 3612 2722 3675 vix
2751 3628 2809 3679 ²5

302 3704 573 3783 denique
601 3708 858 3769 Italiam
886 3709 1163 3789 aliquam
1190 3713 1433 3788 frugem
1461 3712 1788 3788 parturire.
1876 3710 2070 3772 Cuius
2108 3710 2360 3790 quidem
2402 3712 2722 3791 primicias

298 3804 599 3880 plurimis
629 3799 705 3867 de
726 3808 926 3869 causis
948 3812 1057 3871 tuo
1078 3809 1324 3878 nomini
1349 3810 1584 3887 placuit
1614 3807 1957 3870 immolare.
2039 3810 2228 3886 Apud
2256 3808 2428 3870 hunc
2455 3811 2718 3888 pridem,

302 3923 457 3980 qum
505 3904 895 3966 valetudinis
950 3907 1380 3969 confirmando
1436 3908 1640 3985 gratia
1697 3908 1936 3986 aliquot
1980 3907 2116 3968 dies
2173 3923 2494 3983 cessarem,
2557 3908 2724 3968 inter

294 4003 508 4064 multa
553 4022 673 4081 que
721 4009 937 4065 nostro
976 4026 1148 4067 more
1194 4006 1688 4067 familiarissime
1733 4006 2049 4084 simulque
2094 4006 2545 4067 iucundissime
2586 4025 2724 4065 con-

304 4101 671 4178 ferebamus,
698 4103 867 4165 Odas
888 4105 1205 4181 quasdam,
1229 4104 1459 4184 quibus
1476 4105 1585 4165 ille
1613 4104 1976 4166 adolescens
1995 4104 2338 4166 admodum
2358 4103 2718 4181 preluserat,
2749 4118 2813 4169 30

303 4200 472 4261 eruit
524 4203 714 4279 atque
757 4201 1109 4280 depromit3
1171 4203 1407 4264 scilicet
1453 4206 1526 4264 vt
1555 4223 1656 4264 me
1697 4222 1948 4264 censore
1993 4203 2406 4264 abolerentur.
2493 4200 2723 4261 Aiebat

302 4299 475 4358 enim
513 4318 631 4360 suo
665 4320 840 4360 more
870 4304 1011 4361 tum
1052 4301 1400 4362 verecunde
1433 4304 1571 4361 tum
1600 4302 1797 4361 facete
1823 4300 2133 4363 eiusmodi
2173 4300 2295 4361 sibi
2337 4300 2537 4360 videri
2579 4299 2723 4358 illas

306 4413 573 4475 quarum
622 4398 852 4459 mende
898 4418 978 4459 ne
1022 4399 1333 4460 sexcentis
1378 4398 1636 4476 quidem
1690 4400 1904 4460 lituris
1952 4399 2092 4461 tolli
2144 4399 2493 4478 nequirent,
2539 4396 2723 4458 vnica

306 4498 590 4572 possent3
636 4516 839 4575 neque
857 4498 1157 4574 Apolline
1177 4518 1280 4559 eas
1299 4498 1408 4559 sed
1425 4498 1712 4574 Vulcano
1730 4498 2144 4578 Neptunoque
2165 4497 2388 4575 dignas
2408 4494 2715 4555 arbitrari.

379 4699 453 4746 13·
488 4685 803 4751 Scaeuolae]
827 4686 966 4737 (3011.
993 4701 1037 4747 7.
1070 4700 1144 4748 ¹5·
1173 4702 1218 4737 2.
1278 4727 1285 4732 .
1626 4701 1703 4747 ¹9·
1740 4685 1960 4750 Apollo]
1985 4687 2120 4736 Hor.
2145 4690 2299 4734 Cam
2331 4698 2372 4733 ι.
2405 4696 2651 4744 παρ-ιε.
