3355 5380
333 416 521 502 1509]
606 421 839 483 FROM
893 421 1300 484 WILLIAM
1354 423 1717 496 BLOUNT,
1774 423 2000 484 LORD
2054 423 2523 485 MOUNTJOY
2612 429 2726 483 451

325 580 638 653 putarem.
746 578 1143 640 Miseriarum
1198 599 1565 657 supremum
1631 580 1798 641 diem
1857 580 1974 640 tibi
2037 580 2339 641 diluxisse
2393 580 2730 641 arbitreris.

325 672 562 735 Venies
587 675 664 736 ad
694 674 1054 755 Principem
1083 678 1192 756 qui
1222 678 1403 753 dicat,

778 791 797 822 ⁴
817 791 1054 870 Accipe
1096 792 1352 854 diuitias
1393 796 1455 854 et
1494 798 1717 855 vatum
1758 795 2073 854 maximus
2114 794 2289 853 est0.’

327 901 502 962 Haec
557 904 634 965 ad
678 904 929 983 primas.
1035 907 1208 969 Illud
1257 911 1470 969 tamen
1514 928 1643 969 non
1689 907 2054 987 praeteribO,
2101 927 2215 968 nec
2258 907 2622 984 permittam
2664 909 2734 966 vt

328 1002 399 1060 tu
441 1003 506 1061 te
546 1002 744 1065 fallas.
833 1005 954 1066 Ais
992 1006 1166 1066 enim
1210 1010 1272 1067 te
1315 1006 1474 1067 mihi
1516 1007 1793 1068 multum
1835 1006 2073 1079 debere,
2119 1025 2316 1084 quum
2358 1025 2472 1083 ego
2518 1008 2735 1065 contra
2757 1029 2826 1080 ⁴0

328 1101 505 1160 tanto
544 1099 664 1162 tibi
708 1101 917 1163 debito
961 1104 1257 1166 astrictus
1305 1104 1449 1179 sim,
1490 1106 1598 1184 qui
1644 1126 1748 1165 me
1798 1105 1926 1166 tuis
1966 1104 2220 1183 scriptis
2260 1103 2733 1165 immortalitate

329 1194 673 1276 donaueris,
709 1205 781 1262 vt
808 1222 909 1263 me
937 1203 1240 1265 soluendo
1267 1224 1397 1265 non
1425 1223 1557 1264 esse
1585 1203 1872 1264 iudicem.

411 1297 567 1359 Tuis
593 1319 742 1362 vero
784 1302 1074 1363 secundis
1110 1302 1309 1362 literis
1342 1305 1407 1362 et
1442 1302 1772 1379 epistolam
1810 1320 2017 1362 meam
2054 1304 2118 1361 et
2154 1298 2555 1361 tabellarium
2584 1299 2736 1360 ami-

328 1414 472 1455 cum
507 1400 690 1460 tuum
724 1401 943 1461 eodem
972 1400 1316 1461 infortunio
1357 1400 1703 1478 perdidisse
1732 1400 1938 1462 defles.
2011 1399 2133 1461 Sed
2160 1399 2405 1459 vtinam
2434 1417 2546 1476 par
2572 1400 2734 1458 esset

327 1494 652 1575 Vtriusque
683 1498 958 1574 iactura;
1000 1499 1195 1560 altera
1215 1500 1386 1560 enim
1415 1498 1777 1577 reparabilis
1806 1520 1934 1560 non
1964 1502 2079 1559 est.
2153 1499 2317 1559 Nam
2345 1496 2507 1557 meis
2533 1495 2732 1558 literis
2756 1515 2819 1566 45

328 1593 492 1654 nihil
520 1596 646 1658 fene
685 1598 856 1659 aliud
891 1599 1236 1660 scribebam
1265 1598 1392 1659 nisi
1429 1617 1531 1659 me
1565 1619 1721 1676 opus
1758 1603 1941 1661 tuum
1975 1597 2364 1676 Adagiorum
2390 1596 2735 1674 accepisse:

327 1712 501 1770 opus,
532 1695 810 1772 inquam,
844 1701 1045 1771 tuum,
1081 1697 1145 1758 id
1180 1699 1298 1772 est,
1327 1700 1398 1757 vt
1432 1697 1600 1757 docti
1630 1716 1851 1759 omnes
1886 1697 2186 1770 sentiunt,
2217 1698 2473 1774 perinde
2510 1698 2735 1758 doctis·

327 1793 564 1854 simum
602 1798 790 1872 atque
827 1795 1438 1873 eloquentissimum,
1471 1799 1550 1870 et,
1594 1795 1663 1855 ni
1703 1815 1882 1857 meus
1918 1816 2095 1857 amor
2130 1816 2275 1873 erga
2309 1798 2373 1856 te
2410 1816 2513 1856 me
2550 1796 2729 1870 fallit,

327 1889 516 1965 plane
541 1891 904 1954 absolutum
934 1914 1005 1954 ac
1032 1894 1307 1972 profecto
1335 1895 1600 1972 dignum
1628 1894 1825 1956 tantis
1852 1895 2187 1968 laboribus,
2212 1895 2410 1956 tantis
2435 1894 2691 1956 nixibus
2714 1917 2731 1971 3

328 1990 392 2047 et
432 2009 554 2067 quo
589 2010 719 2051 non
757 2012 877 2069 me,
911 2012 1098 2071 quem
1136 1992 1442 2070 pusillum
1482 1996 1545 2055 et
1585 1996 1770 2054 tuum
1808 1992 2066 2067 sciebas,
2093 1994 2200 2054 sed
2239 1993 2530 2070 quamuis
2566 2012 2732 2072 mag·
2758 2009 2823 2059 50

325 2105 483 2147 num
518 2089 724 2150 virum
764 2091 884 2151 tibi
925 2094 1262 2169 patronum
1301 2111 1702 2169 comparares.
1785 2092 2022 2153 Verum
2049 2096 2386 2171 postquam
2414 2111 2529 2169 ego
2554 2092 2731 2153 visus

327 2203 469 2246 sum
508 2187 626 2248 tibi
666 2208 813 2267 prae
849 2191 1106 2251 caeteris
1141 2190 1518 2269 auspicatior
1558 2192 1662 2252 cui
1684 2195 1825 2252 tuas
1862 2195 1993 2252 tam
2036 2192 2379 2269 praeclaras
2416 2190 2732 2252 elucubra-

326 2283 532 2346 tiones
568 2288 946 2350 nominatim
985 2289 1239 2366 dicareS,
1271 2289 1562 2368 ingentes
1598 2290 1718 2351 tibi
1756 2291 1990 2368 gratias
2028 2289 2265 2351 habeo:
2309 2309 2460 2350 nam
2498 2291 2731 2350 referre

325 2384 437 2459 qui
465 2404 739 2462 possum,
772 2406 968 2465 quum
998 2406 1100 2448 me
1127 2390 1469 2464 aeternum,
1494 2392 1567 2449 vt
1593 2388 1747 2464 dixi,
1780 2388 2169 2449 reddideris?
2237 2388 2482 2448 Mecum
2515 2391 2728 2449 tamen

325 2482 554 2543 vellem
596 2485 1053 2563 temperantius
1090 2487 1361 2564 egisses;
1416 2490 1510 2548 tot
1552 2488 1727 2548 enim
1769 2486 2063 2548 laudibus
2105 2506 2206 2547 me
2257 2506 2476 2547 oneras
2523 2486 2731 2548 verius
2756 2503 2819 2554 55

326 2600 517 2657 quam
540 2602 737 2660 ornas,
763 2587 836 2644 vt
856 2604 983 2645 non
1006 2604 1156 2645 sane
1177 2590 1434 2664 quotam
1460 2589 1706 2662 partem
1725 2605 2075 2664 agnoscam.
2153 2585 2309 2662 Quis
2329 2586 2518 2660 enim,
2543 2585 2729 2645 modo

326 2700 427 2742 me
465 2685 694 2755 noscat,
727 2685 944 2761 aequis
978 2683 1235 2745 auribus
1270 2683 1529 2763 accipiat
1570 2684 1737 2761 quod
1779 2705 1893 2762 ego
1931 2684 2397 2746 literatissimus
2432 2683 2725 2761 appeller,

324 2780 433 2856 qui
483 2799 565 2839 ne
619 2780 943 2843 literarum
997 2783 1251 2861 quidem
1299 2784 1623 2844 studiosus
1669 2783 2017 2844 censendus
2063 2783 2203 2843 sim.
2310 2783 2729 2857 Quamobrem

325 2876 549 2938 acriter
589 2878 709 2940 tibi
751 2899 1219 2957 succenserem;
1281 2881 1391 2944 sed
1441 2882 1765 2943 modestus
1812 2881 2054 2952 saltem,
2100 2881 2265 2959 quod
2321 2882 2514 2942 etiam
2568 2881 2731 2942 mihi

325 2975 568 3051 tribuis,
624 2977 826 3039 videri
878 2979 1038 3054 volo,
1094 3000 1176 3040 ne
1232 2981 1299 3041 in
1360 2981 1657 3041 omnibus
1711 2980 2019 3041 mentitus
2073 2980 2267 3041 fuisse
2321 2979 2725 3040 conuincaris.
2754 2986 2821 3036 60

325 3071 684 3136 Scribebam
741 3080 1056 3154 praeterea
1115 3079 1336 3141 multis
1389 3079 1898 3157 occupationibus
1948 3077 2215 3156 aliisque
2269 3078 2456 3139 certis
2507 3080 2725 3154 causis,

327 3191 480 3249 quas
538 3173 740 3235 literis
790 3177 1182 3237 committere
1237 3197 1365 3238 non
1421 3177 1744 3252 audebam,
1793 3178 2087 3238 effectum
2142 3176 2333 3237 fuisse
2387 3176 2730 3253 quominus

325 3272 652 3333 nonnullis
688 3273 815 3334 tuis
850 3274 1050 3336 literis
1086 3275 1164 3337 ad
1204 3296 1342 3338 eam
1381 3276 1546 3338 diem
1583 3276 2078 3355 respondissem:
2120 3275 2215 3336 nil
2250 3278 2466 3336 tamen
2498 3274 2729 3336 idcirco

322 3369 713 3432 voluntatem
754 3375 821 3433 et
860 3373 1143 3435 studium
1184 3394 1330 3453 erga
1377 3377 1438 3435 te
1483 3393 1699 3435 meum
1740 3376 2153 3435 immutatum
2194 3373 2729 3452 imminutumque

323 3488 608 3546 vnquam
634 3470 843 3546 fuisse,
874 3473 982 3533 sed
1011 3474 1122 3534 tua
1147 3474 1440 3548 absentia,
1468 3473 1633 3550 quod
1661 3493 1795 3534 non
1821 3478 2129 3551 putaram,
2156 3470 2446 3532 creuisse.
2515 3467 2730 3532 Habes
2753 3479 2817 3546 ⁶5

324 3568 475 3642 quid
504 3569 574 3629 in
602 3570 734 3632 illis
774 3571 989 3646 literis,
1024 3590 1178 3648 quas
1207 3570 1380 3632 doles
1408 3574 1472 3632 te
1495 3572 1854 3648 perdidisse,
1887 3571 2267 3648 scripserim.

401 3667 508 3728 Ad
546 3688 703 3745 opus
738 3672 923 3730 tuum
959 3673 1252 3746 reuertor,
1286 3672 1450 3748 quod
1487 3671 1757 3731 summis
1789 3690 2009 3731 omnes
2044 3669 2339 3732 laudibus
2376 3669 2446 3730 in
2484 3667 2730 3730 coelum

322 3765 570 3827 tollunt.
681 3768 802 3828 Sed
838 3788 985 3846 prae
1019 3769 1241 3830 ceteris
1275 3770 1351 3830 D.
1386 3770 1855 3831 Cantuariensis
1894 3770 1983 3830 ita
2023 3770 2248 3848 probat
2285 3772 2350 3829 et
2381 3768 2731 3829 admiratur

330 3867 403 3924 vt
429 3885 503 3926 ex
532 3864 669 3926 eius
694 3866 986 3928 manibus
1011 3867 1171 3928 illud
1197 3870 1567 3946 extorquere
1594 3888 1916 3947 nequeam.
1990 3871 2080 3929 At
2102 3869 2287 3943 dices,
2321 3866 2499 3928 Nihil
2528 3867 2730 3927 adhuc

322 3967 565 4040 praeter
600 3964 814 4025 laudes
831 3967 863 4025 ⁴?
921 3965 1102 4026 Idem
1144 3966 1220 4028 D.
1261 3967 1729 4029 cantuariensis
1768 3967 2185 4027 sacerdotium
2227 3967 2361 4041 tibi,
2405 3966 2461 4026 si
2497 3965 2724 4041 redeas,
2756 3976 2821 4030 70

321 4060 665 4139 pollicetur,
700 4066 763 4124 et
797 4064 987 4124 modo
1022 4063 1218 4124 libras
1255 4063 1532 4142 quinque
1568 4085 1682 4142 pro
1709 4065 1938 4126 viatico
1966 4066 2044 4126 ad
2080 4085 2197 4126 nos
2235 4064 2354 4125 tibi
2391 4064 2732 4125 mittendas

326 4158 536 4235 dedit;
581 4159 810 4238 quibus
837 4182 952 4240 ego
980 4148 1381 4223 tantumdem
1416 4162 1625 4238 adieci,
1665 4183 1793 4224 non
1828 4164 2085 4242 quidem
2115 4163 2394 4224 muneris
2420 4162 2573 4234 loco,
2609 4161 2733 4221 alia

322 4258 495 4320 enim
536 4259 907 4337 appellanda
947 4264 1100 4321 sunt
1139 4281 1414 4337 munera,
1458 4261 1567 4323 sed
1603 4266 1674 4322 vt
1716 4264 1795 4322 ad
1838 4283 1954 4323 nos
1995 4281 2287 4340 properes
2325 4264 2392 4320 et
2428 4258 2524 4321 tui
2558 4258 2731 4336 desy-

321 4356 497 4417 derio
523 4357 767 4419 diutius
794 4379 873 4419 ne
910 4362 1214 4438 torqueas.
1300 4359 1379 4421 Id
1417 4363 1739 4439 postremo
1765 4381 1976 4423 coram
2011 4363 2203 4422 restat
2240 4356 2724 4432 admonendum,

387 4502 468 4549 39.
505 4490 567 4536 vt
586 4492 711 4537 HS:
742 4503 816 4537 ne
837 4492 896 4539 E.
1046 4504 1127 4552 5¹·
1165 4495 1510 4554 posteaquam
1531 4496 1590 4540 Ε.
1741 4504 1823 4552 52.
1860 4491 2264 4540 lucubrationes
2288 4493 2345 4537 E.
2497 4487 2576 4548 63.
2603 4502 2729 4535 eum

320 4554 380 4601 Ε.
433 4622 490 4667 Η
661 4555 742 4603 66.
783 4559 839 4604 te
863 4559 975 4605 add.
1001 4560 1060 4606 Γ.
1339 4558 1420 4608 68.
1459 4557 1522 4607 D.
1545 4562 1647 4607 MS.
1677 4576 1690 4606 :
1723 4558 2175 4620 Archiepiscopus
2196 4559 2262 4604 H.
2541 4567 2622 4614 70.
2664 4553 2729 4602 D.

316 4633 405 4666 om.
487 4654 499 4667 .

389 4735 471 4795 38.
507 4735 732 4799 Accipe]
760 4736 912 4786 Mart.
936 4737 982 4787 8.
1009 4736 1088 4796 56.
1123 4752 1196 4786 11.
1661 4738 1741 4798 46.
1779 4736 2135 4801 Adagiorum]
2160 4736 2227 4785 cf.
2252 4736 2347 4801 Ep.
2376 4751 2490 4786 211.
