3355 5380
261 390 284 429 ι
301 368 461 453 489]
988 377 1092 438 ‘ro
1149 377 1636 440 CORNELIUS
1691 377 2042 440 GERARD
2639 385 2716 440 99

278 532 543 608 redolet,
604 553 730 612 ego
780 535 849 596 id
894 535 1129 609 adiici0,
1182 533 1479 613 quidquid
1535 534 1637 595 vel
1691 534 1903 596 minus
1955 535 2227 596 amicam
2278 535 2713 614 suspicionem,
2748 556 2809 610 75

293 632 508 710 procul
534 632 626 694 sit
663 653 706 694 a
751 636 969 694 nostra
1008 632 1496 707 consuetudine;
1535 636 1870 711 parcatque
1904 632 2005 693 illi
2041 633 2212 694 Deus
2246 632 2350 708 (ne
2385 633 2718 695 sinistrum

302 731 536 811 aliquid
564 732 884 809 imprecer
909 733 1226 809 conuerso)
1252 731 1362 810 qui
1388 730 1701 792 eiusmodi
1727 731 2054 810 quippiam
2089 734 2237 793 ante
2264 732 2379 792 hac
2406 732 2575 793 inter
2603 753 2720 794 nos

302 830 564 892 molitus
597 834 714 892 est.
804 831 941 906 Quo
976 831 1148 891 enim
1186 832 1367 906 pacto
1404 828 1524 890 tibi
1554 828 1877 891 inuideam
1909 832 1973 890 et
2006 849 2138 890 non
2170 849 2247 890 ex
2275 831 2487 890 animo
2515 831 2720 908 magis

300 934 363 990 et
408 929 576 990 mihi
624 929 931 1007 gaudeam
975 931 1038 989 et
1086 928 1203 989 tibi
1247 926 1538 1006 gratuler,
1590 946 1778 1006 quem
1832 930 2013 988 tanta
2061 928 2292 989 amoris
2345 931 2721 1007 complectar

302 1027 765 1102 beneuolentia,
823 1030 896 1088 vt
950 1026 1249 1106 quidquid
1320 1025 1570 1104 gloriae,
1629 1025 1930 1104 quidquid
2000 1026 2331 1104 dignitatis
2398 1025 2516 1087 tibi
2584 1047 2719 1089 esse
2744 1040 2812 1089 80

301 1144 698 1203 conspexero,
732 1125 796 1186 id
835 1127 1043 1186 totum
1084 1144 1226 1185 meo
1265 1123 1519 1184 cumulo
1557 1123 1840 1184 accedere
1874 1126 2094 1201 putem
2113 1127 2147 1186 ἰ)
2225 1124 2426 1186 Vetus
2453 1125 2625 1186 enim
2653 1129 2717 1187 et

302 1223 562 1301 quidem
591 1243 739 1285 vere
763 1223 1003 1285 dictum
1031 1226 1147 1297 est,
1174 1224 1518 1283 amicorum
1554 1221 1915 1282 communia
1950 1241 2085 1283 esse
2113 1222 2343 1284 omnia.
2430 1225 2539 1284 An
2566 1243 2718 1285 vero

300 1324 437 1382 tam
463 1321 863 1382 inhumano
843 1321 1094 1400 ingenio
1121 1341 1225 1381 me
1246 1324 1430 1397 putas
1457 1340 1604 1397 eaee,
1639 1321 1750 1398 qui
1778 1321 2049 1382 nesciam
2075 1340 2269 1399 aequo
2295 1320 2507 1382 animo
2533 1323 2709 1399 ferre,

299 1420 357 1480 si
385 1424 461 1481 tu
496 1419 682 1481 aliter
707 1421 1029 1481 interdum
1053 1424 1242 1499 atque
1278 1440 1391 1498 ego
1428 1419 1710 1494 senseris,
1744 1422 1807 1480 et
1843 1420 2142 1499 quidquid
2171 1440 2344 1482 meae
2373 1423 2718 1484 sententiae

299 1539 434 1579 non
489 1519 878 1597 respondeat,
941 1518 1005 1580 id
1070 1519 1368 1580 continuo
1432 1517 1801 1593 rodendum,
1864 1519 2257 1597 carpendum,
2314 1518 2714 1581 lacerandum
2740 1532 2806 1595 85

298 1615 663 1678 existimem
682 1620 716 1679 ἰ)
771 1618 995 1678 Fateor
1033 1618 1290 1696 quidem
1327 1616 1391 1677 id
1436 1615 1772 1677 hominum
1818 1636 2018 1695 genus
2061 1637 2212 1694 esse,
2258 1618 2369 1697 qui
2409 1618 2712 1697 quidquid

297 1716 597 1794 ignorant
622 1718 735 1777 aut
758 1736 888 1777 non
916 1716 1285 1792 assentiunt,
1318 1716 1383 1777 id
1411 1714 1701 1794 protinus
1727 1714 2271 1778 condemnandum
2299 1718 2564 1791 ducant;
2604 1718 2713 1778 sed

300 1834 433 1876 non
463 1815 537 1875 in
566 1834 784 1875 eorum
810 1834 914 1875 me
942 1834 1204 1875 numero
1233 1833 1479 1874 censeas
1505 1812 1716 1876 velim.

385 1912 552 1990 Quid
574 1915 608 1974 ⁴?
674 1913 781 1973 An
835 1934 940 1973 me
993 1913 1148 1974 latet
1199 1911 1634 1990 Augustinum
1689 1911 2290 1993 Hieronymumque,
2344 1915 2516 1975 viros
2570 1916 2710 1975 tum

300 2012 634 2073 literarum
689 2011 1040 2074 eruditione
1102 2012 1509 2089 praestantes,
1564 2012 1706 2071 tum
1760 2011 1925 2071 vitae
1977 2013 2390 2074 sanctimonia
2443 2013 2713 2075 celebres
2740 2038 2808 2089 90

302 2110 573 2171 diuersis
609 2109 777 2171 inter
812 2130 880 2171 se
918 2110 1261 2183 dissedisse,
1295 2109 1424 2170 imo
1463 2110 1806 2170 decertasse
1844 2111 2181 2172 sententiis
2199 2114 2233 2172 ’Β
2286 2111 2414 2171 Nec
2441 2111 2506 2172 id
2547 2113 2715 2173 inter

303 2209 426 2269 hos
462 2209 763 2269 duntaxat
803 2208 962 2270 duos
1000 2208 1298 2270 accidisse
1345 2207 1756 2283 crediderim3
1813 2208 2024 2270 videre
2071 2212 2167 2270 est
2216 2208 2712 2287 quamplurimos

298 2305 474 2380 alios,
532 2306 961 2381 Aristotelem,
1029 2305 1379 2382 Platonem,
1439 2306 1880 2384 Chrysippum,
1939 2307 2298 2384 Epicurum,
2370 2307 2705 2384 Zenonem,

298 2425 574 2484 quorum
614 2404 882 2483 singulis
923 2404 1206 2482 singulae
1246 2408 1310 2465 et
1350 2403 1604 2483 quidem
1645 2405 2014 2483 plerumque
2053 2406 2335 2467 diuersae
2366 2406 2539 2467 fuere
2574 2426 2711 2467 sen-

298 2504 555 2565 tentiae.
618 2503 832 2582 Neque
858 2503 938 2563 ob
964 2522 1104 2564 eam
1131 2523 1268 2564 rem
1286 2502 1629 2583 quidquam
1655 2502 1824 2564 inter
1849 2523 1956 2564 eos
1981 2503 2326 2564 simultatis
2354 2507 2464 2564 aut
2490 2503 2711 2565 liuoris
2738 2525 2802 2575 95

297 2601 728 2663 intercessisse
764 2601 1207 2679 suspicandum
1243 2603 1354 2662 est.
1443 2601 1577 2680 Ego
1614 2622 1789 2662 meos
1816 2601 2003 2662 duces
2031 2622 2185 2681 quos
2217 2621 2440 2680 mquar
2473 2601 2712 2677 habeo;

299 2702 421 2762 tibi
459 2701 517 2762 si
559 2702 718 2762 forte
758 2701 871 2761 alii
912 2704 1079 2777 sunt,
1114 2701 1179 2761 id
1220 2701 1382 2761 mihi
1421 2700 1761 2762 molestum
1796 2721 1925 2761 non
1959 2699 2097 2761 erit.
2189 2699 2273 2760 In
2319 2702 2713 2778 poematibus

299 2798 643 2875 Maronem,
703 2798 1057 2873 Horatium,
1120 2799 1453 2874 Nasonem,
1526 2797 1913 2875 quenalem,
1984 2797 2274 2874 Statium,
2335 2798 2706 2874 Martialem,

298 2897 743 2973 Claudianum,
804 2897 1108 2972 Persium,
1168 2897 1510 2972 Lucanum,
1568 2896 1911 2973 Tibullum,
1973 2896 2372 2975 Propertium
2425 2896 2716 2956 authores

301 2996 503 3058 habeo
517 3014 541 3068 3
587 2997 661 3057 in
698 2996 902 3058 soluta
929 2996 1209 3056 oratione
1244 2995 1543 3072 Tullium,
1577 2995 2060 3071 Quintilianum,
2095 2994 2459 3070 Salustium,
2492 2994 2713 3055 Teren·
2744 3018 2839 3055 100

303 3097 482 3158 tium.
572 3096 771 3157 Porro
798 3094 867 3155 in
893 3094 1343 3173 elegantiarum
1369 3094 1785 3156 obseruantiis
1811 3094 2056 3155 nemini
2083 3114 2274 3174 aeque
2294 3093 2488 3154 fidem
2513 3093 2714 3154 habeo

300 3198 489 3273 atque
534 3193 878 3255 Laurentio
924 3192 1246 3269 Vallensi;
1303 3193 1405 3254 cui
1450 3213 1638 3273 quem
1686 3193 1885 3254 alium
1927 3196 1992 3254 et
2034 3193 2272 3270 ingenii
2322 3193 2608 3254 acumine
2650 3194 2714 3252 et

301 3293 644 3355 memoriae
684 3292 1016 3353 tenacitate
1063 3292 1475 3366 conferamus,
1524 3312 1653 3351 non
1702 3291 2020 3353 habemus
2108 3291 2419 3369 Quidquid
2462 3291 2540 3350 ab
2591 3289 2709 3360 his,

300 3391 547 3453 fatebor
571 3391 763 3466 enim,
797 3390 998 3451 literis
1027 3410 1156 3450 non
1184 3390 1552 3450 mandatum
1580 3392 1693 3466 est,
1726 3410 1839 3468 ego
1867 3388 1937 3450 in
1974 3385 2256 3450 medium
2282 3389 2555 3467 proferre
2583 3408 2712 3449 non

300 3491 521 3551 ausim.
610 3489 709 3549 Tu
744 3488 802 3549 si
840 3508 996 3567 quos
1021 3488 1178 3549 alios
1210 3486 1553 3564 admiseris,
1588 3487 1652 3548 id
1686 3508 1799 3567 ego
1826 3487 2139 3566 vituperio
2174 3487 2439 3548 minime
2465 3487 2704 3550 dedero,
2739 3507 2836 3558 105

307 3589 429 3649 Sed
457 3588 565 3650 his
591 3589 668 3650 de
693 3587 880 3648 rebus
905 3587 1072 3647 satis.

429 3757 517 3806 91.
552 3745 679 3792 LE:
713 3742 1031 3792 discertasse
1053 3739 1138 3791 0¹:
1172 3741 1559 3805 Ydisceptasse.
1788 3755 1868 3804 93.
1908 3742 2190 3791 Xenonem
2217 3741 2303 3791 0¹:
2335 3758 2449 3791 corr.
2479 3746 2574 3791 LB.

368 3923 480 3958 101.
514 3908 864 3973 Terentium]
925 3909 1041 3958 'I'he
1102 3910 1341 3972 position
1402 3907 1463 3958 of
1557 3909 1720 3971 spirit
1763 3909 1824 3958 os
1855 3924 2180 3972 courageous
2219 3910 2482 3959 criticism
2525 3910 2709 3958 marks

298 3975 535 4025 Terence
576 3988 778 4037 among
821 3974 917 4024 the
959 3990 1114 4037 prose
1152 3976 1366 4025 writers
1407 3976 1458 4024 is
1556 3974 1630 4024 all
1668 3975 1759 4025 his
1790 3976 2058 4040 writings,
2096 3976 2321 4038 notably
2352 3976 2450 4025 the
2482 3980 2550 4026 De
2580 3978 2710 4035 salso

300 4039 621 4091 noticeable.
693 4039 782 4089 He
809 4041 857 4089 is
888 4040 1109 4103 printed
1138 4055 1196 4089 as
1221 4055 1376 4103 prose
1398 4055 1457 4089 as
1556 4045 1733 4090 credita
1775 4046 1819 4090 et
1859 4045 2077 4091 mentita
2119 4045 2410 4091 Constantini
2450 4044 2711 4089 Βοηαείοπε

301 4106 406 4155 late
435 4120 498 4156 as
522 4105 656 4169 1516
679 4105 876 4169 (Paris,
903 4106 1058 4169 Egid.
1089 4105 1449 4168 Gourmond).
1555 4107 1838 4168 attacking
1884 4107 1981 4155 the
2036 4107 2202 4170 Papal
2256 4107 2448 4155 claime
2501 4109 2559 4156 to
2612 4106 2709 4155 the

301 4172 367 4221 In
399 4172 499 4235 Ep.
525 4187 609 4234 3¹·
630 4172 697 4233 85
714 4169 797 4219 'he
834 4172 881 4220 is
916 4171 1237 4221 mentioned
1268 4186 1327 4220 as
1360 4172 1455 4221 the
1556 4172 1873 4234 patrimony
1906 4171 1966 4220 of
1992 4173 2067 4221 st.
2100 4172 2275 4232 Peter,
2305 4171 2463 4222 lands
2497 4172 2614 4220 said
2652 4174 2709 4220 to

303 4238 477 4287 model
517 4239 579 4287 of
612 4236 751 4286 both
796 4235 986 4286 classic
1025 4238 1134 4286 and
1175 4238 1454 4287 Christian
1554 4237 1694 4287 have
1737 4239 1874 4286 been
1918 4239 2076 4301 given
2127 4239 2199 4300 by
2244 4238 2602 4288 Constantine
2652 4239 2710 4285 to

300 4317 449 4364 prose
469 4304 709 4353 writers.
1553 4303 1697 4365 Pope
1711 4302 2001 4365 sylvester.
2058 4304 2129 4353 In
2149 4303 2239 4352 his
2256 4304 2430 4367 youth
2448 4303 2710 4352 Erasmus

365 4385 470 4421 ιω.
508 4366 839 4432 Laurentio]
879 4367 1035 4417 Valla
1069 4367 1285 4430 (1406-1
1312 4369 1451 4445 Aug.
1555 4368 1714 4417 made
1759 4384 1792 4417 a
1830 4368 2157 4448 paraplrrase
2201 4369 2261 4417 os
2299 4369 2394 4418 the
2433 4371 2710 4428 Εῑισαπείαο

306 4439 446 4498 1457)
465 4450 580 4484 was
596 4435 698 4484 the
716 4436 860 4482 most
882 4438 1039 4482 acute
1061 4433 1121 4481 of
1137 4433 1233 4483 the
1248 4434 1377 4482 Itali
1363 4448 1455 4483 ian
1557 4434 1830 4496 (p.108);
1875 4434 1985 4484 and
2025 4435 2085 4484 in
2125 4449 2252 4498 1505
2287 4434 2472 4483 edited
2507 4432 2678 4482 Valla’
2682 4449 2709 4481 s

302 4499 630 4563 humanints,
657 4498 773 4548 and
797 4498 886 4547 his
908 4499 1179 4549 influence
1201 4513 1272 4549 on
1296 4500 1455 4549 Eras-
1555 4503 1712 4549 notes
1742 4514 1816 4549 on
1849 4500 1947 4548 the
1970 4500 2101 4549 New
2121 4501 2449 4560 Testament,
2477 4499 2542 4547 cf.
2571 4498 2704 4610 Epip.

299 4579 414 4615 mus
434 4582 539 4616 can
561 4536 772 4626 hardly
794 4565 861 4613 be
884 4564 1453 4614 overestimated.1n
1561 4565 1809 4627 182,183.
1879 4567 1984 4614 For
2004 4566 2161 4616 Valla
2194 4581 2279 4614 see
2311 4565 2663 4627 Oreighton,1

296 4630 677 4693 maumam
694 4629 767 4678 he
785 4632 1045 4692 attempts
1066 4634 1123 4680 to
1144 4630 1309 4679 deals
1285 4631 1454 4678 scien-
1554 4600 1790 4692 3382413
1822 4645 1854 4680 a
1876 4631 1974 4679 life
1996 4632 2068 4694 by
2091 4633 2181 4680 Dr.
2213 4631 2283 4681 Μ.
2306 4646 2356 4679 v.
2373 4630 2575 4690 Wolff,
2596 4579 2707 4677 and

292 4699 518 4763 tiflcally
552 4695 707 4748 with
748 4695 910 4744 Latin
949 4710 1236 4760 grammar,
1274 4696 1386 4744 and
1424 4711 1456 4745 a
1556 4696 1655 4744 Voi
1641 4700 1736 4759 1.gt
