3355 5380
304 351 481 437 1489]
898 358 1132 422 FROM
1184 360 1667 423 CORNELIUS
1705 356 2077 429 &ERARD
2593 360 2701 423 111

301 510 455 571 Vide
498 530 648 589 ergo
695 513 754 573 si
812 535 920 575 me
968 519 1131 577 recte
1183 516 1281 576 illi
1328 515 1733 591 commiseris,
1789 536 1978 596 quem
2033 521 2332 596 tanquam
2385 515 2710 579 hominem

304 608 606 670 famosum
633 613 700 671 et
727 613 1093 674 mordacem
1124 616 1297 674 totus
1328 614 1723 692 persequitur
1748 613 1938 675 orbis.

377 705 619 766 Verum
653 707 811 769 haec
847 711 1107 772 interim
1144 711 1328 773 iocati
1364 731 1598 773 sumus.
1687 711 1884 773 Porro
1917 716 2224 790 quantum
2250 732 2327 773 ex
2358 712 2494 775 eius
2529 709 2710 775 libris

300 803 374 864 ad
400 806 578 865 tuam
606 809 1167 872 commonitionem
1192 812 1468 872 fructum
1496 809 1646 889 cepi,
1669 812 1782 871 tuo
1807 806 2040 871 iudicio
2067 811 2147 888 (si
2174 810 2387 872 tamen
2413 830 2711 889 arrogans

302 921 426 961 non
473 903 717 982 videor)
765 909 830 967 et
875 927 955 968 ex
1008 908 1128 968 hoc
1175 907 1303 970 iam
1357 908 1635 970 currenti
1690 909 1857 986 stylo
1913 909 2206 970 facillime
2261 909 2704 987 deprehendes.
2736 930 2799 979 45

299 1001 586 1078 Denique
634 1024 828 1082 quam
874 1006 1304 1085 gratissimum
1358 1004 1520 1067 mihi
1573 1005 1763 1067 fuerit
1811 1006 1977 1085 quod
2023 1007 2306 1068 doctores
2352 1009 2497 1069 tuos
2550 1008 2713 1069 mihi

299 1099 633 1176 significas,
666 1123 797 1163 non
824 1104 1004 1166 facile
1032 1104 1314 1167 dixerim.
1382 1103 1747 1165 Manifestas
1771 1104 1945 1164 enim
1973 1124 2050 1166 ex
2078 1104 2196 1165 hoc
2222 1103 2711 1166 sincerissimam

298 1198 433 1257 sine
461 1200 641 1260 omni
665 1200 912 1263 inuidia
937 1200 1320 1280 charitatem,
1340 1205 1405 1265 et
1423 1202 1613 1282 (quod
1638 1202 2159 1279 paucissimorum
2184 1203 2305 1281 est)
2332 1205 2711 1265 secretorum

297 1298 553 1357 tuorum
582 1296 745 1359 mihi
772 1320 1170 1364 communem
1191 1300 1487 1380 te(cum)
1505 1300 1703 1361 facere
1730 1299 1962 1378 gaudes
1989 1299 2462 1379 supellectilem.
2530 1301 2703 1362 Vale.

842 1490 1034 1577 ²³252,
1126 1489 1327 1555 Fsou
1376 1488 1779 1554 Consanus
1823 1486 2138 1553 GsaABD.

364 1606 477 1663 LB.
503 1610 659 1680 App.
687 1627 811 1682 419.
2248 1573 2564 1647 <L⁰P⁸⁶¹¹·>

2191 1660 2366 1734 <July
2396 1665 2532 1736 1489
2548 1662 2616 1736 ‘?)

492 1799 877 1849 CORNELIVS
920 1801 1283 1851 GOVDANVS
1326 1800 1603 1851 ERASMO
1646 1800 1798 1848 RO'r.
1846 1800 2013 1848 VIRO
2058 1798 2516 1857 VNDECVNQVE

1240 1903 1653 1954 DOGTISSIMO
1699 1904 1752 1952 S.

378 2023 812 2085 smmum
882 2025 1113 2087 litteris
1167 2028 1315 2104 tuis,
1371 2025 1465 2087 mi
1518 2025 1779 2086 Erasme
1833 2022 2210 2102 charissime,
2266 2024 2568 2087 maiorem
2636 2027 2706 2087 in

293 2120 556 2181 modum
575 2125 641 2182 te
667 2122 982 2200 admirari,
1007 2146 1116 2186 cur
1132 2125 1598 2202 Hieronymum
1626 2121 1899 2184 Balbum
1928 2123 2190 2185 Parisiis
2215 2125 2705 2186 commorantem

292 2218 501 2279 solum
530 2220 818 2295 dixerim,
851 2223 958 2300 qui
985 2225 1272 2284 veterum
1298 2221 1566 2301 vestigia
1600 2221 1669 2281 in
1709 2220 1842 2282 suis
1869 2221 2252 2283 carminibus
2289 2241 2437 2301 prae
2463 2223 2708 2283 cunctis

293 2317 523 2377 rectius
549 2319 854 2380 imitetur.
939 2321 1318 2383 Innumeros
1344 2320 1519 2382 enim
1546 2320 1663 2381 hac
1691 2322 2064 2398 tempestate
2082 2319 2298 2381 videre
2324 2320 2446 2382 tibi
2473 2320 2707 2382 videris

291 2415 799 2491 litteratissimos,
844 2418 954 2496 qui
990 2440 1058 2480 se
1093 2420 1173 2481 ad
1208 2423 1497 2481 veterum
1534 2418 1960 2496 eloquentiam
1997 2419 2130 2479 tam
2167 2418 2238 2477 in
2273 2421 2475 2479 metro
2515 2438 2705 2498 quam
2734 2448 2762 2498 5

288 2514 361 2573 in
400 2533 588 2591 prosa
626 2534 758 2576 non
797 2536 1021 2594 parum
1060 2520 1540 2597 repraesentent.
1621 2518 1837 2595 Atque
1883 2535 1994 2594 per
2033 2515 2314 2594 singulos
2353 2516 2707 2578 discurrens

289 2632 427 2672 rem
443 2614 609 2673 mihi
624 2613 840 2675 fecisse
857 2616 1090 2677 videris
1110 2616 1549 2697 gratissimam,
1562 2615 1718 2676 dum
1735 2616 2015 2676 nostram
2032 2634 2279 2694 quoque
2297 2614 2705 2676 Germaniam

290 2731 417 2772 non
454 2731 688 2789 paucos
714 2716 853 2773 tum
881 2716 1180 2777 oratoriae
1218 2719 1359 2778 tum
1394 2714 1669 2794 poeticae
1698 2711 2093 2774 doctissimos
2121 2712 2443 2774 euidenter
2478 2714 2705 2793 probas

286 2810 576 2872 edidisse.
665 2810 899 2873 Ratum
938 2812 1135 2874 habeo
1177 2817 1242 2875 et
1279 2811 1740 2892 periucundum
1782 2809 1948 2889 quod
1990 2809 2160 2884 dicis,
2197 2808 2305 2871 sed
2346 2830 2384 2870 a
2423 2830 2562 2872 mea
2599 2831 2703 2873 me

290 2908 608 2969 sententia
661 2928 789 2970 non
844 2911 1079 2973 anellis.
1185 2912 1425 2973 Verum
1469 2914 1544 2972 vt
1596 2908 1767 2984 haee,
1823 2927 1980 2986 quae
2035 2925 2166 2967 non
2220 2912 2580 2986 arroganter
2627 2909 2704 2970 de
2735 2939 2794 2975 10

292 3007 687 3085 Hieronymo
727 3008 877 3085 dixi,
913 3029 1015 3070 me
1054 3010 1511 3071 rationabiliter
1551 3026 1799 3086 quoque
1838 3004 2072 3067 dixisse
2111 3004 2443 3083 intelligas,
2483 3025 2704 3085 operae

287 3107 567 3182 pretium
594 3105 759 3166 mihi
784 3107 1048 3182 videtur,
1074 3112 1146 3169 vt
1174 3110 1338 3188 quod
1367 3106 1576 3171 verbis
1604 3103 1860 3182 ingessi,
1886 3103 2073 3164 rebus
2098 3103 2254 3180 ipsis
2280 3103 2697 3167 manifestem.

371 3203 596 3280 Igitur,
642 3206 713 3264 vt
754 3203 948 3265 altius
987 3205 1224 3284 aliquid
1273 3227 1386 3285 pro
1428 3204 1652 3266 maiori
1696 3201 2022 3263 intellectu
2064 3204 2360 3279 repetam,
2407 3201 2703 3264 nouimus

285 3302 530 3379 poesim
582 3302 814 3362 Graece
860 3301 1179 3365 fictionem
1229 3305 1355 3365 dici
1406 3303 1647 3363 Latine.
1735 3300 1877 3361 Hac
1931 3299 2138 3377 itaque
2184 3298 2464 3360 nominis
2516 3299 2702 3362 inter-

282 3399 638 3478 pretatione
678 3401 1085 3479 praecognita,
1114 3401 1185 3463 in
1218 3402 1394 3463 omni
1432 3402 1719 3480 poemate
1755 3399 1879 3459 duo
1919 3416 2053 3457 esse
2094 3398 2438 3459 necessaria
2462 3403 2703 3461 veteres
2731 3426 2750 3460 1
2761 3428 2790 3477 5

286 3499 708 3572 tradiderunt,
734 3497 955 3559 faciem
993 3500 1228 3561 scilicet
1259 3503 1322 3561 et
1353 3499 1753 3561 sententiam.
1839 3494 2087 3557 Faciem
2128 3498 2341 3556 autem
2381 3497 2699 3574 appellant

286 3597 353 3657 id
393 3597 563 3676 quod
603 3596 809 3674 primo
853 3598 1109 3675 quidem
1150 3599 1363 3660 littera
1403 3596 1758 3677 legentibus
1798 3596 2266 3672 repraesentet;
2320 3598 2698 3658 sententiam

285 3716 452 3771 vero,
503 3694 673 3772 quod
726 3695 844 3756 sub
890 3698 1256 3775 metaphora
1306 3696 1583 3776 intelligi
1625 3694 1831 3756 voluit
1884 3692 1994 3772 qui
2043 3712 2267 3771 poema
2313 3695 2694 3773 conscripsit.

285 3794 693 3871 Consequens
718 3813 863 3870 ergo
889 3798 987 3855 est
1013 3799 1085 3855 vt
1109 3795 1220 3856 ille
1247 3798 1430 3874 poeta
1456 3797 1566 3857 aut
1592 3794 1821 3855 saltem
1845 3791 2085 3868 poesim
2111 3790 2333 3851 doctus
2357 3796 2696 3868 censeatur,

284 3891 395 3968 qui
441 3890 545 3951 vel
593 3890 666 3950 in
714 3891 1045 3968 sententia,
1090 3894 1195 3954 vel
1242 3895 1313 3954 in
1359 3894 1534 3970 facie,
1584 3891 1689 3953 vel
1734 3892 1805 3950 in
1854 3908 2073 3949 eorum
2118 3892 2377 3967 vtroque
2422 3889 2697 3951 concinit
2726 3915 2787 3950 20

283 3988 650 4062 fictionem3
707 3989 877 4067 quod
919 3990 975 4050 si
1015 4011 1193 4053 secus
1238 3995 1448 4054 actum
1486 3993 1584 4053 est
1625 3990 1720 4067 (vt
1761 3986 2237 4048 commentatori
2279 3988 2521 4066 placet),
2567 4007 2695 4049 non

283 4105 507 4164 poema
560 4090 762 4164 poeta,
815 4087 923 4148 sed
971 4109 1194 4152 versus
1242 4090 1625 4151 versificator
1680 4084 2099 4164 composuisse
2153 4084 2483 4147 iudicatur.
2569 4086 2696 4148 His

284 4184 492 4263 itaque
524 4204 642 4263 pro
670 4185 1025 4248 rationabili
1058 4188 1453 4249 conclusione
1485 4185 1926 4266 praeassumtis
1955 4182 2033 4244 ad
2070 4185 2361 4243 nostrum
2389 4183 2695 4261 Hierony-

286 4301 463 4343 mum
510 4283 718 4360 rede0,
765 4285 836 4344 vt
884 4285 1069 4345 illum
1117 4287 1257 4347 sine
1298 4287 1474 4348 omni
1521 4283 1755 4345 iniuria
1794 4282 1939 4355 tuis,
1987 4280 2097 4359 qui
2145 4280 2348 4340 adhuc
2394 4279 2466 4339 in
2508 4299 2693 4341 carne

284 4381 653 4459 superstites
703 4383 857 4442 sunt
893 4380 1072 4461 (nam
1122 4384 1198 4445 de
1237 4386 1371 4445 vita
1409 4383 1644 4444 functis
1690 4380 1901 4458 taceo),
1945 4379 2152 4440 iudico
2191 4377 2686 4455 praeferendum.
2721 4403 2781 4455 ²⁵

288 4477 448 4540 Nam
488 4482 740 4558 praeter
784 4500 929 4541 eum
970 4482 1088 4543 hoc
1133 4485 1414 4562 tempore
1447 4501 1664 4543 eorum
1705 4499 1862 4559 quos
1901 4477 2028 4555 legi
2068 4476 2324 4538 inuenio
2368 4476 2692 4540 neminem

352 4664 427 4712 24.
453 4678 533 4725 42.
572 4660 914 4727 mordacem]
940 4662 1005 4712 cf.
1034 4661 1128 4726 Ep.
1157 4662 1238 4712 26.
1268 4662 1335 4710 86
1356 4675 1465 4722 seq.
1637 4660 1720 4709 25.
1744 4673 1785 4707 1.
1827 4654 2174 4721 significasti]
2199 4655 2296 4718 Ep.
2319 4667 2402 4717 23.
2425 4668 2490 4716 5⁹
2515 4669 2625 4718 seq.
