3355 5380
672 398 789 456 298
1359 396 1735 458 LETTERS
1790 395 1897 458 or
1951 396 2349 458 ERAsts
2865 392 3059 476 [1500

671 554 852 627 dere;
881 552 991 613 sed
1011 552 1176 613 nihil
1194 551 1358 613 bene
1373 553 1535 614 mihi
1559 552 1812 615 animus
1838 554 2171 615 ominatur.
2245 553 2445 615 Video
2470 551 2905 629 impudentius
2928 571 3063 612 eoee

669 651 1005 712 consilium
1027 654 1092 711 et
1118 672 1154 712 a
1182 652 1340 712 meis
1359 651 1640 713 moribus
1659 653 2061 714 vehementer
2084 652 2442 727 abhorrens,
2465 669 2687 712 verum
2706 649 3059 711 maximum

616 776 644 825 5
669 750 871 811 telum
899 749 1232 811 necessitas
1259 750 1471 811 omnia
1495 751 1662 829 cogit
1683 751 1966 829 experiri.
2033 752 2208 827 Quod
2229 750 2287 812 si
2313 750 2422 810 ille
2446 749 2659 810 mittet
2682 747 3054 826 pauxillum,

670 851 741 908 tu
768 847 1005 908 interea
1031 867 1179 908 cura
1193 849 1293 909 vel
1319 869 1357 908 a
1377 848 1648 909 Domina
1663 848 1770 910 vel
1794 849 2047 911 aliunde
2073 848 2342 910 auellere
2366 846 2678 922 nonnihil,
2698 851 2773 908 vt
2798 846 3061 925 triginta

669 945 1069 1007 conficiamus
1106 966 1342 1007 aureos.
1431 947 1572 1007 Non
1607 950 1855 1023 temere,
1893 947 1987 1007 mi
2022 948 2225 1022 Batte,
2262 947 2413 1007 haec
2447 949 2769 1024 tantopere
2806 944 3053 1004 molior.

669 1043 969 1122 Intelligo
1012 1045 1426 1122 periculosum
1474 1065 1610 1106 esse
1663 1046 1902 1122 corpori
1956 1065 2096 1105 meo
2143 1045 2385 1105 diutius
2431 1043 2500 1104 in
2548 1043 2651 1104 his
2696 1042 3063 1120 regionibus

671 1144 1059 1218 commorari,
1092 1163 1173 1203 ne
1207 1143 1263 1204 si
1300 1143 1451 1220 quid
1489 1143 1679 1221 (quod
1717 1144 1884 1205 Deus
1917 1146 2157 1205 auertat
2194 1143 2401 1219 omen)
2437 1142 2743 1216 acciderit,
2781 1161 2898 1218 ego
2935 1159 3061 1200 vna

584 1268 646 1306 ιο
671 1261 814 1301 cum
869 1241 1165 1302 omnibus
1219 1241 1379 1301 meis
1430 1241 1699 1303 literulis
1744 1242 2019 1319 perier03
2086 1242 2250 1320 quod
2296 1242 2350 1301 si
2404 1241 2719 1318 profertur
2770 1238 3063 1301 Doctoris

670 1338 932 1417 insigne,
968 1359 1188 1402 vereor
1227 1360 1307 1399 ne
1347 1339 1597 1400 animus
1638 1361 1739 1400 me
1780 1341 1896 1401 defi
1904 1341 2024 1402 ciat
2057 1339 2421 1417 priusquam
2459 1339 2609 1400 vita.

753 1438 954 1513 Quare
1006 1441 1071 1498 te
1127 1439 1403 1499 obtestor
1448 1441 1635 1516 atque
1691 1438 1927 1513 adiuro,
1981 1438 2071 1499 mi
2118 1439 2321 1513 Batte,
2365 1441 2440 1498 vt
2487 1436 2544 1498 si
2591 1436 2741 1515 quid
2796 1435 3063 1515 igniculi

671 1536 901 1596 veteris
936 1536 1005 1595 in
1041 1556 1159 1596 nos
1195 1535 1427 1597 amoris
1466 1538 1761 1612 superest,
1791 1540 1924 1597 toto
1961 1536 2176 1597 animo
2215 1536 2293 1596 de
2326 1539 2540 1597 nostra
2569 1536 2773 1595 salute
2803 1535 3064 1612 cogites.

672 1633 767 1695 Tu
801 1636 872 1694 vt
915 1654 984 1694 es
1021 1634 1233 1695 animo
1273 1634 1453 1694 suaui
1494 1638 1555 1695 et
1596 1635 1786 1709 lento,
1824 1635 2040 1696 beasse
2075 1654 2193 1695 nos
2226 1634 2343 1694 tibi
2385 1634 2643 1695 fortasse
2675 1632 2949 1707 videris;
2996 1637 3065 1693 at

588 1759 608 1794 ι
618 1760 644 1808 5
673 1752 803 1811 ego,
836 1732 960 1792 nisi
999 1734 1393 1811 prospectum
1421 1732 1556 1807 erit,
1589 1732 1751 1792 mihi
1778 1732 1865 1793 sic
1894 1733 2115 1794 videor
2140 1733 2374 1810 perisse
2401 1734 2474 1792 vt
2504 1751 2698 1809 aeque
2728 1749 3065 1808 nunquam

671 1829 951 1904 antehae,
1010 1829 1257 1907 quando
1318 1829 1392 1891 N.
1460 1830 1725 1908 largitur
1784 1830 1969 1905 nihil,
2033 1830 2303 1892 Domina
2363 1830 2433 1890 in
2495 1829 2666 1889 diem
2725 1828 3063 1907 promittit,

674 1927 962 1989 Antistes
1009 1927 1202 1988 etiam
1248 1931 1589 2003 auersatur,
1641 1929 1856 1989 Abbas
1909 1928 2084 1990 iubet
2130 1929 2288 1989 bene
2337 1946 2598 2006 sperare.
2689 1929 2780 1988 At
2827 1927 3067 1987 interea

675 2025 783 2102 qui
823 2025 930 2086 det
977 2045 1162 2086 nemo
1209 2025 1486 2087 exoritur
1529 2030 1773 2104 praeter
1814 2047 2013 2088 vnum
2061 2026 2162 2101 N„
2209 2046 2393 2105 quem
2432 2045 2546 2104 ego
2585 2025 2712 2087 iam
2756 2025 3067 2086 miserum

675 2124 763 2184 ita
803 2123 1065 2184 exhausi
1105 2125 1178 2183 vt
1224 2143 1353 2184 non
1397 2123 1482 2185 sit
1525 2125 1686 2202 quod
1734 2128 2049 2204 praeterea
2095 2124 2433 2203 largiatur;
2488 2127 2550 2184 et
2592 2144 2630 2184 a
2670 2127 2949 2201 quaestu,
2992 2124 3065 2183 in

587 2250 648 2283 20
675 2242 798 2299 quo
819 2241 962 2296 vno,
981 2224 1051 2282 vt
1079 2221 1227 2292 dixi,
1251 2242 1391 2300 spes
1417 2226 1566 2294 erat,
1591 2223 1787 2300 pestis
1813 2222 2082 2300 depellit.
2156 2223 2361 2284 Multa
2388 2222 2551 2282 mihi
2580 2222 2823 2282 interea
2848 2221 3068 2282 animo

677 2318 1105 2381 obuersantur.
1180 2321 1317 2396 Quo
1355 2319 1595 2398 fugiam
1631 2321 1892 2382 nudus?
1959 2321 2123 2396 Quid
2162 2322 2219 2382 si
2250 2321 2511 2380 morbus
2551 2318 2839 2381 accidat?
2908 2319 3067 2380 Esto

676 2416 839 2477 nihil
866 2417 1219 2478 istiusmodi
1256 2418 1521 2494 eueniat,
1554 2418 1705 2496 quid
1745 2418 1813 2478 in
1848 2418 2048 2480 literis
2085 2423 2300 2495 potero
2336 2418 2472 2480 sine
2508 2418 2810 2478 librorum
2842 2419 3070 2496 copia?

678 2516 845 2591 Quae
870 2515 1031 2576 mihi
1056 2514 1269 2576 licebit
1297 2519 1525 2593 optare,
1558 2517 1616 2575 si
1646 2516 1924 2577 Parisios
1951 2516 2261 2594 reliquero
2278 2519 2311 2577 Ῥ
2378 2515 2666 2593 Denique
2694 2515 2844 2593 quid
2874 2520 3071 2576 erunt

675 2613 830 2675 citra
855 2613 1258 2675 autoritatem
1284 2614 1503 2675 literae
1517 2617 1550 2675 *Ρ
1590 2633 1671 2675 an
1688 2617 1759 2676 vt
1778 2614 2086 2676 eiusmodi
2112 2617 2416 2695 portenta,
2436 2614 2618 2692 quale
2644 2613 2809 2690 apud
2838 2614 3069 2675 diuum

585 2736 614 2770 2
620 2739 647 2788 5
680 2714 1113 2774 Audomarum
1139 2713 1432 2789 vidimus,
1466 2733 1569 2774 me
1597 2713 1844 2774 rideant
1869 2716 2057 2792 atque
2084 2717 2390 2775 oratorem
2416 2715 2645 2774 vocent
2661 2715 2695 2773 Ῥ

758 2813 931 2873 Haec
977 2811 1193 2885 scribo,
1240 2832 1367 2872 non
1410 2814 1481 2872 vt
1526 2814 1591 2872 te
1632 2811 1900 2889 querelis
1948 2811 2107 2873 meis
2152 2812 2524 2886 exanimem,
2570 2811 2679 2871 sed
2720 2814 2792 2870 vt
2840 2811 3073 2872 dormi·

676 2913 915 2971 tantem
940 2910 1206 2971 excitem
1231 2932 1246 2983 ;
1288 2912 1360 2971 vt
1386 2909 1548 2988 quod
1575 2910 1815 2971 iamdiu
1843 2911 2080 2971 frustra
2104 2908 2419 2984 molimur,
2441 2907 2776 2986 aliquando
2804 2909 3068 2970 tandem

676 3008 1032 3085 efficiamus,
1077 3009 1528 3086 redeamusque
1573 3008 1831 3068 tandem
1870 3009 1948 3068 ad
1991 3008 2427 3070 felicissimum
2468 3007 2654 3067 illum
2697 3007 3066 3068 conuictum

674 3108 979 3167 nostrum.
1064 3106 1237 3167 Bene
1277 3106 1433 3180 vale,
1476 3106 1567 3166 mi
1612 3106 1851 3166 Iacobe.

581 3229 652 3277 30
759 3205 882 3265 Per
913 3204 1316 3265 tabellionem
1354 3203 1462 3281 qui
1500 3203 1877 3264 sarcinulam
1908 3203 2125 3265 attulit
2150 3203 2454 3281 rescripsi.
2542 3204 2615 3265 Si
2643 3202 2878 3277 literae,
2912 3222 3070 3281 quas

678 3302 822 3364 istic
856 3301 932 3362 ad
973 3301 1320 3363 Monioium
1362 3301 1755 3379 scripseram,
1787 3301 1989 3362 adhuc
2026 3320 2219 3380 penes
2259 3305 2322 3361 te
2362 3303 2527 3376 sunt,
2558 3304 2633 3361 vt
2668 3300 2818 3361 huic
2856 3302 3072 3362 tradas

678 3399 1058 3460 adolescenti
1075 3419 1242 3477 rogo.
1313 3398 1595 3460 Salutem
1617 3399 1718 3459 dic
1739 3399 1967 3478 quibus
1995 3402 2256 3482 oportet.
2332 3399 2425 3459 De
2452 3399 2701 3459 iuuenis
2726 3398 2920 3460 huius
2944 3399 3070 3460 fide

677 3497 839 3557 nihil
868 3496 1203 3572 dubitabis,
1236 3497 1290 3557 si
1319 3497 1468 3575 quid
1496 3499 1659 3559 forte
1692 3496 2217 3559 committendum
2251 3497 2389 3558 erit.
2473 3496 2874 3574 Augustinus
2910 3516 3072 3574 opus

680 3594 1065 3671 Adagiorum
1092 3595 1300 3672 palam
1319 3599 1583 3671 enarrat,
1608 3596 1919 3657 auditorio
1949 3594 2202 3673 quidem
2229 3595 2773 3673 frequentissimo;
2806 3594 3072 3673 pulchre

584 3715 649 3765 35
674 3693 874 3753 adhuc
927 3692 1232 3770 principia
1279 3693 1529 3755 habent.
1616 3693 1685 3754 Si
1732 3693 1984 3773 putabis
2031 3697 2095 3754 te
2142 3693 2306 3771 apud
2355 3693 2579 3754 diuum
2627 3692 3072 3754 Andomarum

677 3789 913 3867 aliquot
941 3790 1181 3851 codices
1207 3811 1386 3868 posse
1414 3792 1768 3867 diuendere,
1800 3812 1905 3853 eos
1941 3812 1976 3851 e
2013 3792 2258 3852 sarcina
2288 3791 2509 3853 exime.
2600 3792 2881 3852 Rursum
2906 3790 3069 3853 vale.

761 3888 1058 3949 Lutetiae.
1135 3885 1350 3969 [Anno
1378 3886 1822 3971 n.ccoo.xc1x].

748 4108 822 4153 16.
859 4105 953 4169 N.]
989 4105 1128 4154 Lord
1165 4104 1462 4168 Mountjoy,
1489 4105 1614 4155 who
1645 4107 1694 4154 is
1726 4106 1822 4154 the
1921 4106 2147 4167 Antony
2212 4104 2273 4153 of
2347 4103 2571 4165 Bergen‚
2651 4100 2748 4150 the
2826 4101 3078 4165 bishop’s

677 4171 807 4234 only
837 4184 938 4219 one
973 4172 1032 4220 of
1058 4171 1329 4221 Erasmus'
1358 4172 1570 4234 regular
1600 4174 1824 4233 pati-ons
1923 4170 2161 4231 brother,
2181 4170 2359 4218 whom
2383 4170 2639 4218 Erasmus
2661 4166 2772 4215 had
2793 4166 3076 4218 doubtless

679 4239 736 4285 at
766 4236 880 4285 this
911 4237 1046 4285 time
1067 4238 1248 4286 whose
1282 4251 1441 4285 name
1471 4238 1516 4285 is
1545 4239 1640 4285 not
1671 4250 1822 4283 men·
1922 4240 2035 4285 met
2074 4236 2237 4284 when
2279 4234 2506 4297 visiting
2548 4233 2926 4293 'Pournehem3
2983 4249 3075 4284 see

679 4301 865 4351 tioned
899 4302 1044 4353 here.
1123 4303 1202 4352 cf.
1242 4303 1336 4365 Ep.
1381 4316 1489 4362 135.
1521 4304 1602 4365 61,
1638 4302 1821 4350 where
1920 4302 2018 4363 Ep.
2048 4316 2153 4362 143.
2224 4300 2311 4349 He
2334 4314 2444 4349 was
2465 4303 2522 4348 at
2540 4299 2651 4348 this
2670 4301 2810 4348 time
2830 4314 2991 4362 away
3015 4302 3073 4349 in

678 4368 767 4417 his
782 4382 943 4417 name
956 4369 1191 4430 through
1206 4368 1584 4417 inadvertence
1602 4367 1821 4430 escaped
1923 4367 2178 4416 Brabant.
2249 4365 2347 4429 Ep.
2380 4380 2486 4428 130.
2514 4378 2592 4425 51.

674 4435 1023 4498 suppression
1045 4434 1107 4482 in
1131 4435 1189 4483 E.
1985 4448 2067 4494 30.
2106 4432 2434 4481 sarcinulam
2501 4430 2578 4480 Cf.
2600 4430 2734 4492 Epp.
2761 4444 2873 4491 123,
2891 4447 2941 4491 4.

747 4515 821 4561 17.
846 4499 1116 4561 Antiates]
1134 4499 1193 4547 οἰ
1205 4497 1485 4562 cambray.
1525 4497 1603 4549 Cf.
1623 4498 1721 4561 Ep.
1739 4514 1821 4561 49.
2053 4496 2267 4561 literae]
2302 4498 2383 4547 cf.
2453 4511 2505 4559 p.
2536 4511 2628 4545 120
2653 4496 2863 4544 inti-od.

808 4564 1014 4629 Abbas]
1081 4565 1192 4614 'Phe
1269 4564 1389 4614 first
1453 4565 1703 4614 mention
1771 4564 1831 4615 of
1988 4575 2069 4625 34.
2106 4562 2350 4626 enarrat]
2387 4563 2468 4612 Cf.
2495 4562 2591 4625 Ep.
2621 4577 2699 4623 70.
2724 4574 2792 4620 32
2815 4576 2872 4609 n.
