3355 5380
240 368 419 452 1⁴95]
978 374 1085 435 'ro
1142 373 1480 434 RoBER'r
1537 373 1881 434 cAcmN
2522 374 2632 432 151

235 533 337 591 tuo
374 528 604 589 merito
640 549 885 605 semper
919 529 1133 590 fecisse
1168 529 1449 607 plurimi,
1483 531 1662 591 seriis
1700 531 1771 589 in
1807 531 1990 591 rebus
2025 549 2213 607 opera
2240 533 2348 590 tua
2385 549 2638 607 persepe

233 648 389 699 vsos‚
434 631 500 688 te
555 627 744 705 regiis
797 628 1041 689 arcanis
1095 628 1498 706 consiliisque
1552 648 1958 706 sepenumero
2011 627 2296 701 accitum,
2349 630 2412 688 te
2468 628 2639 705 regio

235 727 483 787 nomine
510 747 700 804 quom
726 727 892 804 apud
920 727 1201 788 diuersas
1227 730 1466 804 gentes,
1496 730 1637 787 tum
1657 726 1823 804 apud
1863 726 2061 787 Italos
2088 727 2303 786 crebro
2330 726 2638 804 legatione
2667 751 2737 803 70

236 826 519 886 functum
568 844 719 899 esse,
767 826 943 886 facile
990 825 1331 886 coniiciunt
1378 829 1442 886 te
1480 846 1686 887 vnum
1729 825 2057 886 Gallorum
2106 828 2282 902 gesta
2329 827 2392 885 et
2439 824 2642 903 prisca

239 924 535 984 curiosius
561 923 851 1001 relegisse
878 926 943 983 et
970 923 1310 983 recentiora
1335 923 1717 1002 exploratius
1744 924 2097 1001 vestigasse.
2172 924 2264 984 De
2292 924 2641 985 eruditione

238 1043 413 1100 porro
460 1025 575 1082 tua
622 1022 769 1099 quid
818 1042 931 1099 ego
979 1042 1463 1082 commemorem
1480 1024 1513 1082 *Ρ
1596 1020 1745 1098 Ipsa
1793 1020 1977 1099 (quod
2028 1022 2227 1098 aiunt)
2274 1020 2520 1081 abunde
2573 1041 2642 1081 se

241 1120 520 1198 predicat.
606 1120 814 1182 Testis
850 1120 1096 1180 abunde
1132 1123 1228 1180 est
1265 1119 1382 1181 hoc
1420 1119 1990 1180 celebratissimum
2026 1120 2430 1198 gymnasium
2466 1118 2643 1179 vrbis

241 1217 508 1294 Parisie;
569 1219 746 1280 cuius
786 1221 857 1278 tu
905 1217 1350 1278 florentissima
1397 1217 1674 1296 alioquin
1723 1217 1934 1278 studia
1980 1216 2226 1295 primus
2270 1217 2642 1277 Latinarum
2671 1252 2694 1305 ι,-
2702 1253 2735 1304 5

240 1317 586 1378 litterarum
627 1317 851 1394 opibus
891 1316 1214 1390 decorasti,
1258 1316 1800 1394 pulcherrimoque
1841 1316 2230 1376 incremento
2269 1316 2636 1394 eloquentie,

239 1436 420 1493 quam
452 1435 647 1477 vnam
684 1415 887 1475 adhuc
924 1413 1274 1475 desiderare
1299 1413 1693 1487 videbantur,
1728 1413 2056 1474 adauxisti.
2148 1412 2296 1490 Ipsa
2330 1413 2510 1473 testis
2548 1417 2642 1475 est

241 1514 435 1589 Italia,
469 1533 587 1592 que
623 1515 685 1573 te
721 1531 1126 1589 sepenumero
1163 1512 1457 1573 maximis
1495 1513 1572 1573 de
1610 1512 1796 1573 rebus
1830 1511 2200 1590 grauissime
2232 1512 2642 1572 disserentem

237 1613 494 1686 audiuit,
527 1632 657 1672 non
686 1612 823 1672 sine
857 1613 1126 1688 stupore,
1161 1610 1292 1672 imo
1320 1611 1602 1671 fortassis
1638 1629 1768 1671 non
1795 1612 1931 1670 sine
1959 1609 2210 1684 dolore;
2253 1610 2417 1688 quod
2446 1610 2540 1686 (vt
2565 1612 2643 1672 de

241 1711 530 1770 Cicerone
579 1709 741 1770 dixit
789 1708 1204 1787 Appolonius)
1252 1709 1606 1787 eloquentie
1655 1708 1922 1783 laudem,
1968 1728 2154 1786 quam
2200 1727 2394 1769 vnam
2442 1709 2643 1770 adhuc
2669 1735 2736 1783 80

235 1808 351 1868 sibi
377 1808 696 1886 propriam
723 1808 1060 1883 habuisset,
1080 1807 1322 1868 videret
1350 1827 1461 1884 per
1480 1811 1542 1867 te
1560 1807 1766 1869 Gallie
1789 1826 2185 1867 communem
2212 1806 2366 1868 fieri.
2425 1807 2645 1869 Testes

238 1908 384 1966 sunt
425 1905 872 1966 litteratissimi
911 1906 1138 1984 quique
1180 1909 1397 1966 nostre
1444 1905 1745 1966 memorie
1787 1905 2154 1983 scriptores3
2210 1905 2316 1983 qui
2357 1906 2644 1967 certatim

236 2023 357 2063 vno
385 2024 495 2064 ore
524 2023 743 2064 omnes
773 2007 953 2065 tuum
981 2004 1307 2081 ingenium
1334 2002 1657 2081 predicant
1686 2004 2090 2081 efferuntque.
2164 2005 2442 2080 Quorum
2471 2004 2648 2066 nulla

236 2121 426 2180 prope
452 2102 685 2179 pagina
711 2104 806 2163 est
832 2122 951 2179 que
973 2102 1094 2162 sibi
1116 2102 1388 2177 Gaguim‘
1417 2122 1646 2161 nomen
1673 2121 1802 2161 non
1827 2102 2068 2162 habeat.
2139 2101 2357 2163 Testes
2383 2102 2647 2182 denique

234 2203 385 2258 sunt
404 2200 512 2259 vel
537 2199 1033 2277 locupletissimi,
1052 2202 1263 2277 presul
1291 2202 1697 2278 amplissime,
1720 2201 1818 2261 tui
1844 2199 1991 2260 libri
2012 2199 2120 2277 qui
2145 2199 2273 2261 iam
2300 2221 2413 2279 per
2431 2201 2646 2262 orbem
2672 2222 2700 2270 8
2707 2236 2738 2285 5

235 2297 633 2359 disseminati
671 2299 907 2375 passim
951 2318 1201 2359 summa
1242 2319 1387 2358 cum
1426 2299 1854 2360 studiosorum
1896 2298 2220 2375 voluptate
2263 2299 2639 2360 lectitantur.

234 2395 316 2454 In
364 2396 601 2474 quibus
649 2396 944 2458 omnibus
992 2398 1247 2457 tametsi
1293 2399 1399 2458 vel
1452 2398 1733 2457 oratione
1786 2396 1993 2457 soluta
2040 2397 2142 2456 vel
2191 2397 2466 2458 carmine
2517 2419 2644 2459 non

231 2494 504 2554 eruditis
543 2493 750 2554 solum
789 2514 1009 2554 verum
1048 2494 1240 2555 etiam
1281 2495 1544 2555 curiosis
1584 2494 1842 2555 auribus
1882 2495 2128 2555 abunde
2170 2496 2530 2571 satisfacias,
2578 2497 2647 2557 in

230 2591 356 2652 isto
392 2597 618 2654 tamen
656 2593 871 2670 scripti
911 2612 1150 2671 genere,
1184 2593 1248 2653 id
1287 2596 1384 2653 est
1415 2594 1484 2653 in
1520 2594 1798 2667 historia,
1838 2593 1917 2669 (si
1957 2593 2106 2671 quid
2134 2593 2300 2654 vltra
2333 2595 2647 2672 crepidam

228 2693 433 2753 sutori
464 2690 806 2770 permittis)
825 2692 1210 2771 singularem
1238 2694 1550 2770 quendam
1579 2714 1648 2754 ac
1676 2693 2016 2754 mirificum
2043 2694 2348 2754 artificem
2375 2698 2648 2772 prestare
2674 2729 2744 2778 90

229 2791 490 2867 videris,
520 2794 709 2870 atque
737 2791 806 2851 in
835 2791 1053 2852 ceteris
1081 2791 1336 2869 quidem
1372 2792 1693 2869 plurimos,
1727 2791 1798 2851 in
1833 2791 2098 2852 historia
2133 2793 2408 2869 teipsum
2444 2814 2650 2871 super-

229 2908 387 2951 asse.
498 2889 709 2949 Tanta
759 2889 856 2949 est
908 2888 1222 2949 sermonis
1277 2890 1533 2966 puritas,
1595 2889 1902 2969 elegantia
1959 2891 2323 2965 Salustiana,
2383 2891 2649 2952 felicitas

230 2987 517 3065 Liuiam,
570 3007 822 3048 summa
864 2987 1223 3062 luculentia,
1271 2988 1540 3049 varietas
1586 2988 2056 3062 iucundissima,
2102 2990 2172 3048 in
2220 2988 2643 3062 consiliorum,

228 3086 584 3162 rationum,
604 3089 974 3163 temporum,
999 3086 1475 3160 commoditatis,
1499 3087 1840 3163 dignitatiS,
1864 3108 1933 3148 ac
1964 3089 2311 3149 ceterorum
2337 3088 2403 3148 id
2430 3108 2644 3164 genus,

227 3205 351 3261 que
393 3186 667 3246 doctum
708 3183 1078 3243 historicum
1122 3186 1409 3260 arguunt,
1457 3184 1888 3246 obseruatione
1926 3186 2245 3264 singulare
2290 3185 2646 3246 artificium.
2675 3220 2740 3271 95

227 3284 433 3344 Tanta
463 3286 567 3345 est
592 3281 967 3342 narrationis
987 3282 1309 3357 viuacitaS,
1336 3284 1409 3342 vt
1430 3302 1529 3343 res
1556 3283 1704 3361 geri,
1732 3303 1858 3344 non
1886 3285 2129 3345 narrari
2147 3284 2449 3346 videatur.
2526 3284 2652 3345 Nec

226 3382 401 3444 deest
431 3402 597 3444 vero
631 3380 831 3441 dulcis
868 3381 1136 3458 quedam
1162 3379 1453 3456 breuitas,
1489 3401 1609 3459 que
1641 3382 1713 3441 in
1745 3382 2028 3443 historiis
2054 3387 2126 3443 vt
2163 3402 2300 3443 rara
2327 3383 2417 3443 ita
2442 3382 2654 3459 gratis-

222 3480 386 3541 sima
431 3478 787 3541 lectoribus
826 3481 942 3539 est.
1026 3477 1209 3553 Nam,
1247 3478 1409 3539 bone
1442 3479 1612 3554 deus,
1648 3500 1836 3559 quam
1870 3484 2112 3542 vastam
2153 3501 2364 3542 rerum
2406 3480 2653 3558 syluam

224 3601 418 3658 quam
458 3577 655 3640 breui
685 3576 1009 3636 volumine
1046 3596 1235 3654 quam
1269 3577 1552 3638 absolute
1587 3579 2029 3656 complecteris
2068 3582 2133 3640 et
2169 3579 2408 3657 prolixe
2443 3579 2653 3640 breuis

225 3681 285 3740 et
317 3677 617 3739 breuiter
642 3673 919 3753 prolixus
942 3677 959 3736 l
2685 3715 2779 3751 100

306 3778 432 3839 Cui
482 3774 696 3854 igitur
735 3792 866 3832 non
913 3773 1183 3851 preclare
1229 3793 1370 3833 cum
1418 3773 1679 3836 Gallicis
1720 3776 1904 3836 rebus
1948 3779 2157 3837 actum
2199 3777 2505 3852 videatur,
2554 3777 2656 3837 cui

226 3875 374 3940 talis
430 3893 633 3955 preco
690 3870 1021 3950 contigerit
1036 3874 1070 3932 *Ρ
1149 3871 1507 3933 Alexander
1559 3873 1667 3933 ille
1722 3895 1989 3952 magnus
2043 3896 2196 3954 qum
2252 3876 2329 3936 ad
2384 3874 2655 3937 Achillis

224 3975 653 4051 sepulchrum
720 3968 1123 4048 peruenisset,
1182 3971 1235 4030 Ο
1304 3974 1369 4031 te
1435 3971 1846 4048 fortunatum,
1919 3972 2144 4052 inquit,
2203 3973 2472 4048 Achille,
2544 3974 2655 4051 qui

227 4071 606 4134 Homerum
648 4072 899 4129 tantum
947 4071 1198 4147 poetam
1239 4068 1500 4130 laudum
1549 4072 1802 4130 tuarum
1850 4091 2183 4149 preconem
2225 4072 2486 4132 sortitus
2533 4072 2657 4132 sis!

229 4171 311 4231 Et
342 4173 496 4249 quis
526 4167 871 4231 Franciam
892 4187 1134 4246 quoque
1159 4188 1288 4227 non
1315 4166 1884 4229 fortunatissimam
1906 4173 2151 4231 censeat
2171 4192 2290 4249 que
2313 4170 2657 4231 Robertum
2689 4204 2779 4254 105

230 4289 495 4331 suarum
542 4266 814 4327 laudum
858 4285 1187 4343 preconem
1225 4266 1538 4344 optimum
1581 4269 1764 4328 nacta
1795 4268 1879 4328 sit
1897 4271 1931 4329 *Ρ
2012 4270 2174 4345 Quid
2208 4268 2328 4329 tibi
2360 4288 2657 4347 superum

231 4367 645 4445 benignitate
711 4365 976 4442 prestari
1042 4364 1249 4443 potuit
1314 4365 1656 4443 pulchrius,
1734 4366 2256 4446 magnificentius,
2328 4367 2609 4429 diuinius
2626 4369 2660 4427 *Ρ

298 4513 381 4559 70.
417 4500 626 4550 crebra
650 4496 691 4544 δ.
877 4498 957 4560 96.
997 4496 1181 4559 Neque
1203 4510 1332 4546 vero
1353 4496 1504 4546 deest
1525 4499 1578 4551 β.
1763 4512 1843 4559 97.
1883 4498 1943 4547 in
1967 4515 2056 4548 om.
2084 4500 2135 4552 β.
2294 4497 2587 4561 hystoricis
2611 4500 2654 4546 δ.

242 4566 347 4614 106.
388 4567 503 4615 tibi
526 4581 602 4612 a:
642 4561 727 4610 illi
750 4563 804 4616 β.

1039 4693 1119 4743 80.
1161 4691 1521 4757 Appolonius]
1548 4692 1693 4743 Plut.
1722 4697 1810 4742 Cic.
1839 4708 1883 4752 4.
