<?xml version="1.0" encoding="UTF-8"?>
<!DOCTYPE html PUBLIC "-//W3C//DTD XHTML 1.0 Transitional//EN"
    "http://www.w3.org/TR/xhtml1/DTD/xhtml1-transitional.dtd">
<html xmlns="http://www.w3.org/1999/xhtml" xml:lang="en" lang="en">
 <head>
  <title>
</title>
<meta http-equiv="Content-Type" content="text/html;charset=utf-8" />
  <meta name='ocr-system' content='tesseract 3.04.00' />
  <meta name='ocr-capabilities' content='ocr_page ocr_carea ocr_par ocr_line ocrx_word'/>
</head>
<body>
  <div class='ocr_page' id='page_1' title='image "./opusepistolarum00flowgoog_0561.png"; bbox 0 0 3355 5380; ppageno 0'>
   <div class='ocr_carea' id='block_1_1' title="bbox 280 369 2667 454">
    <p class='ocr_par' dir='ltr' id='par_1_1' title="bbox 280 369 2667 454">
     <span class='ocr_line' id='line_1_1' title="bbox 280 369 2667 454; baseline 0 -21"><span class='ocrx_word' id='word_1_1' title='bbox 280 369 464 454; x_wconf 86' lang='lat'>¹5¹3]</span> <span class='ocrx_word' id='word_1_2' title='bbox 1099 372 1207 434; x_wconf 85' lang='grc' dir='ltr'>ΤΟ</span> <span class='ocrx_word' id='word_1_3' title='bbox 1262 371 1440 432; x_wconf 79' lang='lat' dir='ltr'>THE</span> <span class='ocrx_word' id='word_1_4' title='bbox 1497 372 1851 434; x_wconf 75' lang='lat' dir='ltr'><strong>READER</strong></span> <span class='ocrx_word' id='word_1_5' title='bbox 1930 423 1935 426; x_wconf 33' lang='lat'><em>2</em></span> <span class='ocrx_word' id='word_1_6' title='bbox 2549 379 2667 434; x_wconf 79' lang='lat'>525</span> 
     </span>
    </p>
   </div>
   <div class='ocr_carea' id='block_1_2' title="bbox 259 527 2672 3444">
    <p class='ocr_par' dir='ltr' id='par_1_2' title="bbox 259 527 2672 3444">
     <span class='ocr_line' id='line_1_2' title="bbox 269 527 2670 608; baseline 0.001 -19"><span class='ocrx_word' id='word_1_7' title='bbox 269 527 572 607; x_wconf 79' lang='lat' dir='ltr'><strong>plusculis</strong></span> <span class='ocrx_word' id='word_1_8' title='bbox 624 528 792 603; x_wconf 91' lang='lat' dir='ltr'>locis,</span> <span class='ocrx_word' id='word_1_9' title='bbox 852 527 961 587; x_wconf 87' lang='lat' dir='ltr'>vbi</span> <span class='ocrx_word' id='word_1_10' title='bbox 1016 529 1399 589; x_wconf 85' lang='lat' dir='ltr'>Graecorum</span> <span class='ocrx_word' id='word_1_11' title='bbox 1453 529 1793 590; x_wconf 80' lang='lat' dir='ltr'>verborum</span> <span class='ocrx_word' id='word_1_12' title='bbox 1861 529 2481 608; x_wconf 83' lang='lat' dir='ltr'>interpraetationem</span> <span class='ocrx_word' id='word_1_13' title='bbox 2544 531 2670 591; x_wconf 86' lang='lat' dir='ltr'>alio</span> 
     </span>
     <span class='ocr_line' id='line_1_3' title="bbox 268 625 2664 705; baseline 0.001 -18"><span class='ocrx_word' id='word_1_14' title='bbox 268 646 610 705; x_wconf 88' lang='lat' dir='ltr'>properans</span> <span class='ocrx_word' id='word_1_15' title='bbox 671 625 1021 701; x_wconf 84' lang='lat' dir='ltr'>omiseram,</span> <span class='ocrx_word' id='word_1_16' title='bbox 1080 625 1581 704; x_wconf 86' lang='lat' dir='ltr'>quandoquidem</span> <span class='ocrx_word' id='word_1_17' title='bbox 1649 627 1717 687; x_wconf 90' lang='lat' dir='ltr'>id</span> <span class='ocrx_word' id='word_1_18' title='bbox 1784 647 1823 688; x_wconf 92' lang='lat' dir='ltr'>a</span> <span class='ocrx_word' id='word_1_19' title='bbox 1875 627 2096 696; x_wconf 85' lang='lat' dir='ltr'>multis</span> <span class='ocrx_word' id='word_1_20' title='bbox 2164 627 2664 705; x_wconf 85' lang='lat' dir='ltr'>desyderabatur,</span> 
     </span>
     <span class='ocr_line' id='line_1_4' title="bbox 268 724 2671 806; baseline 0.001 -20"><span class='ocrx_word' id='word_1_21' title='bbox 268 724 500 786; x_wconf 84' lang='lat' dir='ltr'>addidi.</span> <span class='ocrx_word' id='word_1_22' title='bbox 587 724 917 785; x_wconf 82' lang='lat' dir='ltr'>Praeterea</span> <span class='ocrx_word' id='word_1_23' title='bbox 956 742 1113 802; x_wconf 87' lang='lat' dir='ltr'>quae</span> <span class='ocrx_word' id='word_1_24' title='bbox 1147 724 1411 785; x_wconf 89' lang='lat' dir='ltr'>nudiora</span> <span class='ocrx_word' id='word_1_25' title='bbox 1454 724 1842 801; x_wconf 85' lang='lat' dir='ltr'>videbantur,</span> <span class='ocrx_word' id='word_1_26' title='bbox 1885 745 1962 785; x_wconf 86' lang='lat' dir='ltr'>ex</span> <span class='ocrx_word' id='word_1_27' title='bbox 2011 745 2144 787; x_wconf 92' lang='lat' dir='ltr'>non</span> <span class='ocrx_word' id='word_1_28' title='bbox 2186 725 2423 806; x_wconf 86' lang='lat' dir='ltr'>passim</span> <span class='ocrx_word' id='word_1_29' title='bbox 2466 726 2671 789; x_wconf 88' lang='lat' dir='ltr'>obuiis</span> 
     </span>
     <span class='ocr_line' id='line_1_5' title="bbox 264 820 2671 908; baseline 0 -22"><span class='ocrx_word' id='word_1_30' title='bbox 264 821 593 886; x_wconf 71' lang='lat' dir='ltr'><strong>autoribus</strong></span> <span class='ocrx_word' id='word_1_31' title='bbox 656 820 975 898; x_wconf 86' lang='lat' dir='ltr'>aliquanto</span> <span class='ocrx_word' id='word_1_32' title='bbox 1043 821 1287 882; x_wconf 89' lang='lat' dir='ltr'>reddidi</span> <span class='ocrx_word' id='word_1_33' title='bbox 1350 822 1772 901; x_wconf 87' lang='lat' dir='ltr'>locupletiora.</span> <span class='ocrx_word' id='word_1_34' title='bbox 1881 823 2121 886; x_wconf 79' lang='lat' dir='ltr'>Deinde</span> <span class='ocrx_word' id='word_1_35' title='bbox 2173 824 2671 908; x_wconf 76' lang='lat' dir='ltr'>nomenclaturae</span> 
     </span>
     <span class='ocr_line' id='line_1_6' title="bbox 268 921 2668 999; baseline 0.001 -17"><span class='ocrx_word' id='word_1_36' title='bbox 268 926 578 995; x_wconf 87' lang='lat' dir='ltr'>autorum,</span> <span class='ocrx_word' id='word_1_37' title='bbox 610 940 767 997; x_wconf 88' lang='lat' dir='ltr'>quae</span> <span class='ocrx_word' id='word_1_38' title='bbox 794 924 931 980; x_wconf 89' lang='lat' dir='ltr'>tum</span> <span class='ocrx_word' id='word_1_39' title='bbox 959 924 1071 981; x_wconf 89' lang='lat' dir='ltr'>aut</span> <span class='ocrx_word' id='word_1_40' title='bbox 1098 940 1224 981; x_wconf 92' lang='lat' dir='ltr'>non</span> <span class='ocrx_word' id='word_1_41' title='bbox 1256 921 1698 982; x_wconf 89' lang='lat' dir='ltr'>succurrebant</span> <span class='ocrx_word' id='word_1_42' title='bbox 1733 925 1844 982; x_wconf 91' lang='lat' dir='ltr'>aut</span> <span class='ocrx_word' id='word_1_43' title='bbox 1880 940 2008 983; x_wconf 92' lang='lat' dir='ltr'>non</span> <span class='ocrx_word' id='word_1_44' title='bbox 2035 923 2296 984; x_wconf 80' lang='lat' dir='ltr'>vacabat</span> <span class='ocrx_word' id='word_1_45' title='bbox 2313 923 2668 999; x_wconf 72' lang='lat' dir='ltr'>asscribere,</span> 
     </span>
     <span class='ocr_line' id='line_1_7' title="bbox 265 1018 2672 1099; baseline 0.001 -18"><span class='ocrx_word' id='word_1_46' title='bbox 265 1019 503 1099; x_wconf 82' lang='lat' dir='ltr'>passim</span> <span class='ocrx_word' id='word_1_47' title='bbox 546 1018 822 1080; x_wconf 87' lang='lat' dir='ltr'>adiunxi.</span> <span class='ocrx_word' id='word_1_48' title='bbox 924 1018 1206 1097; x_wconf 87' lang='lat' dir='ltr'>Denique</span> <span class='ocrx_word' id='word_1_49' title='bbox 1249 1021 1401 1080; x_wconf 88' lang='lat' dir='ltr'>sunt</span> <span class='ocrx_word' id='word_1_50' title='bbox 1441 1018 1511 1079; x_wconf 93' lang='lat' dir='ltr'>in</span> <span class='ocrx_word' id='word_1_51' title='bbox 1558 1019 1786 1097; x_wconf 84' lang='lat' dir='ltr'>quibus</span> <span class='ocrx_word' id='word_1_52' title='bbox 1826 1040 1863 1081; x_wconf 89' lang='lat' dir='ltr'>a</span> <span class='ocrx_word' id='word_1_53' title='bbox 1902 1020 2140 1099; x_wconf 89' lang='lat' dir='ltr'>meipso</span> <span class='ocrx_word' id='word_1_54' title='bbox 2182 1020 2480 1084; x_wconf 87' lang='lat' dir='ltr'>dissentio</span> <span class='ocrx_word' id='word_1_55' title='bbox 2536 1023 2672 1098; x_wconf 87' lang='lat' dir='ltr'>(cur</span> 
     </span>
     <span class='ocr_line' id='line_1_8' title="bbox 267 1115 2671 1195; baseline 0.001 -16"><span class='ocrx_word' id='word_1_56' title='bbox 267 1117 442 1179; x_wconf 91' lang='lat' dir='ltr'>enim</span> <span class='ocrx_word' id='word_1_57' title='bbox 470 1116 862 1178; x_wconf 77' lang='lat' dir='ltr'>dissimulem</span> <span class='ocrx_word' id='word_1_58' title='bbox 877 1117 934 1193; x_wconf 87' lang='lat'>‘?)</span> <span class='ocrx_word' id='word_1_59' title='bbox 957 1120 1021 1177; x_wconf 92' lang='lat' dir='ltr'>et</span> <span class='ocrx_word' id='word_1_60' title='bbox 1047 1115 1320 1194; x_wconf 84' lang='lat' dir='ltr'>ingenue</span> <span class='ocrx_word' id='word_1_61' title='bbox 1358 1136 1581 1195; x_wconf 84' lang='lat' dir='ltr'>sequor</span> <span class='ocrx_word' id='word_1_62' title='bbox 1618 1117 1941 1179; x_wconf 89' lang='lat' dir='ltr'>laudatum</span> <span class='ocrx_word' id='word_1_63' title='bbox 1968 1139 2005 1180; x_wconf 88' lang='lat' dir='ltr'>a</span> <span class='ocrx_word' id='word_1_64' title='bbox 2030 1117 2481 1180; x_wconf 75' lang='lat' dir='ltr'>laudatissimis</span> <span class='ocrx_word' id='word_1_65' title='bbox 2514 1120 2671 1183; x_wconf 81' lang='lat' dir='ltr'>viris</span> 
     </span>
     <span class='ocr_line' id='line_1_9' title="bbox 267 1215 2669 1295; baseline 0 -17"><span class='ocrx_word' id='word_1_66' title='bbox 267 1215 687 1294; x_wconf 88' lang='lat' dir='ltr'>prouerbium,</span> <span class='ocrx_word' id='word_1_67' title='bbox 720 1216 984 1293; x_wconf 75' lang='grc' dir='ltr'>δευτέρων</span> <span class='ocrx_word' id='word_1_68' title='bbox 1011 1217 1326 1292; x_wconf 61' lang='grc' dir='ltr'><strong><em>ἀμεινόνων.</em></strong></span> <span class='ocrx_word' id='word_1_69' title='bbox 1384 1215 1712 1277; x_wconf 81' lang='lat' dir='ltr'><strong>Nonnulla</strong></span> <span class='ocrx_word' id='word_1_70' title='bbox 1738 1215 1915 1277; x_wconf 85' lang='lat' dir='ltr'>velut</span> <span class='ocrx_word' id='word_1_71' title='bbox 1940 1236 2018 1277; x_wconf 83' lang='lat' dir='ltr'>ex</span> <span class='ocrx_word' id='word_1_72' title='bbox 2049 1216 2427 1295; x_wconf 81' lang='lat' dir='ltr'>adagionum</span> <span class='ocrx_word' id='word_1_73' title='bbox 2453 1218 2669 1279; x_wconf 88' lang='lat' dir='ltr'>ordine</span> 
     </span>
     <span class='ocr_line' id='line_1_10' title="bbox 266 1313 2667 1392; baseline 0.001 -17"><span class='ocrx_word' id='word_1_74' title='bbox 266 1314 585 1376; x_wconf 88' lang='lat' dir='ltr'>mouimus</span> <span class='ocrx_word' id='word_1_75' title='bbox 623 1334 778 1392; x_wconf 87' lang='lat' dir='ltr'>quae</span> <span class='ocrx_word' id='word_1_76' title='bbox 815 1317 1061 1392; x_wconf 87' lang='lat' dir='ltr'>praeter</span> <span class='ocrx_word' id='word_1_77' title='bbox 1099 1314 1396 1375; x_wconf 89' lang='lat' dir='ltr'>meritum</span> <span class='ocrx_word' id='word_1_78' title='bbox 1437 1334 1476 1375; x_wconf 93' lang='lat' dir='ltr'>a</span> <span class='ocrx_word' id='word_1_79' title='bbox 1505 1313 1938 1375; x_wconf 74' lang='lat' dir='ltr'>collectoribus</span> <span class='ocrx_word' id='word_1_80' title='bbox 1976 1314 2080 1375; x_wconf 86' lang='lat' dir='ltr'>vel</span> <span class='ocrx_word' id='word_1_81' title='bbox 2120 1315 2529 1376; x_wconf 71' lang='lat' dir='ltr'>oscitantibus</span> <span class='ocrx_word' id='word_1_82' title='bbox 2568 1316 2667 1378; x_wconf 86' lang='lat' dir='ltr'>vel</span> 
     </span>
     <span class='ocr_line' id='line_1_11' title="bbox 266 1393 2670 1491; baseline 0.001 -18"><span class='ocrx_word' id='word_1_83' title='bbox 266 1412 614 1474; x_wconf 80' lang='lat' dir='ltr'>ambitiosis</span> <span class='ocrx_word' id='word_1_84' title='bbox 649 1413 841 1473; x_wconf 86' lang='lat' dir='ltr'>ascita</span> <span class='ocrx_word' id='word_1_85' title='bbox 863 1411 1253 1473; x_wconf 86' lang='lat' dir='ltr'>videbantur.</span> <span class='ocrx_word' id='word_1_86' title='bbox 1351 1414 1441 1472; x_wconf 88' lang='lat' dir='ltr'>At</span> <span class='ocrx_word' id='word_1_87' title='bbox 1469 1431 1685 1472; x_wconf 65' lang='lat' dir='ltr'>riu-sus</span> <span class='ocrx_word' id='word_1_88' title='bbox 1716 1393 2026 1472; x_wconf 84' lang='lat' dir='ltr'>nouorum</span> <span class='ocrx_word' id='word_1_89' title='bbox 2052 1412 2413 1491; x_wconf 79' lang='lat' dir='ltr'>adagiorum</span> <span class='ocrx_word' id='word_1_90' title='bbox 2442 1414 2670 1475; x_wconf 90' lang='lat' dir='ltr'>medio-</span> 
     </span>
     <span class='ocr_line' id='line_1_12' title="bbox 265 1510 2669 1585; baseline 0.001 -14"><span class='ocrx_word' id='word_1_91' title='bbox 265 1532 434 1572; x_wconf 86' lang='lat' dir='ltr'>crem</span> <span class='ocrx_word' id='word_1_92' title='bbox 483 1530 818 1571; x_wconf 87' lang='lat' dir='ltr'>numerum</span> <span class='ocrx_word' id='word_1_93' title='bbox 863 1510 1160 1572; x_wconf 86' lang='lat' dir='ltr'>centuriis</span> <span class='ocrx_word' id='word_1_94' title='bbox 1199 1510 1554 1585; x_wconf 85' lang='lat' dir='ltr'>adiecimus,</span> <span class='ocrx_word' id='word_1_95' title='bbox 1600 1513 1673 1570; x_wconf 85' lang='lat' dir='ltr'>vt</span> <span class='ocrx_word' id='word_1_96' title='bbox 1715 1529 1791 1570; x_wconf 85' lang='lat' dir='ltr'>ex</span> <span class='ocrx_word' id='word_1_97' title='bbox 1831 1510 1932 1570; x_wconf 87' lang='lat' dir='ltr'>his</span> <span class='ocrx_word' id='word_1_98' title='bbox 1970 1514 2035 1572; x_wconf 88' lang='lat' dir='ltr'>et</span> <span class='ocrx_word' id='word_1_99' title='bbox 2073 1510 2214 1572; x_wconf 90' lang='lat' dir='ltr'>aliis</span> <span class='ocrx_word' id='word_1_100' title='bbox 2254 1511 2546 1573; x_wconf 87' lang='lat' dir='ltr'>auctariis</span> <span class='ocrx_word' id='word_1_101' title='bbox 2589 1513 2669 1574; x_wconf 86' lang='lat' dir='ltr'>ad</span> 
     </span>
     <span class='ocr_line' id='line_1_13' title="bbox 266 1607 2663 1688; baseline 0 -17"><span class='ocrx_word' id='word_1_102' title='bbox 266 1610 601 1688; x_wconf 88' lang='lat' dir='ltr'>superioris</span> <span class='ocrx_word' id='word_1_103' title='bbox 620 1609 1119 1687; x_wconf 82' lang='lat' dir='ltr'>magnitudinem</span> <span class='ocrx_word' id='word_1_104' title='bbox 1149 1607 1493 1669; x_wconf 84' lang='lat' dir='ltr'>voluminis</span> <span class='ocrx_word' id='word_1_105' title='bbox 1520 1607 1664 1685; x_wconf 88' lang='lat' dir='ltr'>plus</span> <span class='ocrx_word' id='word_1_106' title='bbox 1692 1628 1881 1686; x_wconf 87' lang='lat' dir='ltr'>quam</span> <span class='ocrx_word' id='word_1_107' title='bbox 1909 1612 2127 1686; x_wconf 84' lang='lat' dir='ltr'>quarta</span> <span class='ocrx_word' id='word_1_108' title='bbox 2152 1629 2295 1686; x_wconf 89' lang='lat' dir='ltr'>pars</span> <span class='ocrx_word' id='word_1_109' title='bbox 2320 1612 2663 1673; x_wconf 86' lang='lat' dir='ltr'>accesserit.</span> 
     </span>
     <span class='ocr_line' id='line_1_14' title="bbox 346 1705 2669 1786; baseline 0 -16"><span class='ocrx_word' id='word_1_110' title='bbox 346 1708 563 1770; x_wconf 89' lang='lat' dir='ltr'>Habes</span> <span class='ocrx_word' id='word_1_111' title='bbox 603 1708 812 1786; x_wconf 82' lang='lat' dir='ltr'>igitur,</span> <span class='ocrx_word' id='word_1_112' title='bbox 850 1707 1084 1784; x_wconf 88' lang='lat' dir='ltr'>optime</span> <span class='ocrx_word' id='word_1_113' title='bbox 1126 1707 1333 1780; x_wconf 86' lang='lat' dir='ltr'>lector,</span> <span class='ocrx_word' id='word_1_114' title='bbox 1377 1705 1546 1766; x_wconf 89' lang='lat' dir='ltr'>idem</span> <span class='ocrx_word' id='word_1_115' title='bbox 1586 1705 1973 1782; x_wconf 83' lang='lat' dir='ltr'>Adagiorum</span> <span class='ocrx_word' id='word_1_116' title='bbox 2015 1726 2172 1785; x_wconf 90' lang='lat' dir='ltr'>opus</span> <span class='ocrx_word' id='word_1_117' title='bbox 2209 1711 2318 1768; x_wconf 85' lang='lat' dir='ltr'>aut</span> <span class='ocrx_word' id='word_1_118' title='bbox 2359 1708 2417 1768; x_wconf 91' lang='lat' dir='ltr'>si</span> <span class='ocrx_word' id='word_1_119' title='bbox 2462 1709 2669 1771; x_wconf 89' lang='lat' dir='ltr'>mauis</span> 
     </span>
     <span class='ocr_line' id='line_1_15' title="bbox 263 1803 2660 1886; baseline 0.001 -20"><span class='ocrx_word' id='word_1_120' title='bbox 263 1806 453 1881; x_wconf 87' lang='lat' dir='ltr'>aliud,</span> <span class='ocrx_word' id='word_1_121' title='bbox 487 1805 595 1866; x_wconf 89' lang='lat' dir='ltr'>sed</span> <span class='ocrx_word' id='word_1_122' title='bbox 622 1810 834 1866; x_wconf 85' lang='lat' dir='ltr'>tamen</span> <span class='ocrx_word' id='word_1_123' title='bbox 863 1809 928 1865; x_wconf 90' lang='lat' dir='ltr'>et</span> <span class='ocrx_word' id='word_1_124' title='bbox 953 1803 1343 1866; x_wconf 73' lang='lat' dir='ltr'>emendatius</span> <span class='ocrx_word' id='word_1_125' title='bbox 1371 1807 1434 1865; x_wconf 84' lang='lat' dir='ltr'>et</span> <span class='ocrx_word' id='word_1_126' title='bbox 1463 1803 1837 1882; x_wconf 88' lang='lat' dir='ltr'>locupletius</span> <span class='ocrx_word' id='word_1_127' title='bbox 1857 1807 2044 1882; x_wconf 86' lang='lat' dir='ltr'>atque</span> <span class='ocrx_word' id='word_1_128' title='bbox 2071 1806 2346 1881; x_wconf 90' lang='lat' dir='ltr'>omnino,</span> <span class='ocrx_word' id='word_1_129' title='bbox 2369 1807 2438 1867; x_wconf 93' lang='lat' dir='ltr'>ni</span> <span class='ocrx_word' id='word_1_130' title='bbox 2457 1808 2660 1886; x_wconf 81' lang='lat' dir='ltr'>fallor,</span> 
     </span>
     <span class='ocr_line' id='line_1_16' title="bbox 266 1901 2667 1978; baseline 0.002 -14"><span class='ocrx_word' id='word_1_131' title='bbox 266 1903 513 1965; x_wconf 91' lang='lat' dir='ltr'>melius.</span> <span class='ocrx_word' id='word_1_132' title='bbox 567 1903 826 1965; x_wconf 91' lang='lat' dir='ltr'>Omneis</span> <span class='ocrx_word' id='word_1_133' title='bbox 854 1903 1062 1963; x_wconf 83' lang='lat' dir='ltr'>Musas</span> <span class='ocrx_word' id='word_1_134' title='bbox 1091 1903 1353 1964; x_wconf 84' lang='lat' dir='ltr'>habeam</span> <span class='ocrx_word' id='word_1_135' title='bbox 1374 1901 1578 1978; x_wconf 80' lang='lat' dir='ltr'>iratas,</span> <span class='ocrx_word' id='word_1_136' title='bbox 1603 1902 1727 1962; x_wconf 83' lang='lat' dir='ltr'>nisi</span> <span class='ocrx_word' id='word_1_137' title='bbox 1746 1902 1898 1963; x_wconf 90' lang='lat' dir='ltr'>haec</span> <span class='ocrx_word' id='word_1_138' title='bbox 1918 1902 2276 1964; x_wconf 81' lang='lat' dir='ltr'>Chiliadum</span> <span class='ocrx_word' id='word_1_139' title='bbox 2296 1904 2667 1968; x_wconf 86' lang='lat' dir='ltr'>instauratio</span> 
     </span>
     <span class='ocr_line' id='line_1_17' title="bbox 262 1999 2662 2080; baseline 0.002 -18"><span class='ocrx_word' id='word_1_140' title='bbox 262 2002 432 2063; x_wconf 89' lang='lat' dir='ltr'>haud</span> <span class='ocrx_word' id='word_1_141' title='bbox 476 2002 680 2062; x_wconf 88' lang='lat' dir='ltr'>multo</span> <span class='ocrx_word' id='word_1_142' title='bbox 717 1999 1068 2061; x_wconf 87' lang='lat' dir='ltr'>minoribus</span> <span class='ocrx_word' id='word_1_143' title='bbox 1107 1999 1340 2079; x_wconf 83' lang='lat' dir='ltr'>vigiliis</span> <span class='ocrx_word' id='word_1_144' title='bbox 1378 1999 1539 2061; x_wconf 91' lang='lat' dir='ltr'>mihi</span> <span class='ocrx_word' id='word_1_145' title='bbox 1581 2000 1865 2062; x_wconf 88' lang='lat' dir='ltr'>constitit</span> <span class='ocrx_word' id='word_1_146' title='bbox 1905 2021 2093 2079; x_wconf 86' lang='lat' dir='ltr'>quam</span> <span class='ocrx_word' id='word_1_147' title='bbox 2134 2002 2415 2080; x_wconf 85' lang='lat' dir='ltr'>superior</span> <span class='ocrx_word' id='word_1_148' title='bbox 2453 2004 2662 2067; x_wconf 89' lang='lat' dir='ltr'>editio.</span> 
     </span>
     <span class='ocr_line' id='line_1_18' title="bbox 264 2099 2669 2180; baseline 0.001 -18"><span class='ocrx_word' id='word_1_149' title='bbox 264 2102 434 2179; x_wconf 77' lang='lat' dir='ltr'>Quae</span> <span class='ocrx_word' id='word_1_150' title='bbox 461 2101 711 2179; x_wconf 87' lang='lat' dir='ltr'>quantis</span> <span class='ocrx_word' id='word_1_151' title='bbox 738 2099 1105 2172; x_wconf 85' lang='lat' dir='ltr'>constiterit,</span> <span class='ocrx_word' id='word_1_152' title='bbox 1130 2118 1211 2159; x_wconf 89' lang='lat' dir='ltr'>ne</span> <span class='ocrx_word' id='word_1_153' title='bbox 1238 2099 1444 2160; x_wconf 87' lang='lat' dir='ltr'>credat</span> <span class='ocrx_word' id='word_1_154' title='bbox 1465 2099 1719 2176; x_wconf 89' lang='lat' dir='ltr'>quidem</span> <span class='ocrx_word' id='word_1_155' title='bbox 1739 2099 2004 2160; x_wconf 88' lang='lat' dir='ltr'>fortasse</span> <span class='ocrx_word' id='word_1_156' title='bbox 2030 2099 2156 2160; x_wconf 91' lang='lat' dir='ltr'>nisi</span> <span class='ocrx_word' id='word_1_157' title='bbox 2185 2101 2292 2178; x_wconf 90' lang='lat' dir='ltr'>qui</span> <span class='ocrx_word' id='word_1_158' title='bbox 2317 2103 2669 2180; x_wconf 89' lang='lat' dir='ltr'>periculum</span> 
     </span>
     <span class='ocr_line' id='line_1_19' title="bbox 261 2196 2669 2278; baseline 0.001 -18"><span class='ocrx_word' id='word_1_159' title='bbox 261 2200 493 2260; x_wconf 73' lang='lat' dir='ltr'>fecerit.</span> <span class='ocrx_word' id='word_1_160' title='bbox 581 2199 818 2258; x_wconf 89' lang='lat' dir='ltr'>Verum</span> <span class='ocrx_word' id='word_1_161' title='bbox 863 2196 1364 2275; x_wconf 86' lang='lat' dir='ltr'>quandoquidem</span> <span class='ocrx_word' id='word_1_162' title='bbox 1407 2197 1526 2257; x_wconf 90' lang='lat' dir='ltr'>hoc</span> <span class='ocrx_word' id='word_1_163' title='bbox 1565 2196 1954 2272; x_wconf 88' lang='lat' dir='ltr'>intriueram‚</span> <span class='ocrx_word' id='word_1_164' title='bbox 2000 2201 2074 2257; x_wconf 82' lang='lat' dir='ltr'>vt</span> <span class='ocrx_word' id='word_1_165' title='bbox 2114 2199 2491 2260; x_wconf 90' lang='lat' dir='ltr'>rusticorum</span> <span class='ocrx_word' id='word_1_166' title='bbox 2533 2221 2669 2278; x_wconf 91' lang='lat' dir='ltr'>pro·</span> 
     </span>
     <span class='ocr_line' id='line_1_20' title="bbox 264 2294 2668 2370; baseline 0 -12"><span class='ocrx_word' id='word_1_167' title='bbox 264 2297 478 2360; x_wconf 88' lang='lat' dir='ltr'>uerbio</span> <span class='ocrx_word' id='word_1_168' title='bbox 504 2297 747 2370; x_wconf 87' lang='lat' dir='ltr'>dicitur,</span> <span class='ocrx_word' id='word_1_169' title='bbox 780 2294 942 2355; x_wconf 88' lang='lat' dir='ltr'>mihi</span> <span class='ocrx_word' id='word_1_170' title='bbox 969 2294 1092 2355; x_wconf 82' lang='lat' dir='ltr'>fuit</span> <span class='ocrx_word' id='word_1_171' title='bbox 1119 2294 1533 2355; x_wconf 86' lang='lat' dir='ltr'>exedundum.</span> <span class='ocrx_word' id='word_1_172' title='bbox 1620 2294 1769 2355; x_wconf 83' lang='lat' dir='ltr'>Siue</span> <span class='ocrx_word' id='word_1_173' title='bbox 1790 2313 1931 2354; x_wconf 89' lang='lat' dir='ltr'>mea</span> <span class='ocrx_word' id='word_1_174' title='bbox 1958 2296 2310 2357; x_wconf 87' lang='lat' dir='ltr'>temeritate</span> <span class='ocrx_word' id='word_1_175' title='bbox 2336 2303 2571 2359; x_wconf 83' lang='lat' dir='ltr'>memet</span> <span class='ocrx_word' id='word_1_176' title='bbox 2598 2298 2668 2358; x_wconf 93' lang='lat' dir='ltr'>in</span> 
     </span>
     <span class='ocr_line' id='line_1_21' title="bbox 261 2392 2663 2472; baseline 0 -15"><span class='ocrx_word' id='word_1_177' title='bbox 261 2397 380 2457; x_wconf 90' lang='lat' dir='ltr'>hos</span> <span class='ocrx_word' id='word_1_178' title='bbox 408 2396 649 2456; x_wconf 88' lang='lat' dir='ltr'>labores</span> <span class='ocrx_word' id='word_1_179' title='bbox 675 2393 923 2470; x_wconf 88' lang='lat' dir='ltr'>conieci,</span> <span class='ocrx_word' id='word_1_180' title='bbox 956 2393 1271 2454; x_wconf 87' lang='lat' dir='ltr'>stulticiae</span> <span class='ocrx_word' id='word_1_181' title='bbox 1298 2413 1529 2470; x_wconf 87' lang='lat' dir='ltr'>poenas</span> <span class='ocrx_word' id='word_1_182' title='bbox 1556 2392 1739 2467; x_wconf 90' lang='lat' dir='ltr'>dedi;</span> <span class='ocrx_word' id='word_1_183' title='bbox 1779 2392 1914 2453; x_wconf 87' lang='lat' dir='ltr'>siue</span> <span class='ocrx_word' id='word_1_184' title='bbox 1940 2393 2093 2454; x_wconf 84' lang='lat' dir='ltr'>fatis</span> <span class='ocrx_word' id='word_1_185' title='bbox 2117 2393 2242 2455; x_wconf 89' lang='lat' dir='ltr'>huc</span> <span class='ocrx_word' id='word_1_186' title='bbox 2277 2398 2465 2457; x_wconf 89' lang='lat' dir='ltr'>natus</span> <span class='ocrx_word' id='word_1_187' title='bbox 2502 2415 2663 2472; x_wconf 85' lang='lat' dir='ltr'>sum,</span> 
     </span>
     <span class='ocr_line' id='line_1_22' title="bbox 263 2491 2668 2574; baseline -0.001 -18"><span class='ocrx_word' id='word_1_188' title='bbox 263 2495 415 2574; x_wconf 87' lang='lat' dir='ltr'>quid</span> <span class='ocrx_word' id='word_1_189' title='bbox 461 2494 740 2572; x_wconf 91' lang='lat' dir='ltr'>oportuit</span> <span class='ocrx_word' id='word_1_190' title='bbox 783 2494 1113 2571; x_wconf 71' lang='grc' dir='ltr'><strong><em>θεομαχεῖνς</em></strong></span> <span class='ocrx_word' id='word_1_191' title='bbox 1186 2491 1366 2566; x_wconf 82' lang='lat' dir='ltr'>Quod</span> <span class='ocrx_word' id='word_1_192' title='bbox 1409 2492 1464 2552; x_wconf 90' lang='lat' dir='ltr'>si</span> <span class='ocrx_word' id='word_1_193' title='bbox 1509 2511 1698 2569; x_wconf 87' lang='lat' dir='ltr'>quam</span> <span class='ocrx_word' id='word_1_194' title='bbox 1736 2511 1813 2550; x_wconf 86' lang='lat' dir='ltr'>ex</span> <span class='ocrx_word' id='word_1_195' title='bbox 1852 2491 1955 2551; x_wconf 90' lang='lat' dir='ltr'>his</span> <span class='ocrx_word' id='word_1_196' title='bbox 1997 2492 2155 2553; x_wconf 88' lang='lat' dir='ltr'>meis</span> <span class='ocrx_word' id='word_1_197' title='bbox 2195 2492 2526 2554; x_wconf 89' lang='lat' dir='ltr'>sudoribus</span> <span class='ocrx_word' id='word_1_198' title='bbox 2565 2493 2668 2553; x_wconf 87' lang='lat' dir='ltr'>vel</span> 
     </span>
     <span class='ocr_line' id='line_1_23' title="bbox 261 2589 2660 2668; baseline -0.001 -14"><span class='ocrx_word' id='word_1_199' title='bbox 261 2593 599 2654; x_wconf 85' lang='lat' dir='ltr'>vtilitatem</span> <span class='ocrx_word' id='word_1_200' title='bbox 641 2591 887 2668; x_wconf 87' lang='lat' dir='ltr'>capient</span> <span class='ocrx_word' id='word_1_201' title='bbox 916 2589 1018 2651; x_wconf 84' lang='lat' dir='ltr'>vel</span> <span class='ocrx_word' id='word_1_202' title='bbox 1050 2590 1437 2668; x_wconf 87' lang='lat' dir='ltr'>voluptatem</span> <span class='ocrx_word' id='word_1_203' title='bbox 1471 2589 1518 2650; x_wconf 86' lang='lat' dir='ltr'>ii</span> <span class='ocrx_word' id='word_1_204' title='bbox 1558 2589 1787 2666; x_wconf 89' lang='lat' dir='ltr'>quibus</span> <span class='ocrx_word' id='word_1_205' title='bbox 1823 2590 2019 2650; x_wconf 87' lang='lat' dir='ltr'>bonae</span> <span class='ocrx_word' id='word_1_206' title='bbox 2047 2590 2267 2651; x_wconf 84' lang='lat' dir='ltr'>literae</span> <span class='ocrx_word' id='word_1_207' title='bbox 2295 2590 2465 2652; x_wconf 88' lang='lat' dir='ltr'>cordi</span> <span class='ocrx_word' id='word_1_208' title='bbox 2490 2594 2660 2668; x_wconf 89' lang='lat' dir='ltr'>sunt,</span> 
     </span>
     <span class='ocr_line' id='line_1_24' title="bbox 262 2687 2664 2769; baseline -0.001 -16"><span class='ocrx_word' id='word_1_209' title='bbox 262 2693 429 2753; x_wconf 90' lang='lat' dir='ltr'>haud</span> <span class='ocrx_word' id='word_1_210' title='bbox 457 2712 559 2752; x_wconf 91' lang='lat' dir='ltr'>me</span> <span class='ocrx_word' id='word_1_211' title='bbox 596 2689 974 2769; x_wconf 85' lang='lat' dir='ltr'>poenituerit</span> <span class='ocrx_word' id='word_1_212' title='bbox 1008 2709 1245 2768; x_wconf 87' lang='lat' dir='ltr'>operae.</span> <span class='ocrx_word' id='word_1_213' title='bbox 1334 2688 1445 2750; x_wconf 83' lang='lat' dir='ltr'>Sat</span> <span class='ocrx_word' id='word_1_214' title='bbox 1481 2687 1746 2765; x_wconf 83' lang='lat' dir='ltr'>praemii</span> <span class='ocrx_word' id='word_1_215' title='bbox 1796 2687 2009 2763; x_wconf 85' lang='lat' dir='ltr'>fuerit,</span> <span class='ocrx_word' id='word_1_216' title='bbox 2037 2687 2344 2749; x_wconf 88' lang='lat' dir='ltr'>nimirum</span> <span class='ocrx_word' id='word_1_217' title='bbox 2383 2693 2664 2750; x_wconf 89' lang='lat' dir='ltr'>assecuto</span> 
     </span>
     <span class='ocr_line' id='line_1_25' title="bbox 259 2785 2664 2870; baseline -0.002 -18"><span class='ocrx_word' id='word_1_218' title='bbox 259 2791 423 2870; x_wconf 89' lang='lat' dir='ltr'>quod</span> <span class='ocrx_word' id='word_1_219' title='bbox 465 2810 662 2850; x_wconf 84' lang='lat' dir='ltr'>vnum</span> <span class='ocrx_word' id='word_1_220' title='bbox 706 2788 1076 2866; x_wconf 84' lang='lat' dir='ltr'>spectabam.</span> <span class='ocrx_word' id='word_1_221' title='bbox 1164 2787 1343 2863; x_wconf 83' lang='lat' dir='ltr'>Quod</span> <span class='ocrx_word' id='word_1_222' title='bbox 1387 2787 1442 2848; x_wconf 88' lang='lat' dir='ltr'>si</span> <span class='ocrx_word' id='word_1_223' title='bbox 1485 2790 1702 2865; x_wconf 81' lang='lat' dir='ltr'>gratus</span> <span class='ocrx_word' id='word_1_224' title='bbox 1743 2790 1809 2848; x_wconf 93' lang='lat' dir='ltr'>et</span> <span class='ocrx_word' id='word_1_225' title='bbox 1849 2786 2152 2848; x_wconf 88' lang='lat' dir='ltr'>candidus</span> <span class='ocrx_word' id='word_1_226' title='bbox 2194 2788 2392 2849; x_wconf 89' lang='lat' dir='ltr'>lector</span> <span class='ocrx_word' id='word_1_227' title='bbox 2431 2785 2664 2864; x_wconf 81' lang='lat' dir='ltr'>gratiae</span> 
     </span>
     <span class='ocr_line' id='line_1_26' title="bbox 262 2883 2664 2968; baseline -0.003 -17"><span class='ocrx_word' id='word_1_228' title='bbox 262 2909 508 2968; x_wconf 87' lang='lat' dir='ltr'>quoque</span> <span class='ocrx_word' id='word_1_229' title='bbox 529 2887 820 2948; x_wconf 82' lang='lat' dir='ltr'>nonnihil</span> <span class='ocrx_word' id='word_1_230' title='bbox 841 2890 948 2947; x_wconf 87' lang='lat' dir='ltr'>aut</span> <span class='ocrx_word' id='word_1_231' title='bbox 965 2886 1171 2947; x_wconf 89' lang='lat' dir='ltr'>laudis</span> <span class='ocrx_word' id='word_1_232' title='bbox 1187 2886 1396 2946; x_wconf 90' lang='lat' dir='ltr'>deberi</span> <span class='ocrx_word' id='word_1_233' title='bbox 1418 2884 1684 2964; x_wconf 89' lang='lat' dir='ltr'>putabit,</span> <span class='ocrx_word' id='word_1_234' title='bbox 1708 2885 1772 2945; x_wconf 91' lang='lat' dir='ltr'>id</span> <span class='ocrx_word' id='word_1_235' title='bbox 1791 2887 1995 2946; x_wconf 78' lang='lat' dir='ltr'>totum</span> <span class='ocrx_word' id='word_1_236' title='bbox 2011 2886 2079 2945; x_wconf 90' lang='lat' dir='ltr'>in</span> <span class='ocrx_word' id='word_1_237' title='bbox 2096 2886 2254 2946; x_wconf 88' lang='lat' dir='ltr'>duos</span> <span class='ocrx_word' id='word_1_238' title='bbox 2268 2883 2414 2945; x_wconf 91' lang='lat' dir='ltr'>illos</span> <span class='ocrx_word' id='word_1_239' title='bbox 2433 2884 2664 2945; x_wconf 79' lang='lat' dir='ltr'>Moece·</span> 
     </span>
     <span class='ocr_line' id='line_1_27' title="bbox 265 2981 2665 3061; baseline -0.003 -11"><span class='ocrx_word' id='word_1_240' title='bbox 265 2993 443 3050; x_wconf 86' lang='lat' dir='ltr'>nates</span> <span class='ocrx_word' id='word_1_241' title='bbox 484 3006 657 3046; x_wconf 89' lang='lat' dir='ltr'>meos</span> <span class='ocrx_word' id='word_1_242' title='bbox 711 2986 1030 3061; x_wconf 84' lang='lat' dir='ltr'>partiatur,</span> <span class='ocrx_word' id='word_1_243' title='bbox 1076 2985 1464 3046; x_wconf 86' lang='lat' dir='ltr'>Gulielmum</span> <span class='ocrx_word' id='word_1_244' title='bbox 1516 2983 1908 3058; x_wconf 81' lang='lat' dir='ltr'>Montioium‚</span> <span class='ocrx_word' id='word_1_245' title='bbox 1954 2983 2267 3061; x_wconf 89' lang='lat' dir='ltr'>inclytum</span> <span class='ocrx_word' id='word_1_246' title='bbox 2309 2981 2665 3044; x_wconf 84' lang='lat' dir='ltr'>Britannici</span> 
     </span>
     <span class='ocr_line' id='line_1_28' title="bbox 263 3081 2663 3165; baseline -0.003 -17"><span class='ocrx_word' id='word_1_247' title='bbox 263 3086 445 3165; x_wconf 85' lang='lat' dir='ltr'>regni</span> <span class='ocrx_word' id='word_1_248' title='bbox 488 3086 800 3157; x_wconf 83' lang='lat' dir='ltr'>baronem,</span> <span class='ocrx_word' id='word_1_249' title='bbox 851 3087 916 3143; x_wconf 90' lang='lat' dir='ltr'>et</span> <span class='ocrx_word' id='word_1_250' title='bbox 961 3083 1519 3161; x_wconf 86' lang='lat' dir='ltr'>Archiepiscopum</span> <span class='ocrx_word' id='word_1_251' title='bbox 1578 3082 2108 3157; x_wconf 82' lang='lat' dir='ltr'>Cantuariensem,</span> <span class='ocrx_word' id='word_1_252' title='bbox 2160 3102 2426 3160; x_wconf 91' lang='lat' dir='ltr'>quorum</span> <span class='ocrx_word' id='word_1_253' title='bbox 2480 3081 2663 3142; x_wconf 85' lang='lat' dir='ltr'>alteri</span> 
     </span>
     <span class='ocr_line' id='line_1_29' title="bbox 262 3179 2658 3260; baseline -0.003 -13"><span class='ocrx_word' id='word_1_254' title='bbox 262 3190 510 3260; x_wconf 86' lang='lat' dir='ltr'>sortem,</span> <span class='ocrx_word' id='word_1_255' title='bbox 533 3182 717 3243; x_wconf 88' lang='lat' dir='ltr'>alteri</span> <span class='ocrx_word' id='word_1_256' title='bbox 743 3200 1000 3241; x_wconf 83' lang='lat' dir='ltr'>vsuram</span> <span class='ocrx_word' id='word_1_257' title='bbox 1021 3184 1084 3242; x_wconf 90' lang='lat' dir='ltr'>et</span> <span class='ocrx_word' id='word_1_258' title='bbox 1105 3182 1517 3243; x_wconf 86' lang='lat' dir='ltr'>accessionem</span> <span class='ocrx_word' id='word_1_259' title='bbox 1535 3180 1894 3241; x_wconf 85' lang='lat' dir='ltr'>Chiliadum</span> <span class='ocrx_word' id='word_1_260' title='bbox 1913 3183 2224 3259; x_wconf 85' lang='lat' dir='ltr'>acceptam</span> <span class='ocrx_word' id='word_1_261' title='bbox 2242 3179 2389 3241; x_wconf 78' lang='lat' dir='ltr'>ferri</span> <span class='ocrx_word' id='word_1_262' title='bbox 2406 3200 2519 3256; x_wconf 88' lang='lat' dir='ltr'>par</span> <span class='ocrx_word' id='word_1_263' title='bbox 2544 3183 2658 3241; x_wconf 86' lang='lat' dir='ltr'>est.</span> 
     </span>
     <span class='ocr_line' id='line_1_30' title="bbox 342 3277 2656 3357; baseline -0.003 -12"><span class='ocrx_word' id='word_1_264' title='bbox 342 3285 513 3345; x_wconf 90' lang='lat' dir='ltr'>Bene</span> <span class='ocrx_word' id='word_1_265' title='bbox 539 3281 679 3342; x_wconf 84' lang='lat' dir='ltr'>vale</span> <span class='ocrx_word' id='word_1_266' title='bbox 708 3279 798 3338; x_wconf 86' lang='grc' dir='ltr'>καὶ</span> <span class='ocrx_word' id='word_1_267' title='bbox 819 3280 989 3352; x_wconf 84' lang='grc' dir='ltr'><strong><em>ὄναιο,</em></strong></span> <span class='ocrx_word' id='word_1_268' title='bbox 1011 3280 1293 3357; x_wconf 88' lang='lat' dir='ltr'>quisquis</span> <span class='ocrx_word' id='word_1_269' title='bbox 1312 3300 1394 3355; x_wconf 89' lang='lat' dir='ltr'>es,</span> <span class='ocrx_word' id='word_1_270' title='bbox 1419 3283 1776 3339; x_wconf 87' lang='lat' dir='ltr'>nostrarum</span> <span class='ocrx_word' id='word_1_271' title='bbox 1792 3279 2110 3339; x_wconf 88' lang='lat' dir='ltr'>studiosus</span> <span class='ocrx_word' id='word_1_272' title='bbox 2127 3277 2656 3339; x_wconf 86' lang='lat' dir='ltr'>lucubrationum.</span> 
     </span>
     <span class='ocr_line' id='line_1_31' title="bbox 340 3377 1783 3444; baseline -0.004 0"><span class='ocrx_word' id='word_1_273' title='bbox 340 3380 618 3444; x_wconf 90' lang='lat' dir='ltr'>Londini</span> <span class='ocrx_word' id='word_1_274' title='bbox 703 3377 901 3438; x_wconf 89' lang='lat' dir='ltr'>Nonis</span> <span class='ocrx_word' id='word_1_275' title='bbox 927 3378 1251 3439; x_wconf 85' lang='lat' dir='ltr'>Ianuariis.</span> <span class='ocrx_word' id='word_1_276' title='bbox 1341 3381 1466 3439; x_wconf 90' lang='lat' dir='ltr'>An.</span> <span class='ocrx_word' id='word_1_277' title='bbox 1499 3397 1783 3439; x_wconf 72' lang='lat' dir='ltr'>1.D.1111.</span> 
     </span>
    </p>
   </div>
   <div class='ocr_carea' id='block_1_3' title="bbox 1024 3548 1889 3616">
    <p class='ocr_par' dir='ltr' id='par_1_3' title="bbox 1024 3548 1889 3616">
     <span class='ocr_line' id='line_1_32' title="bbox 1024 3548 1889 3616; baseline -0.001 -2"><span class='ocrx_word' id='word_1_278' title='bbox 1024 3552 1169 3615; x_wconf 83' lang='lat'>270.</span> <span class='ocrx_word' id='word_1_279' title='bbox 1262 3551 1357 3616; x_wconf 86' lang='lat' dir='ltr'>To</span> <span class='ocrx_word' id='word_1_280' title='bbox 1402 3550 1594 3616; x_wconf 75' lang='lat' dir='ltr'>JosN</span> <span class='ocrx_word' id='word_1_281' title='bbox 1638 3548 1889 3616; x_wconf 68' lang='lat' dir='ltr'>Coum</span> 
     </span>
    </p>
   </div>
   <div class='ocr_carea' id='block_1_4' title="bbox 330 3685 2587 3847">
    <p class='ocr_par' dir='ltr' id='par_1_4' title="bbox 330 3685 2587 3847">
     <span class='ocr_line' id='line_1_33' title="bbox 330 3685 2523 3761; baseline -0.003 -16"><span class='ocrx_word' id='word_1_282' title='bbox 330 3690 623 3761; x_wconf 80' lang='lat' dir='ltr'>Epistolae</span> <span class='ocrx_word' id='word_1_283' title='bbox 649 3689 720 3743; x_wconf 82' lang='lat' dir='ltr'>ad</span> <span class='ocrx_word' id='word_1_284' title='bbox 746 3687 1001 3745; x_wconf 82' lang='lat' dir='ltr'>diuersos</span> <span class='ocrx_word' id='word_1_285' title='bbox 1025 3705 1080 3757; x_wconf 91' lang='lat' dir='ltr'>p.</span> <span class='ocrx_word' id='word_1_286' title='bbox 1107 3702 1228 3757; x_wconf 88' lang='lat'>492.</span> <span class='ocrx_word' id='word_1_287' title='bbox 2167 3685 2523 3755; x_wconf 79' lang='lat' dir='ltr'>Cambridge.</span> 
     </span>
     <span class='ocr_line' id='line_1_34' title="bbox 331 3770 2587 3847; baseline -0.001 -15"><span class='ocrx_word' id='word_1_288' title='bbox 331 3776 472 3834; x_wconf 80' lang='lat' dir='ltr'>HN:</span> <span class='ocrx_word' id='word_1_289' title='bbox 511 3775 937 3833; x_wconf 65' lang='lat' dir='ltr'>Londxiiziz</span> <span class='ocrx_word' id='word_1_290' title='bbox 975 3776 1088 3831; x_wconf 88' lang='lat' dir='ltr'>LB.</span> <span class='ocrx_word' id='word_1_291' title='bbox 1121 3790 1237 3847; x_wconf 81' lang='lat'>¹15·</span> <span class='ocrx_word' id='word_1_292' title='bbox 1547 3774 1552 3775; x_wconf 47' lang='lat'><em>⁷</em></span> <span class='ocrx_word' id='word_1_293' title='bbox 2103 3789 2162 3831; x_wconf 83' lang='lat'>11</span> <span class='ocrx_word' id='word_1_294' title='bbox 2189 3772 2325 3843; x_wconf 76' lang='lat' dir='ltr'>July</span> <span class='ocrx_word' id='word_1_295' title='bbox 2354 3770 2587 3847; x_wconf 81' lang='lat'>(1513).</span> 
     </span>
    </p>
   </div>
   <div class='ocr_carea' id='block_1_5' title="bbox 258 3895 2662 4489">
    <p class='ocr_par' dir='ltr' id='par_1_5' title="bbox 258 3895 2662 4489">
     <span class='ocr_line' id='line_1_35' title="bbox 328 3895 2662 3969; baseline -0.002 -18"><span class='ocrx_word' id='word_1_296' title='bbox 328 3902 484 3969; x_wconf 73' lang='lat' dir='ltr'>[Thin</span> <span class='ocrx_word' id='word_1_297' title='bbox 505 3900 614 3950; x_wconf 87' lang='lat' dir='ltr'>and</span> <span class='ocrx_word' id='word_1_298' title='bbox 639 3901 736 3963; x_wconf 85' lang='grc' dir='ltr'>ΕΡ.</span> <span class='ocrx_word' id='word_1_299' title='bbox 765 3914 879 3962; x_wconf 71' lang='grc'>971,</span> <span class='ocrx_word' id='word_1_300' title='bbox 904 3897 1087 3948; x_wconf 83' lang='lat' dir='ltr'>which</span> <span class='ocrx_word' id='word_1_301' title='bbox 1112 3899 1161 3946; x_wconf 89' lang='lat' dir='ltr'>is</span> <span class='ocrx_word' id='word_1_302' title='bbox 1182 3899 1396 3962; x_wconf 81' lang='lat' dir='ltr'>plainly</span> <span class='ocrx_word' id='word_1_303' title='bbox 1418 3902 1847 3961; x_wconf 82' lang='lat' dir='ltr'>contemporary,</span> <span class='ocrx_word' id='word_1_304' title='bbox 1872 3911 1965 3947; x_wconf 87' lang='lat' dir='ltr'>are</span> <span class='ocrx_word' id='word_1_305' title='bbox 1996 3896 2187 3959; x_wconf 84' lang='lat' dir='ltr'>placed</span> <span class='ocrx_word' id='word_1_306' title='bbox 2216 3897 2288 3958; x_wconf 86' lang='lat' dir='ltr'>by</span> <span class='ocrx_word' id='word_1_307' title='bbox 2309 3895 2407 3946; x_wconf 70' lang='lat' dir='ltr'>ur.</span> <span class='ocrx_word' id='word_1_308' title='bbox 2436 3896 2662 3946; x_wconf 81' lang='lat' dir='ltr'>Nichols</span> 
     </span>
     <span class='ocr_line' id='line_1_36' title="bbox 258 3961 2662 4030; baseline -0.003 -13"><span class='ocrx_word' id='word_1_309' title='bbox 258 3972 321 4018; x_wconf 89' lang='lat' dir='ltr'>in</span> <span class='ocrx_word' id='word_1_310' title='bbox 347 3982 508 4030; x_wconf 60' lang='lat' dir='ltr'>15¹²ss</span> <span class='ocrx_word' id='word_1_311' title='bbox 541 3968 640 4016; x_wconf 87' lang='lat' dir='ltr'>but</span> <span class='ocrx_word' id='word_1_312' title='bbox 665 3966 748 4015; x_wconf 75' lang='lat' dir='ltr'>tor</span> <span class='ocrx_word' id='word_1_313' title='bbox 766 3965 983 4015; x_wconf 79' lang='lat' dir='ltr'>various</span> <span class='ocrx_word' id='word_1_314' title='bbox 1005 3979 1241 4027; x_wconf 80' lang='lat' dir='ltr'>reasons,</span> <span class='ocrx_word' id='word_1_315' title='bbox 1267 3965 1452 4014; x_wconf 79' lang='lat' dir='ltr'>which</span> <span class='ocrx_word' id='word_1_316' title='bbox 1482 3979 1572 4014; x_wconf 83' lang='lat' dir='ltr'>are</span> <span class='ocrx_word' id='word_1_317' title='bbox 1603 3967 1701 4013; x_wconf 86' lang='lat' dir='ltr'>not</span> <span class='ocrx_word' id='word_1_318' title='bbox 1722 3963 1977 4012; x_wconf 74' lang='lat' dir='ltr'>however</span> <span class='ocrx_word' id='word_1_319' title='bbox 1995 3962 2150 4025; x_wconf 88' lang='lat' dir='ltr'>quite</span> <span class='ocrx_word' id='word_1_320' title='bbox 2178 3961 2503 4025; x_wconf 78' lang='lat' dir='ltr'>conclusive,</span> <span class='ocrx_word' id='word_1_321' title='bbox 2533 3976 2662 4025; x_wconf 82' lang='lat'>¹513</span> 
     </span>
     <span class='ocr_line' id='line_1_37' title="bbox 258 4027 2658 4093; baseline -0.004 -8"><span class='ocrx_word' id='word_1_322' title='bbox 258 4049 433 4085; x_wconf 80' lang='lat' dir='ltr'>seems</span> <span class='ocrx_word' id='word_1_323' title='bbox 453 4036 510 4083; x_wconf 89' lang='lat' dir='ltr'>to</span> <span class='ocrx_word' id='word_1_324' title='bbox 532 4048 621 4083; x_wconf 89' lang='lat' dir='ltr'>me</span> <span class='ocrx_word' id='word_1_325' title='bbox 644 4047 792 4081; x_wconf 90' lang='lat' dir='ltr'>more</span> <span class='ocrx_word' id='word_1_326' title='bbox 827 4030 1014 4093; x_wconf 79' lang='lat' dir='ltr'>likely.</span> <span class='ocrx_word' id='word_1_327' title='bbox 1081 4030 1284 4080; x_wconf 85' lang='lat' dir='ltr'>Unless</span> <span class='ocrx_word' id='word_1_328' title='bbox 1316 4045 1350 4079; x_wconf 86' lang='lat' dir='ltr'>a</span> <span class='ocrx_word' id='word_1_329' title='bbox 1382 4030 1709 4080; x_wconf 84' lang='lat' dir='ltr'>distinction</span> <span class='ocrx_word' id='word_1_330' title='bbox 1742 4030 1989 4079; x_wconf 77' lang='lat' dir='ltr'>between</span> <span class='ocrx_word' id='word_1_331' title='bbox 2022 4028 2121 4077; x_wconf 89' lang='lat' dir='ltr'>the</span> <span class='ocrx_word' id='word_1_332' title='bbox 2152 4032 2387 4088; x_wconf 52' lang='lat' dir='ltr'>cestianae</span> <span class='ocrx_word' id='word_1_333' title='bbox 2417 4027 2528 4076; x_wconf 80' lang='lat' dir='ltr'>and</span> <span class='ocrx_word' id='word_1_334' title='bbox 2560 4029 2658 4077; x_wconf 88' lang='lat' dir='ltr'>the</span> 
     </span>
     <span class='ocr_line' id='line_1_38' title="bbox 258 4091 2659 4159; baseline -0.003 -10"><span class='ocrx_word' id='word_1_335' title='bbox 258 4104 430 4149; x_wconf 61' lang='lat' dir='ltr'>collam</span> <span class='ocrx_word' id='word_1_336' title='bbox 462 4099 523 4148; x_wconf 72' lang='lat' dir='ltr'>of</span> <span class='ocrx_word' id='word_1_337' title='bbox 554 4099 650 4148; x_wconf 84' lang='lat' dir='ltr'>the</span> <span class='ocrx_word' id='word_1_338' title='bbox 681 4098 814 4147; x_wconf 79' lang='lat' dir='ltr'>New</span> <span class='ocrx_word' id='word_1_339' title='bbox 844 4096 1157 4146; x_wconf 77' lang='lat' dir='ltr'>Testament</span> <span class='ocrx_word' id='word_1_340' title='bbox 1193 4097 1241 4145; x_wconf 84' lang='lat' dir='ltr'>is</span> <span class='ocrx_word' id='word_1_341' title='bbox 1271 4097 1327 4144; x_wconf 91' lang='lat' dir='ltr'>to</span> <span class='ocrx_word' id='word_1_342' title='bbox 1360 4097 1426 4145; x_wconf 93' lang='lat' dir='ltr'>be</span> <span class='ocrx_word' id='word_1_343' title='bbox 1460 4095 1698 4159; x_wconf 87' lang='lat' dir='ltr'>pressed,</span> <span class='ocrx_word' id='word_1_344' title='bbox 1722 4094 1837 4143; x_wconf 86' lang='lat' dir='ltr'>this</span> <span class='ocrx_word' id='word_1_345' title='bbox 1872 4094 2040 4143; x_wconf 89' lang='lat' dir='ltr'>letter</span> <span class='ocrx_word' id='word_1_346' title='bbox 2070 4096 2220 4142; x_wconf 87' lang='lat' dir='ltr'>must</span> <span class='ocrx_word' id='word_1_347' title='bbox 2252 4094 2317 4142; x_wconf 90' lang='lat' dir='ltr'>be</span> <span class='ocrx_word' id='word_1_348' title='bbox 2350 4092 2490 4141; x_wconf 82' lang='lat' dir='ltr'>later</span> <span class='ocrx_word' id='word_1_349' title='bbox 2519 4091 2659 4142; x_wconf 82' lang='lat' dir='ltr'>than</span> 
     </span>
     <span class='ocr_line' id='line_1_39' title="bbox 259 4158 2662 4227; baseline -0.003 -14"><span class='ocrx_word' id='word_1_350' title='bbox 259 4166 355 4227; x_wconf 81' lang='lat' dir='ltr'>Ep.</span> <span class='ocrx_word' id='word_1_351' title='bbox 378 4167 495 4227; x_wconf 85' lang='grc'>964,</span> <span class='ocrx_word' id='word_1_352' title='bbox 520 4164 703 4214; x_wconf 80' lang='lat' dir='ltr'>which</span> <span class='ocrx_word' id='word_1_353' title='bbox 726 4165 927 4213; x_wconf 84' lang='lat' dir='ltr'>cannot</span> <span class='ocrx_word' id='word_1_354' title='bbox 950 4162 1018 4211; x_wconf 89' lang='lat' dir='ltr'>be</span> <span class='ocrx_word' id='word_1_355' title='bbox 1042 4161 1237 4210; x_wconf 85' lang='lat' dir='ltr'>earlier</span> <span class='ocrx_word' id='word_1_356' title='bbox 1257 4162 1396 4210; x_wconf 84' lang='lat' dir='ltr'>than</span> <span class='ocrx_word' id='word_1_357' title='bbox 1418 4161 1565 4224; x_wconf 84' lang='lat' dir='ltr'>Sept.</span> <span class='ocrx_word' id='word_1_358' title='bbox 1597 4174 1740 4222; x_wconf 78' lang='lat'>1512,</span> <span class='ocrx_word' id='word_1_359' title='bbox 1764 4160 1874 4209; x_wconf 85' lang='lat' dir='ltr'>and</span> <span class='ocrx_word' id='word_1_360' title='bbox 1903 4160 1965 4207; x_wconf 90' lang='lat' dir='ltr'>in</span> <span class='ocrx_word' id='word_1_361' title='bbox 1996 4159 2176 4209; x_wconf 74' lang='lat' dir='ltr'>which</span> <span class='ocrx_word' id='word_1_362' title='bbox 2209 4158 2307 4208; x_wconf 89' lang='lat' dir='ltr'>the</span> <span class='ocrx_word' id='word_1_363' title='bbox 2339 4161 2578 4218; x_wconf 63' lang='grc' dir='ltr'>ωειίοαῆο</span> <span class='ocrx_word' id='word_1_364' title='bbox 2610 4160 2662 4207; x_wconf 88' lang='lat' dir='ltr'>is</span> 
     </span>
     <span class='ocr_line' id='line_1_40' title="bbox 259 4224 2659 4294; baseline -0.003 -14"><span class='ocrx_word' id='word_1_365' title='bbox 259 4234 359 4280; x_wconf 89' lang='lat' dir='ltr'>not</span> <span class='ocrx_word' id='word_1_366' title='bbox 380 4233 473 4294; x_wconf 85' lang='lat' dir='ltr'>yet</span> <span class='ocrx_word' id='word_1_367' title='bbox 494 4229 748 4280; x_wconf 80' lang='lat' dir='ltr'>finished.</span> <span class='ocrx_word' id='word_1_368' title='bbox 803 4228 907 4278; x_wconf 79' lang='lat' dir='ltr'>For</span> <span class='ocrx_word' id='word_1_369' title='bbox 925 4227 1212 4290; x_wconf 76' lang='lat' dir='ltr'>regarding</span> <span class='ocrx_word' id='word_1_370' title='bbox 1229 4228 1384 4276; x_wconf 87' lang='lat' dir='ltr'>them</span> <span class='ocrx_word' id='word_1_371' title='bbox 1407 4241 1467 4275; x_wconf 85' lang='lat' dir='ltr'>as</span> <span class='ocrx_word' id='word_1_372' title='bbox 1485 4227 1892 4288; x_wconf 81' lang='lat' dir='ltr'>simultaneous,</span> <span class='ocrx_word' id='word_1_373' title='bbox 1914 4224 1963 4272; x_wconf 74' lang='lat' dir='ltr'>if</span> <span class='ocrx_word' id='word_1_374' title='bbox 1974 4227 2076 4273; x_wconf 92' lang='lat' dir='ltr'>not</span> <span class='ocrx_word' id='word_1_375' title='bbox 2092 4224 2188 4273; x_wconf 85' lang='lat' dir='ltr'>the</span> <span class='ocrx_word' id='word_1_376' title='bbox 2210 4238 2371 4284; x_wconf 83' lang='lat' dir='ltr'>same,</span> <span class='ocrx_word' id='word_1_377' title='bbox 2391 4237 2659 4285; x_wconf 82' lang='lat' dir='ltr'>processes</span> 
     </span>
     <span class='ocr_line' id='line_1_41' title="bbox 260 4287 2660 4380; baseline -0.004 -36"><span class='ocrx_word' id='word_1_378' title='bbox 260 4295 538 4359; x_wconf 85' lang='lat' dir='ltr'>authority</span> <span class='ocrx_word' id='word_1_379' title='bbox 553 4311 678 4359; x_wconf 87' lang='lat' dir='ltr'>may</span> <span class='ocrx_word' id='word_1_380' title='bbox 693 4297 760 4344; x_wconf 89' lang='lat' dir='ltr'>be</span> <span class='ocrx_word' id='word_1_381' title='bbox 776 4293 947 4343; x_wconf 82' lang='lat' dir='ltr'>found</span> <span class='ocrx_word' id='word_1_382' title='bbox 964 4294 1024 4342; x_wconf 90' lang='lat' dir='ltr'>in</span> <span class='ocrx_word' id='word_1_383' title='bbox 1046 4293 1082 4343; x_wconf 90' lang='lat'>1.</span> <span class='ocrx_word' id='word_1_384' title='bbox 1101 4294 1163 4341; x_wconf 89' lang='lat'>61</span> <span class='ocrx_word' id='word_1_385' title='bbox 1183 4292 1295 4341; x_wconf 88' lang='lat' dir='ltr'>and</span> <span class='ocrx_word' id='word_1_386' title='bbox 1319 4292 1416 4354; x_wconf 85' lang='lat' dir='ltr'>Ep.</span> <span class='ocrx_word' id='word_1_387' title='bbox 1443 4305 1555 4352; x_wconf 81' lang='grc'>973.</span> <span class='ocrx_word' id='word_1_388' title='bbox 1583 4294 1657 4341; x_wconf 86' lang='lat'>16.</span> <span class='ocrx_word' id='word_1_389' title='bbox 1699 4291 1879 4380; x_wconf 50' lang='lat' dir='ltr'>Again</span> <span class='ocrx_word' id='word_1_390' title='bbox 1898 4290 1945 4339; x_wconf 91' lang='lat' dir='ltr'>it</span> <span class='ocrx_word' id='word_1_391' title='bbox 1960 4305 2134 4339; x_wconf 86' lang='lat' dir='ltr'>seems</span> <span class='ocrx_word' id='word_1_392' title='bbox 2147 4287 2397 4338; x_wconf 74' lang='lat' dir='ltr'>doubtful</span> <span class='ocrx_word' id='word_1_393' title='bbox 2411 4287 2660 4337; x_wconf 77' lang='lat' dir='ltr'>whether</span> 
     </span>
     <span class='ocr_line' id='line_1_42' title="bbox 259 4352 2654 4422; baseline -0.004 -12"><span class='ocrx_word' id='word_1_394' title='bbox 259 4360 514 4410; x_wconf 78' lang='lat' dir='ltr'>Erasmus</span> <span class='ocrx_word' id='word_1_395' title='bbox 536 4360 693 4410; x_wconf 85' lang='lat' dir='ltr'>could</span> <span class='ocrx_word' id='word_1_396' title='bbox 715 4362 852 4410; x_wconf 83' lang='lat' dir='ltr'>have</span> <span class='ocrx_word' id='word_1_397' title='bbox 875 4359 1075 4422; x_wconf 83' lang='lat' dir='ltr'>spoken</span> <span class='ocrx_word' id='word_1_398' title='bbox 1099 4358 1161 4407; x_wconf 73' lang='lat' dir='ltr'>of</span> <span class='ocrx_word' id='word_1_399' title='bbox 1177 4357 1440 4421; x_wconf 81' lang='lat' dir='ltr'>applying</span> <span class='ocrx_word' id='word_1_400' title='bbox 1460 4359 1474 4383; x_wconf 85' lang='lat'>‘</span> <span class='ocrx_word' id='word_1_401' title='bbox 1490 4360 1605 4406; x_wconf 85' lang='lat' dir='ltr'>tam</span> <span class='ocrx_word' id='word_1_402' title='bbox 1627 4371 1748 4406; x_wconf 88' lang='lat' dir='ltr'>sero</span> <span class='ocrx_word' id='word_1_403' title='bbox 1799 4357 1885 4405; x_wconf 87' lang='lat' dir='ltr'>for</span> <span class='ocrx_word' id='word_1_404' title='bbox 1913 4355 2004 4405; x_wconf 82' lang='lat' dir='ltr'>his</span> <span class='ocrx_word' id='word_1_405' title='bbox 2032 4354 2244 4404; x_wconf 77' lang='lat' dir='ltr'>reward</span> <span class='ocrx_word' id='word_1_406' title='bbox 2274 4352 2358 4403; x_wconf 69' lang='lat' dir='ltr'>for</span> <span class='ocrx_word' id='word_1_407' title='bbox 2377 4353 2474 4402; x_wconf 88' lang='lat' dir='ltr'>the</span> <span class='ocrx_word' id='word_1_408' title='bbox 2495 4355 2654 4415; x_wconf 66' lang='lat' dir='ltr'>copia,</span> 
     </span>
     <span class='ocr_line' id='line_1_43' title="bbox 258 4419 2658 4489; baseline -0.003 -15"><span class='ocrx_word' id='word_1_409' title='bbox 258 4425 311 4475; x_wconf 75' lang='lat' dir='ltr'>if</span> <span class='ocrx_word' id='word_1_410' title='bbox 329 4426 423 4474; x_wconf 85' lang='lat' dir='ltr'>the</span> <span class='ocrx_word' id='word_1_411' title='bbox 444 4426 579 4475; x_wconf 82' lang='lat' dir='ltr'>book</span> <span class='ocrx_word' id='word_1_412' title='bbox 601 4426 712 4475; x_wconf 81' lang='lat' dir='ltr'>had</span> <span class='ocrx_word' id='word_1_413' title='bbox 736 4429 832 4476; x_wconf 85' lang='lat' dir='ltr'>not</span> <span class='ocrx_word' id='word_1_414' title='bbox 855 4428 947 4489; x_wconf 82' lang='lat' dir='ltr'>yet</span> <span class='ocrx_word' id='word_1_415' title='bbox 968 4425 1103 4475; x_wconf 89' lang='lat' dir='ltr'>been</span> <span class='ocrx_word' id='word_1_416' title='bbox 1135 4423 1357 4488; x_wconf 75' lang='lat' dir='ltr'>printed</span> <span class='ocrx_word' id='word_1_417' title='bbox 1379 4423 1467 4487; x_wconf 84' lang='lat' dir='ltr'>(cf.</span> <span class='ocrx_word' id='word_1_418' title='bbox 1492 4423 1590 4486; x_wconf 82' lang='lat' dir='ltr'>Ep.</span> <span class='ocrx_word' id='word_1_419' title='bbox 1613 4422 1758 4487; x_wconf 79' lang='lat'>260).</span> <span class='ocrx_word' id='word_1_420' title='bbox 1826 4422 2062 4471; x_wconf 80' lang='lat' dir='ltr'>Further</span> <span class='ocrx_word' id='word_1_421' title='bbox 2084 4421 2184 4483; x_wconf 85' lang='grc' dir='ltr'>ΕΡ.</span> <span class='ocrx_word' id='word_1_422' title='bbox 2209 4433 2309 4482; x_wconf 84' lang='grc'>973</span> <span class='ocrx_word' id='word_1_423' title='bbox 2328 4419 2508 4469; x_wconf 80' lang='lat' dir='ltr'>shows</span> <span class='ocrx_word' id='word_1_424' title='bbox 2534 4419 2658 4468; x_wconf 84' lang='lat' dir='ltr'>that</span> 
     </span>
    </p>
   </div>
   <div class='ocr_carea' id='block_1_6' title="bbox 1079 4561 1848 4612">
    <p class='ocr_par' dir='ltr' id='par_1_6' title="bbox 1079 4561 1848 4612">
     <span class='ocr_line' id='line_1_44' title="bbox 1079 4561 1848 4612; baseline 0 -15"><span class='ocrx_word' id='word_1_425' title='bbox 1079 4564 1186 4612; x_wconf 81' lang='lat'>133.</span> <span class='ocrx_word' id='word_1_426' title='bbox 1225 4562 1443 4599; x_wconf 61' lang='lat' dir='ltr'>mum</span> <span class='ocrx_word' id='word_1_427' title='bbox 1469 4564 1535 4596; x_wconf 73' lang='lat' dir='ltr'>a:</span> <span class='ocrx_word' id='word_1_428' title='bbox 1567 4561 1775 4597; x_wconf 62' lang='lat' dir='ltr'>maxx.</span> <span class='ocrx_word' id='word_1_429' title='bbox 1797 4564 1848 4609; x_wconf 79' lang='grc' dir='ltr'>γ.</span> 
     </span>
    </p>
   </div>
   <div class='ocr_carea' id='block_1_7' title="bbox 259 4635 312 4642">
    <p class='ocr_par' dir='ltr' id='par_1_7' title="bbox 259 4635 312 4642">
     <span class='ocr_line' id='line_1_45' title="bbox 259 4635 312 4642; baseline -0.019 0"><span class='ocrx_word' id='word_1_430' title='bbox 259 4635 312 4642; x_wconf 79' lang='lat'>.-</span> 
     </span>
    </p>
   </div>
   <div class='ocr_carea' id='block_1_8' title="bbox 642 4670 2269 4737">
    <p class='ocr_par' dir='ltr' id='par_1_8' title="bbox 642 4670 2269 4737">
     <span class='ocr_line' id='line_1_46' title="bbox 642 4670 2269 4737; baseline 0 -18"><span class='ocrx_word' id='word_1_431' title='bbox 642 4687 748 4732; x_wconf 80' lang='lat'>¹14·</span> <span class='ocrx_word' id='word_1_432' title='bbox 783 4671 1097 4736; x_wconf 88' lang='lat' dir='ltr'>numerum]</span> <span class='ocrx_word' id='word_1_433' title='bbox 1127 4687 1217 4735; x_wconf 86' lang='lat'>151</span> <span class='ocrx_word' id='word_1_434' title='bbox 1242 4673 1438 4737; x_wconf 81' lang='lat' dir='ltr'>adages</span> <span class='ocrx_word' id='word_1_435' title='bbox 1458 4688 1549 4723; x_wconf 83' lang='lat' dir='ltr'>are</span> <span class='ocrx_word' id='word_1_436' title='bbox 1571 4672 1778 4732; x_wconf 86' lang='lat' dir='ltr'>added;</span> <span class='ocrx_word' id='word_1_437' title='bbox 1811 4670 1879 4719; x_wconf 75' lang='lat' dir='ltr'>cf.</span> <span class='ocrx_word' id='word_1_438' title='bbox 1904 4670 1999 4733; x_wconf 81' lang='lat' dir='ltr'>Ep.</span> <span class='ocrx_word' id='word_1_439' title='bbox 2019 4670 2133 4731; x_wconf 80' lang='lat'>264.</span> <span class='ocrx_word' id='word_1_440' title='bbox 2162 4684 2189 4731; x_wconf 86' lang='lat'><strong>7</strong></span> <span class='ocrx_word' id='word_1_441' title='bbox 2212 4683 2269 4719; x_wconf 85' lang='lat' dir='ltr'>n.</span> 
     </span>
    </p>
   </div>
   <div class='ocr_carea' id='block_1_9' title="bbox 2699 646 2790 696">
    <p class='ocr_par' dir='ltr' id='par_1_9' title="bbox 2699 646 2790 696">
     <span class='ocr_line' id='line_1_47' title="bbox 2699 646 2790 696; baseline -0.011 -14"><span class='ocrx_word' id='word_1_442' title='bbox 2699 646 2790 696; x_wconf 80' lang='lat'>¹05</span> 
     </span>
    </p>
   </div>
   <div class='ocr_carea' id='block_1_10' title="bbox 2699 1140 2791 1176">
    <p class='ocr_par' dir='ltr' id='par_1_10' title="bbox 2699 1140 2791 1176">
     <span class='ocr_line' id='line_1_48' title="bbox 2699 1140 2791 1176; baseline -0.011 0"><span class='ocrx_word' id='word_1_443' title='bbox 2699 1140 2791 1176; x_wconf 85' lang='lat' dir='ltr'>uo</span> 
     </span>
    </p>
   </div>
   <div class='ocr_carea' id='block_1_11' title="bbox 2699 1628 2788 1678">
    <p class='ocr_par' dir='ltr' id='par_1_11' title="bbox 2699 1628 2788 1678">
     <span class='ocr_line' id='line_1_49' title="bbox 2699 1628 2788 1678; baseline 0 -14"><span class='ocrx_word' id='word_1_444' title='bbox 2699 1628 2788 1678; x_wconf 82' lang='lat'>115</span> 
     </span>
    </p>
   </div>
   <div class='ocr_carea' id='block_1_12' title="bbox 2694 2120 2790 2157">
    <p class='ocr_par' dir='ltr' id='par_1_12' title="bbox 2694 2120 2790 2157">
     <span class='ocr_line' id='line_1_50' title="bbox 2694 2120 2790 2157; baseline -0.01 0"><span class='ocrx_word' id='word_1_445' title='bbox 2694 2120 2790 2157; x_wconf 78' lang='lat'>120</span> 
     </span>
    </p>
   </div>
   <div class='ocr_carea' id='block_1_13' title="bbox 2694 2610 2788 2660">
    <p class='ocr_par' dir='ltr' id='par_1_13' title="bbox 2694 2610 2788 2660">
     <span class='ocr_line' id='line_1_51' title="bbox 2694 2610 2788 2660; baseline 0 -16"><span class='ocrx_word' id='word_1_446' title='bbox 2694 2610 2788 2660; x_wconf 84' lang='lat'>1²5</span> 
     </span>
    </p>
   </div>
   <div class='ocr_carea' id='block_1_14' title="bbox 2692 3100 2788 3149">
    <p class='ocr_par' dir='ltr' id='par_1_14' title="bbox 2692 3100 2788 3149">
     <span class='ocr_line' id='line_1_52' title="bbox 2692 3100 2788 3149; baseline 0 0"><span class='ocrx_word' id='word_1_447' title='bbox 2692 3100 2788 3149; x_wconf 78' lang='lat'>130</span> 
     </span>
    </p>
   </div>
  </div>
 </body>
</html>
