3355 5380
622 420 739 475 216
1336 416 1717 478 LETTERS
1761 416 1867 477 oF
1910 415 2312 477 ERAsmth
2830 414 3018 498 [1498

534 598 592 647 ²5
618 573 848 634 certior
882 573 1020 635 fieri
1053 574 1250 651 cupin,
1286 574 1609 650 placeatne
1644 592 1911 650 puerum
1953 594 2057 633 me
2093 573 2401 651 consequi.
2497 572 2806 633 Narrabat
2851 573 3019 633 enim

618 670 950 746 Henricus‚
1004 670 1195 731 etiam
1250 672 1305 731 si
1360 671 1566 731 filium
1623 674 1807 731 tuum
1862 672 1929 731 111
1984 670 2240 732 Italiam
2295 672 2631 746 duxissem,
2678 691 2784 731 me
2839 671 2904 732 id
2960 674 3022 731 te

617 768 1000 847 approbante
1026 770 1355 830 facturum.

698 868 914 928 Habes
951 868 1028 928 de
1063 869 1250 929 rebus
1288 868 1523 929 nostris
1559 868 1887 943 omnibus;
1933 867 2248 945 reliquum
2287 872 2385 929 est
2420 872 2493 928 vt
2529 868 2605 928 de
2642 871 2775 928 toto
2808 867 3019 928 animo

617 968 728 1026 tuo
770 985 886 1026 nos
924 967 1115 1027 facias
1156 968 1479 1029 certiores:
1529 986 1751 1027 verum
1795 986 1996 1044 neque
2036 967 2333 1043 pecunias
2373 987 2578 1044 neque
2615 966 2849 1040 literas,
2895 966 3019 1026 nisi

530 1088 594 1138 30
614 1084 729 1141 per
769 1065 1183 1126 certissimum
1232 1065 1631 1126 tabellarium
1681 1065 1946 1140 miseris,
1990 1084 2102 1125 nec
2152 1065 2427 1127 Parisios
2473 1064 2735 1139 miseris,
2783 1065 2892 1125 sed
2940 1066 3016 1125 ad

615 1184 762 1224 eum
815 1168 1226 1224 mercatorem
1275 1164 1825 1240 Antuerpiensem‚
1884 1183 1965 1223 ne
2018 1162 2073 1223 si
2121 1163 2269 1223 hinc
2325 1183 2697 1237 concessero,
2748 1163 2891 1224 illae
2939 1164 3013 1224 ad

614 1263 849 1323 alienas
890 1283 1118 1323 manus
1167 1263 1578 1339 perferantur.
1672 1261 1812 1321 Hoc
1852 1280 2093 1339 quoque
2133 1262 2211 1322 ad
2262 1281 2366 1322 me
2412 1260 2758 1339 perscribas
2805 1261 3017 1335 velim,

614 1360 714 1419 cui
751 1360 920 1422 vitae
952 1361 1166 1438 generi
1198 1360 1403 1420 filium
1440 1362 1624 1419 tuum
1662 1358 2013 1433 destinariS,
2047 1361 2111 1418 et
2138 1359 2364 1436 quibus
2390 1359 2792 1436 potissimum
2819 1359 3020 1419 literis

614 1457 816 1517 imbui
852 1458 1107 1536 placeat.
1195 1458 1372 1518 Finis
1405 1459 1577 1518 enim
1614 1477 1981 1534 vnaquaque
2016 1456 2083 1516 in
2110 1477 2178 1517 re
2205 1457 2465 1535 praefigi
2493 1457 2691 1532 debet,
2723 1457 2801 1517 ad
2831 1478 3016 1535 quem

528 1576 588 1625 35
615 1557 832 1617 omnia
883 1560 1180 1634 tanquam
1236 1556 1313 1615 ad
1368 1558 1624 1634 signum
1683 1555 2099 1616 conferantur.
2215 1555 2380 1616 Nam
2435 1575 2788 1634 quanquam
2842 1556 3018 1615 omni

615 1656 873 1734 quidem
917 1655 1244 1716 literarum
1289 1674 1519 1732 genere
1560 1653 1742 1731 pueri
1783 1653 1913 1713 sint
1961 1653 2353 1728 instituendi,
2400 1653 2591 1714 refert
2634 1658 2849 1714 tamen
2896 1674 3017 1731 quo

614 1773 728 1813 sua
769 1753 978 1814 studia
1020 1752 1355 1825 destinent,
1389 1754 1459 1812 vt
1502 1771 1699 1827 quum
1743 1753 1956 1812 omnia
1995 1751 2343 1828 perdiscere
2386 1771 2513 1811 non
2557 1752 2758 1825 liceat,
2791 1753 3016 1813 saltem

614 1851 939 1929 aptissima
968 1851 1298 1911 discamuS.

695 1950 869 2011 Haec
908 1948 1195 2026 pluribus
1238 1949 1316 2008 ad
1360 1952 1423 2008 te
1463 1948 1682 2025 scripsi
1725 1968 1917 2026 quam
1957 1947 2162 2021 debui,
2211 1951 2275 2008 et
2314 1947 2568 2026 quidem
2610 1948 2848 2021 Latine,
2889 1968 3016 2008 non

525 2071 589 2119 40
612 2047 867 2107 fastidio
905 2046 1153 2124 linguae
1195 2046 1509 2120 nostratiS,
1543 2046 1652 2106 sed
1691 2047 1854 2124 quod
1893 2067 2092 2124 neque
2118 2045 2299 2106 facile
2325 2046 2389 2106 id
2419 2046 2779 2124 potuissem,
2815 2067 3016 2125 neque

613 2148 685 2203 tu
733 2143 914 2204 facile
964 2144 1394 2205 intellexisses.
1502 2146 1589 2204 Te
1634 2165 1778 2204 cum
1828 2145 2066 2221 optima
2122 2144 2386 2223 coniuge
2439 2147 2548 2205 tua
2604 2146 3016 2224 Vniuersaque

611 2241 854 2302 familia
894 2242 1052 2302 bene
1091 2241 1297 2301 valere
1338 2262 1570 2319 precor.
1657 2243 1751 2303 De
1793 2263 1895 2302 me
1935 2243 2026 2303 ita
2066 2242 2185 2302 tibi
2225 2242 2473 2319 tuisque
2515 2243 2902 2319 persuadeas,
2947 2245 3014 2304 in

611 2339 1000 2401 instituendo
1038 2340 1169 2400 filio
1206 2340 1370 2401 mihi
1407 2360 1606 2418 neque
1644 2340 1831 2400 fidem
1873 2360 2073 2419 neque
2110 2339 2599 2401 sollicitudinem
2638 2361 2840 2419 neque
2878 2340 3015 2403 dili·

612 2437 891 2512 gentiam
919 2438 1290 2498 defuturam.
1378 2438 1684 2500 Lutetiae.
1773 2433 1992 2519 [Anno
2021 2459 2087 2499 11.
2114 2457 2273 2500 ccco.
2298 2435 2525 2519 xcvu.]

1281 2641 1383 2705 83.
1474 2640 1569 2705 To
1620 2639 1957 2705 WILLIAM
2004 2638 2340 2707 ΗΕΒΜΑΝ.

684 2723 928 2797 Farrago
955 2744 1008 2796 p.
1038 2739 1120 2793 74.
2529 2729 2703 2784 Paria

682 2812 741 2867 F.
763 2831 820 2883 p.
850 2815 984 2883 238:
1021 2813 1160 2869 ΗΝ.
1197 2815 1261 2870 0¹
1292 2835 1347 2887 p.
1377 2831 1511 2871 211.
1551 2814 1724 2869 Lond.
1752 2814 1821 2870 iv.
1844 2828 1944 2868 21:
1983 2814 2935 2889 LB.15.14December(1498.)

678 2934 834 3000 [This
868 2937 915 2984 is
947 2936 1042 2984 the
1080 2938 1210 2999 only
1244 2937 1406 2986 letter
1439 2939 1499 2986 of
1528 2938 1621 2987 the
1657 2936 1810 2986 Paris
1844 2936 2030 2998 period
2065 2936 2249 2985 which
2284 2937 2455 2986 found
2490 2940 2562 2987 its
2603 2954 2725 3001 way
2759 2939 2881 2988 into
2915 2940 3011 2987 the

610 3000 801 3050 Gouda
821 3001 1105 3050 collection
1130 3004 1347 3065 printed
1370 3003 1442 3065 by
1465 3002 1707 3062 Merula3
1737 3016 1827 3050 see
1845 3002 1983 3065 App.
2010 3015 2055 3061 7.
2109 3002 2220 3051 The
2237 3004 2483 3052 variants
2497 3004 2680 3053 which
2700 3005 2747 3053 it
2763 3006 3012 3054 contains

609 3080 700 3115 are
740 3067 802 3115 in
837 3081 1005 3129 many
1037 3083 1182 3116 cases
1218 3070 1556 3130 interesting,
1596 3039 1708 3117 and
1748 3070 1808 3115 in
1845 3082 1963 3126 one,
2001 3068 2035 3116 l.
2074 3070 2159 3129 64,
2197 3068 2509 3130 important.
2589 3070 2700 3119 The
2734 3071 3009 3120 reference

609 3132 762 3182 there
794 3135 956 3196 given
991 3136 1048 3181 to
1081 3133 1382 3182 Cornelius’
1416 3135 1543 3183 visit
1578 3136 1635 3182 to
1675 3132 1830 3182 Paris
1861 3104 2080 3182 enables
2116 3133 2208 3182 the
2245 3148 2393 3195 year·
2374 3135 2519 3183 -date
2555 3139 2611 3184 to
2645 3137 2710 3184 be
2743 3136 3008 3200 supplied.

607 3197 720 3247 The
742 3197 883 3247 close
907 3200 1237 3248 connexione
1258 3199 1394 3248 with
1420 3199 1554 3261 Epp.
1582 3200 1645 3260 78
1667 3199 1778 3246 and
1800 3200 1860 3247 81
1888 3213 1978 3247 are
2003 3199 2315 3248 noticeable.

674 3262 899 3313 Besides
939 3265 1033 3314 the
1072 3263 1323 3327 readings
1362 3264 1526 3313 noted
1568 3261 1793 3313 Merula'
1795 3280 1821 3313 a
1859 3266 1977 3313 text
2016 3265 2116 3314 has
2155 3279 2187 3313 a
2225 3269 2375 3328 great
2411 3280 2577 3330 many
2612 3267 2917 3316 inversione
2954 3268 3016 3315 of

609 3327 809 3391 orden]

1075 3444 1382 3492 ERASMVS
1427 3445 1784 3492 GVLIELMO
1829 3446 2157 3493 GAVDANO
2203 3447 2324 3493 SVO
2369 3450 2420 3495 S.
2468 3448 2530 3494 D.

688 3565 799 3626 ch
861 3568 957 3626 est
1011 3567 1303 3643 profecto,
1371 3567 1598 3642 deerat,
1668 3568 1880 3629 deerat
1944 3568 2064 3629 hoc
2125 3588 2327 3629 vnum
2386 3568 2771 3630 infelicitatis
2832 3589 3009 3630 meae

608 3664 904 3739 numeris,
961 3666 1033 3723 vt
1086 3664 1198 3724 abs
1251 3668 1315 3725 te
1370 3666 1533 3725 mihi
1587 3666 1850 3743 epistola
1903 3670 2033 3727 tam
2090 3667 2541 3728 contumeliosa
2603 3667 3009 3740 redderetur3

606 3762 863 3839 perinde
905 3763 1084 3840 quasi
1130 3764 1315 3824 nobis
1361 3764 1464 3824 hic
1511 3765 1798 3825 dolorum
1846 3764 2109 3825 materia
2163 3784 2292 3825 non
2338 3765 2584 3826 abunde
2627 3770 3004 3844 suppeteret.

605 3861 704 3921 Tu
735 3880 904 3936 vero,
932 3862 1025 3921 mi
1062 3862 1393 3937 Gulielme,
1429 3866 1494 3923 et
1529 3863 1959 3924 vetustissimo
1993 3866 2208 3924 nostro
2235 3883 2450 3925 amore
2478 3863 2731 3941 dignius
2756 3867 2823 3925 et
2847 3864 3007 3925 meis

551 3990 579 4040 ⁵
605 3959 878 4020 fortunis
931 3959 1138 4036 aptius
1190 3962 1470 4021 facturus
1528 3980 1683 4034 eras,
1744 3960 1799 4021 si
1852 3981 1967 4038 pro
2029 3960 2461 4039 obiurgatione
2514 3962 3007 4023 consolationem

607 4058 900 4118 misisses.
989 4058 1153 4134 Quid
1189 4063 1261 4119 tu
1299 4059 1643 4120 amiculum
1679 4060 1778 4121 tui
1814 4063 2116 4137 perpetuo
2152 4058 2697 4131 studiosissimum,
2735 4059 3020 4134 miseri-iffi

608 4175 803 4230 mum,
837 4157 1029 4218 etiam
1067 4158 1364 4219 conuiciis
1400 4158 1725 4219 insectaris
1740 4159 1772 4218 Ῥ
1840 4157 2029 4236 Ego’
2009 4177 2079 4217 111
2118 4157 2235 4218 hac
2272 4176 2484 4217 rerum
2527 4156 2884 4217 conditione
2926 4176 3020 4217 ne.

607 4254 1151 4316 confirmationem
1199 4256 1452 4335 quidem
1503 4254 1699 4316 vllam
1747 4275 1944 4332 aequo
1991 4255 2206 4316 animo
2248 4255 2552 4329 tulissem,
2602 4258 2666 4314 et
2708 4257 2780 4314 tu
2835 4255 3007 4314 vltro

606 4373 901 4415 erumnas
934 4374 1108 4415 meas
1143 4355 1334 4416 etiam
1370 4353 1723 4416 maledictis
1754 4355 2132 4430 exasperas?
2203 4353 2365 4429 Quid
2403 4357 2476 4414 tu
2512 4372 2615 4414 me
2650 4352 2729 4412 ab
2765 4350 3008 4412 inuidis

522 4478 582 4512 10
608 4451 840 4512 nostris
880 4458 1203 4530 expectare
1242 4454 1437 4528 iubeS,
1485 4474 1629 4512 cum
1671 4451 2034 4512 huiusmodi
2075 4452 2236 4512 mihi
2276 4453 2639 4513 adferantur
2679 4450 2758 4512 ab
2801 4450 3004 4511 amico

673 4600 750 4648 82.
784 4613 864 4659 4⁴·
901 4597 1054 4647 EN³=
1088 4599 1252 4650 Anno
1276 4613 1639 4650 n.oocc.xov11
1663 4602 1715 4646 N
1719 4597 1754 4647 ².

677 4666 751 4715 83.
783 4678 881 4713 m.
917 4678 1166 4715 eavnuo
1188 4682 1277 4715 om.
1310 4664 1379 4715 0¹.
1552 4680 1595 4714 1.
1630 4664 1836 4725 deerat,
1859 4679 1952 4713 om.
1979 4661 2052 4713 0¹.
2199 4680 2248 4716 2.
2287 4664 2531 4713 numeris
2555 4668 2606 4711 ΙΙ
2626 4680 2638 4710 :
2672 4664 2920 4712 muneris
2943 4667 3001 4713 Ε.

608 4744 655 4788 4.
693 4731 770 4779 mi
793 4747 882 4780 om.
900 4727 971 4780 0¹.
1104 4746 1150 4793 7.
1185 4734 1351 4781 etiam
1376 4734 1488 4780 add.
1515 4730 1583 4780 0¹.
1720 4729 1768 4778 8.
1803 4728 1947 4778 vltro
1970 4732 2082 4777 add.
2112 4726 2185 4779 0¹.
2409 4744 2484 4778 io.
2520 4729 2846 4778 adferuntur
2871 4730 2945 4777 0¹.
