3355 5380
739 378 855 433 492
1434 373 1809 436 LETTERS
1866 374 1973 434 OF
2030 372 2436 434 ERASMUS
2952 369 3131 454 [1511

732 537 920 611 atque
949 531 1178 593 doctas.
1266 531 1369 593 Ad
1400 551 1553 610 quas
1581 531 1637 592 si
1673 529 1929 591 breuius
1965 530 2322 606 respondeo,
2354 528 2500 589 diuo
2527 529 2925 608 Hieronymo
2962 531 3142 594 debes

675 649 703 698 5
733 631 1057 709 imputare,
1102 650 1291 707 quem
1335 629 1881 707 interpretandum
1928 628 2191 705 suscepi,
2239 626 2631 705 prouinciam
2675 629 2742 704 νὴ
2785 631 2883 692 τὰς
2929 631 3143 706 μούσας

734 730 919 807 longe
946 729 1358 790 difficiliorem
1387 729 1718 808 opinione;
1762 726 2017 788 tametsi
2044 747 2144 787 me
2171 746 2301 787 non
2328 729 2461 787 tam
2489 728 2724 788 cruciat
2750 727 2931 788 labor
2958 749 3141 807 quam

734 827 1106 889 sollicitud0.
1165 827 1344 902 Quod
1361 826 1701 889 versiculos
1715 825 1861 887 illos
1880 844 2054 886 meos
2068 827 2393 946 tantopere
2412 824 2644 899 laudas,
2671 826 2853 887 video
2868 831 2939 888 te
2965 828 3145 904 plane

732 927 1055 1004 ῥητορίζειν,
1086 927 1178 986 καὶ
1216 927 1356 1004 πρὸς
1394 931 1505 987 τῶν
1539 927 1729 1006 λόγων
1765 924 2027 996 ἐπίδειξιν
2067 930 2129 983 ἐκ
2165 949 2330 1001 μυιας
2369 925 2653 999 ἐλέφαντα
2693 926 2923 1005 σπουδῇ
2952 930 3143 988 ποιεῖν.

734 1025 905 1101 Quos
941 1024 1266 1102 sequidem
1304 1026 1374 1084 vt
1411 1023 1998 1102 inelegantissimos,
2029 1023 2120 1084 ita
2158 1021 2426 1082 minime
2466 1023 2795 1085 mendaces
2829 1024 3138 1098 existimo,

650 1145 710 1181 ιο
732 1124 849 1185 hac
888 1143 1037 1184 sane
1077 1124 1145 1183 in
1193 1143 1261 1184 re
1308 1123 1390 1186 δὶς
1436 1124 1526 1184 διὰ
1569 1128 1772 1183 πασῶν
1813 1143 1851 1183 a
1897 1125 1961 1182 te
2008 1121 2403 1182 dissentione.
2495 1121 2623 1181 Nec
2670 1123 2973 1184 carminis
3018 1124 3145 1184 eius

733 1225 1176 1301 argumentum
1223 1223 1478 1283 aliunde
1524 1240 1714 1300 quam
1762 1241 1800 1281 a
1847 1221 2045 1297 teipso
2087 1239 2230 1281 sum
2279 1221 2623 1281 mutuatus.
2726 1221 2955 1301 Itaque
3000 1224 3145 1284 Am·

735 1322 1021 1382 monium
1061 1321 1332 1399 depinxi,
1365 1321 1620 1397 optimis
1659 1320 1917 1397 quidem
1958 1317 2285 1392 coloribus,
2319 1318 2546 1395 quippe
2588 1319 2734 1394 tuis,
2772 1320 2881 1380 sed
2926 1320 3143 1380 artifex

735 1441 862 1481 non
890 1420 1164 1499 optimus
1193 1440 1307 1480 nec
1336 1419 1575 1497 optimo
1601 1416 1912 1496 penicillo.
1996 1416 2118 1476 Sed
2146 1416 2301 1493 quid
2329 1416 2499 1476 istud
2528 1420 2642 1492 est,
2677 1417 2952 1493 obsecre,
2989 1417 3142 1496 quod

735 1519 954 1579 scribis
987 1521 1054 1579 te
1088 1539 1201 1579 ceu
1239 1539 1374 1579 rem
1410 1537 1708 1597 magnam
1744 1513 2104 1593 perspicere,
2140 1514 2464 1574 Andream
2503 1516 2701 1575 amari
2732 1516 2809 1575 ab
2837 1517 3145 1578 Erasmo?

651 1635 709 1686 15
737 1618 902 1679 Nam
927 1618 982 1679 si
1011 1616 1366 1678 istiusmodi
1391 1617 1719 1677 hominem
1748 1618 1814 1675 et
1839 1614 1928 1674 ita
1962 1615 2426 1691 promerentem
2470 1634 2597 1673 non
2629 1633 2840 1675 amare
2874 1635 3138 1692 possem,

734 1719 875 1777 tum
903 1716 1177 1793 profecto
1205 1717 1327 1776 sim
1355 1716 1653 1776 Erasmus
1681 1717 1781 1774 οὐκ
1809 1717 1920 1773 ἄπο
1946 1717 2046 1771 τοῦ
2077 1712 2313 1789 ἔρασθαι
2341 1715 2499 1772 ἀλλὰ
2530 1716 2684 1789 παρὰ
2717 1718 2819 1790 τῆς
2854 1715 3002 1791 ἔρος,
3034 1714 3141 1774 hoc

736 1816 835 1875 est
881 1814 1334 1892 ἀνεραστότατος,
1389 1817 1452 1873 et
1499 1833 1689 1891 quern
1736 1813 1841 1873 vel
1896 1810 2016 1888 ipsi
2065 1809 2526 1888 'Pauroecythae
2575 1811 2931 1888 barbarum,
2985 1814 3144 1889 ipsae

736 1913 901 1973 ferae
928 1913 1133 1973 ferum
1162 1913 1429 1973 debeant
1455 1911 1781 1989 appellare.

817 2009 981 2085 Quid
998 2010 1139 2070 ais?
1167 2012 1198 2069 ὃ
1215 2010 1588 2089 ἀρχιερεὺς-πᾶ
1606 2010 2024 2069 Lauretanam
2040 2010 2073 2070 *ἓ
2099 2008 2142 2066 ὦ
2158 2011 2258 2083 τῆς
2278 2009 2585 2083 εὐσεβείας.
2621 2009 2716 2069 De
2729 2009 2896 2070 bello
2915 2008 3144 2070 moueri

650 2134 712 2170 20
735 2112 951 2184 coepto
985 2107 1131 2169 vide
1169 2129 1251 2169 ne
1290 2109 1596 2169 Graecum
1637 2107 1798 2168 illud
1845 2106 2245 2183 prouerbium
2282 2105 2508 2167 habeat
2543 2105 2874 2185 aliquando
2922 2109 3140 2180 locum,

735 2207 1057 2283 πυραύστου
1099 2208 1287 2284 μόρος.
1372 2206 1631 2267 Etenim
1679 2206 1733 2266 si
1776 2205 1924 2283 quid
1975 2203 2266 2265 acciderit
2312 2203 2604 2265 ecclesiae
2645 2205 2985 2281 Romanae,
3030 2205 3141 2277 cui,

736 2324 978 2382 quaeso,
1021 2306 1219 2382 possis
1247 2306 1473 2367 iustius
1511 2307 1832 2381 acceptum
1861 2303 2022 2363 ferre
2062 2322 2252 2381 quam
2288 2304 2367 2381 τῷ
2394 2303 2612 2382 Ἰουλίῳ
2650 2303 2928 2364 nimium
2956 2304 3143 2366 forti?

737 2402 862 2464 Sed
888 2402 1138 2465 obsecro
1165 2407 1245 2478 te,
1269 2404 1438 2480 finge
1461 2402 1679 2465 Gallos
1697 2403 1774 2463 ab
1803 2402 1991 2463 Italia
2010 2399 2302 2477 depulsos
2324 2421 2340 2473 3
2379 2401 2504 2461 iam
2527 2400 2689 2460 mihi
2711 2402 2915 2480 cogita
2935 2405 3142 2464 vtrum

738 2501 1059 2579 Hispanos
1085 2502 1272 2563 malis
1310 2503 1598 2563 dominos
1632 2522 1717 2562 an
1742 2501 2018 2561 Venetos
2055 2519 2169 2559 nec
2209 2499 2343 2559 suis
2368 2498 2739 2561 tolerandos.
2833 2502 3001 2563 Nam
3026 2502 3142 2562 τοὺς

651 2622 675 2658 ι
682 2624 710 2674 5
739 2603 899 2677 ἱερεῖς
924 2599 1249 2678 Principes
1278 2620 1606 2679 nunquam
1635 2602 1856 2661 ferent.
1947 2599 2077 2658 Nec
2117 2616 2366 2657 rursum
2404 2598 2570 2658 inter
2604 2597 2774 2676 ipsos
2809 2600 3141 2660 conuenire

739 2700 967 2776 poterit
1011 2705 1263 2778 propter
1310 2701 1655 2762 factionum
1704 2698 1964 2760 dissidia
2008 2697 2340 2774 plusquam
2391 2698 2695 2774 capitalia.
2789 2699 3035 2760 Vereor
3069 2716 3141 2757 ne

739 2800 926 2862 Italia
967 2801 1298 2863 dominum
1341 2804 1559 2875 mutet,
1605 2800 1884 2877 dumque
1923 2796 2140 2858 Gallos
2175 2797 2336 2857 ferre
2375 2817 2503 2857 non
2540 2800 2761 2875 potest,
2796 2798 2895 2859 bis
2934 2796 3141 2860 Gallos

738 2897 898 2958 ferre
951 2903 1221 2978 cogatur.
1308 2900 1427 2960 Sed
1485 2900 1637 2959 haec
1692 2897 1967 2957 viderint
2024 2898 2083 2955 αἱ
2137 2899 2343 2973 μοῖραι,
2399 2915 2517 2956 nos
2571 2897 2675 2968 ἔξω
2726 2899 2923 2973 βελῶν
2975 2896 3141 2958 ταῦτα

737 2997 1057 3075 μαχόμεθα.

648 3114 714 3165 30
819 3093 1259 3172 Migrationem
1293 3115 1422 3155 non
1460 3095 1715 3155 cessisse
1753 3112 1829 3152 ex
1865 3091 2179 3152 sententia
2218 3091 2413 3166 doleo,
2451 3092 2562 3152 sed
2599 3095 2815 3153 tamen
2852 3088 3139 3153 nonnihil

737 3192 974 3270 gaudeo
1011 3193 1172 3254 mihi
1210 3194 1515 3271 ὁμόψηφον
1554 3191 1903 3269 contigisse.
2010 3189 2174 3250 Nam
2216 3189 2323 3250 isti
2364 3210 2510 3251 cum
2549 3191 2736 3269 plane
2776 3191 2906 3252 sint
2936 3193 3141 3267 κύπριοι

734 3291 874 3367 βόες
914 3293 1004 3351 καὶ
1045 3293 1417 3373 σκατοφάγοι,
1469 3293 1687 3351 tamen
1735 3288 1901 3350 solos
1955 3308 2090 3349 sese
2146 3290 2471 3365 ἀμβροσίας
2515 3290 2607 3349 καὶ
2648 3290 2784 3354 Διὸς
2830 3290 3141 3370 ἐγκεφάλου

736 3389 1018 3449 σιτεῖσθαι
1045 3391 1321 3452 credunt.
1384 3389 1711 3467 Perplacet
1738 3388 1825 3447 ὅτι
1851 3387 2198 3459 λυκιανίζεις·
2254 3387 2362 3447 vbi
2391 3388 2753 3449 Londinum
2791 3389 3050 3462 redier0‚
3081 3384 3139 3446 id

738 3485 855 3546 erit
882 3490 1028 3547 ante
1063 3487 1218 3548 Idus
1245 3487 1619 3548 Decembres
1645 3485 2004 3546 fauentibus
2027 3468 2285 3561 superis,
2313 3487 2815 3564 σ-υνελληνίσομεν.
2880 3484 3140 3548 Interim

650 3600 711 3652 35
740 3585 1071 3660 expectabo
1111 3585 1327 3646 literas
1369 3589 1528 3659 tuas,
1565 3585 1793 3662 quibus
1830 3603 1936 3642 oro
1974 3602 2076 3643 me
2116 3583 2442 3644 certiorem
2480 3584 2704 3646 reddas
2741 3587 2961 3664 ecquid
3001 3579 3139 3646 noui

738 3681 1083 3743 Montioius
1113 3703 1329 3757 meus;
1373 3682 1548 3759 (nam
1573 3683 1675 3744 bis
1704 3682 1833 3742 iam
1858 3681 1936 3742 ad
1967 3680 2150 3740 illum
2173 3681 2426 3760 scripsi:
2476 3703 2700 3743 verum
2730 3684 2880 3744 noui
2908 3698 3138 3743 morem

738 3779 925 3854 illius,
987 3781 1317 3856 respondet
1371 3780 1479 3842 ille
1535 3799 1862 3858 nunquam
1918 3779 2042 3838 οὐδὲ
2098 3778 2267 3860 γρῦ);
2338 3780 2564 3841 deinde
2632 3782 2780 3859 quid
2853 3783 2990 3859 spei
3054 3776 3140 3839 tui

739 3879 1060 3938 ἐπίσκοποι·
1140 3881 1280 3939 tum
1338 3879 1548 3940 iamne
1605 3880 1800 3957 pestis
1841 3878 2232 3954 deferbuerit,
2278 3883 2343 3940 et
2382 3879 2449 3939 in
2493 3900 2681 3958 quem
2726 3881 2949 3941 nidum
2992 3873 3138 3940 mihi

739 3973 1140 4052 potissimum
1169 3994 1418 4037 censeas
1446 3975 1955 4054 immigrandum.

647 4094 714 4141 40
821 4073 960 4133 Iam
1001 4075 1214 4133 ternas
1247 4072 1360 4133 abs
1396 4076 1459 4134 te
1498 4074 1714 4135 literas
1755 4074 1979 4151 accepi.
2071 4073 2451 4151 Scripseram
2494 4079 2558 4135 et
2600 4075 2816 4142 Coleto
2858 4080 2921 4135 et
2966 4076 3139 4135 Petro

741 4171 1022 4246 vnoculo,
1083 4172 1190 4232 sed
1260 4172 1538 4249 suspicor
1605 4192 1711 4233 eas
1778 4192 2153 4252 suppressas,
2277 4172 2642 4234 Mandaram
2698 4173 2871 4235 Moro
2938 4173 3140 4235 literas

804 4370 853 4415 4.
892 4350 1253 4417 Hieronymo]
1286 4353 1418 4401 This
1459 4366 1587 4415 may
1620 4355 1685 4401 be
1724 4353 1889 4403 taken
1992 4352 2052 4400 of
2069 4352 2167 4402 the
2198 4354 2577 4415 appointment
2609 4369 2698 4403 see
2723 4354 2819 4416 Ep.
2844 4357 2958 4415 948.
2980 4354 3059 4416 36,
3080 4365 3121 4412 7.

741 4422 798 4468 to
833 4420 986 4469 mark
1013 4419 1285 4469 Erasmus’
1309 4422 1501 4467 tenure
1534 4419 1593 4467 of
1622 4419 1719 4467 the
1744 4419 1893 4482 Lady
2059 4433 2140 4467 9ο.
2176 4419 2553 4495 prouerbium]
2581 4424 2740 4481 Δάας.
2768 4423 2883 4482 851.

743 4485 1012 4549 Margaret
1057 4484 1455 4545 Professorship
1498 4483 1558 4532 of
1603 4484 1892 4546 Divinity;
2060 4499 2140 4546 3¹·
2181 4483 2300 4548 isti]
2325 4483 2404 4533 Of.
2429 4483 2529 4546 Ep
2552 4500 2664 4547 243.
2692 4500 2755 4547 55
2778 4501 2836 4536 n.

741 4552 927 4600 which
952 4552 1000 4600 is
1021 4550 1266 4600 ascribed
1296 4551 1369 4613 by
1391 4549 1464 4598 Le
1489 4549 1632 4600 Neve
1660 4556 1718 4599 to
1748 4564 1888 4612 1511.
2061 4565 2143 4609 40.
2180 4550 2389 4612 ternas]
2416 4550 2547 4613 Epp.
2572 4553 2686 4612 936,
2711 4564 2827 4614 939,
2856 4565 2968 4613 943.

742 4616 821 4666 Cf.
850 4617 946 4680 Ep.
972 4631 1085 4679 933.
1108 4632 1184 4668 ιο.
1252 4616 1357 4665 For
1378 4615 1474 4665 the
1499 4617 1896 4678 requirements
2130 4615 2309 4680 Petro]
2337 4615 2419 4665 cf.
2443 4616 2539 4679 Ep.
2565 4631 2679 4679 231.
2704 4634 2735 4677 4
2764 4632 2819 4667 ιι.
