3355 5380
655 418 661 429 ·
697 390 774 445 94
1394 380 1773 441 LETTERS
1827 379 1932 440 or
1987 378 2386 441 ERASMUS
2904 372 3104 458 [1489

697 538 885 618 ptate.
974 539 1134 599 Prae
1176 557 1243 597 se
1277 537 1487 598 ferunt
1526 536 1699 598 enim
1737 540 1876 597 tum
1917 536 2351 597 admirandam
2393 533 2692 594 orationis
2729 532 2999 610 gratiam
3038 537 3104 594 et

695 638 944 700 Atticae
969 637 1061 713 (vt
1100 636 1302 713 aiunt)
1331 635 1592 696 Veneris
1631 635 1998 712 plurimum,
2032 638 2174 695 tum
2211 633 2605 712 praecipuam
2633 652 2670 693 a
2706 652 2808 692 me
2840 630 3102 709 quidem

606 756 665 805 25
696 736 958 797 minime
985 734 1303 809 meritam,
1327 753 1364 794 a
1389 737 1501 794 tua
1519 754 1667 794 vero
1689 733 2082 793 humanitate
2109 751 2241 793 303
2267 732 2538 792 alienam
2566 730 3099 791 beneuolentiam.

696 834 779 894 Et
814 834 1069 912 quidem
1109 832 1258 911 quid
1300 833 1370 892 in
1412 832 1501 893 eis
1541 851 1671 891 non
1707 850 2000 906 amorem,
2038 830 2188 909 quid
2231 850 2360 890 non
2396 829 2856 889 humanitatem
2893 833 3099 901 sonat,

696 931 843 1008 quid
864 951 994 991 non
1021 931 1330 1005 affectum,
1359 930 1508 1008 quid
1533 950 1663 989 non
1685 930 2064 990 desiderium
2084 928 2319 990 redolet
2335 931 2368 989 ’Β
2440 929 2493 990 Ο
2516 948 2703 1006 quam
2720 928 2926 989 fausta
2941 927 3096 999 dies»,

696 1032 760 1089 et
788 1030 975 1090 niueo
1005 1030 1391 1091 numeranda
1418 1028 1651 1106 lapillo,
1676 1048 1800 1106 qua
1825 1030 1888 1088 te
1915 1028 2077 1089 mihi
2105 1027 2380 1089 amicum
2408 1028 2668 1088 sortitus
2695 1046 2854 1101 sum,
2878 1047 3002 1105 qua
3029 1030 3104 1087 tu

695 1128 1003 1189 accessisti
1033 1147 1161 1187 non
1178 1126 1389 1188 tenuis
1415 1146 1557 1205 pars
1583 1126 1831 1187 animae
1859 1146 2049 1187 meae.
2139 1126 2425 1203 Denique
2451 1124 2613 1184 mihi
2640 1128 2705 1185 te
2731 1144 2863 1185 non
2890 1126 3105 1185 solum

608 1249 673 1298 30
696 1225 1075 1288 amicissimo
1102 1226 1246 1302 frui,
1279 1245 1503 1287 verum
1529 1225 1723 1286 etiam
1751 1225 1855 1286 vel
1883 1224 2114 1303 peculii
2143 1225 2278 1285 iure
2303 1224 2401 1285 vti
2428 1223 2625 1285 licuit.
2712 1224 3107 1284 Beneuolen·

697 1325 853 1386 tiam
890 1329 1025 1386 tam
1067 1326 1395 1403 copiosam,
1433 1328 1567 1385 tam
1610 1323 1931 1385 liberalem
1972 1327 2408 1401 promtamque
2449 1322 2926 1383 beneficentiam
2964 1324 3109 1401 quis

700 1440 828 1480 non
855 1420 1090 1497 probet,
1118 1419 1257 1498 quis
1285 1439 1413 1480 non
1434 1419 1713 1494 miretur,
1737 1418 1878 1496 quis
1905 1439 2037 1495 non
2064 1418 2488 1495 maximopere
2513 1421 2682 1478 amet
2701 1419 2735 1478 ⁴?
2794 1418 3105 1480 Omnium

698 1522 864 1579 certe
905 1518 1473 1597 ingratissimorum
1510 1537 1675 1577 vnus
1709 1537 1814 1578 ero
1841 1516 2318 1594 ingratissimus,
2352 1517 2409 1575 si
2451 1536 2579 1576 non
2607 1535 2856 1577 summa
2895 1517 3108 1576 enitar

700 1637 882 1695 opera
925 1616 1120 1677 tantis
1173 1636 1276 1676 me
1324 1615 1552 1691 officiis,
1600 1614 1798 1676 tantis
1846 1614 2243 1693 prosequenti
2289 1615 2608 1676 beneficiis
2648 1615 2881 1693 gratias
2922 1635 3114 1693 agere

615 1736 675 1785 35
701 1735 889 1794 quam
917 1716 1241 1789 maximae,
1275 1715 1406 1774 imo
1434 1715 1681 1775 etiamsi
1711 1714 1959 1792 quando
1988 1714 2043 1773 is
2071 1714 2363 1775 inciderit
2390 1733 2584 1789 casua,
2618 1713 2863 1775 referre.

784 1813 961 1889 Quod
1003 1812 1058 1872 si
1099 1812 1274 1873 nulla
1316 1812 1386 1872 in
1434 1832 1502 1872 re
1549 1832 1834 1890 vnquam
1884 1832 2024 1872 mea
2068 1812 2188 1872 tibi
2232 1832 2417 1890 opera
2464 1832 2618 1891 opus
2659 1812 2794 1888 erit,
2838 1812 3108 1874 efficiam

701 1915 914 1972 tamen
940 1914 1012 1970 vt
1039 1914 1294 1971 tuorum
1323 1931 1424 1970 me
1460 1910 1906 1971 beneficiorum
1945 1911 2220 1971 maxime
2247 1930 2588 1972 memorem
2618 1911 2954 1988 intelligas,
2989 1932 3109 1972 nec

701 2011 1080 2088 (quanquam
1128 2012 1200 2069 tu
1250 2009 1435 2069 rebus
1491 2008 1677 2086 longe
1733 2009 2024 2086 anteibis)
2072 2009 2286 2070 animo
2336 2012 2500 2070 certe
2548 2030 2617 2070 ac
2665 2009 3109 2071 beneuolentia

700 2128 977 2186 vnquam
1014 2106 1132 2166 tibi
1159 2107 1387 2167 deesse.
1472 2106 1563 2167 Ea
1599 2107 1789 2179 enim,
1825 2109 2005 2168 crede
2035 2108 2216 2182 mihi,
2250 2108 2498 2169 Corneli
2531 2108 2907 2183 charissime,
2943 2110 3013 2169 in
3041 2113 3110 2171 te

612 2224 678 2273 40
702 2205 899 2267 animi
941 2204 1301 2282 integritate
1341 2224 1671 2283 amoreque
1713 2208 1775 2266 et
1818 2226 1960 2266 sum
2001 2210 2064 2267 et
2107 2206 2359 2267 futurus
2399 2226 2542 2267 sum
2574 2227 2838 2284 semper,
2870 2229 2996 2286 quo
3035 2208 3107 2269 in

703 2305 927 2364 Nisum
955 2303 1285 2381 Eurysthe,
1321 2324 1443 2381 quo
1472 2303 1542 2363 in
1564 2304 1850 2366 Orestem
1869 2303 2136 2377 pilades,
2170 2325 2293 2382 quo
2322 2306 2520 2367 fertur
2546 2305 2615 2366 in
2644 2306 2883 2367 Thesea
2909 2306 3114 2368 fuisse

703 2403 1051 2478 Persthous,
1091 2423 1163 2462 ea
1204 2402 1325 2463 fide
1367 2423 1486 2480 qua
1528 2404 1598 2463 in
1642 2403 1995 2463 Damonem
2038 2404 2321 2481 Pythias,
2370 2425 2443 2465 eo
2484 2405 2755 2483 denique
2794 2405 3108 2469 amicitiae

703 2502 918 2577 calore,
959 2522 1081 2580 quo
1118 2500 1573 2563 adolescentem
1612 2502 1817 2563 Dauid
1858 2502 2217 2564 adolescens
2257 2502 2617 2581 complexus
2650 2508 2745 2565 est
2779 2502 3103 2566 IonathaS.

703 2599 898 2660 Porro
956 2598 1256 2678 quidquid
1310 2600 1387 2660 ad
1458 2600 1555 2659 tui
1614 2600 1891 2661 nominis
1951 2601 2186 2661 famam
2252 2600 2746 2680 dignitatemque
2801 2603 3108 2663 tuendam

613 2724 677 2774 45
703 2701 1010 2778 pertinere
1057 2699 1415 2775 arbitrabor,
1469 2700 1532 2759 id
1579 2702 1758 2761 tanto
1803 2701 2030 2761 curabo
2078 2700 2288 2762 studio
2336 2704 2410 2761 vt
2454 2702 2699 2762 nemini
2746 2722 2859 2764 sua
2907 2704 3110 2781 ipsius

704 2819 982 2877 vnquam
1009 2798 1177 2860 salus
1203 2799 1424 2859 maiori
1452 2819 1635 2859 curae
1662 2800 1852 2860 fuerit
1885 2819 2071 2878 quam
2108 2800 2269 2860 mihi
2305 2800 2398 2860 tui
2426 2801 2682 2862 honoris
2709 2802 3110 2881 nominisque

703 2898 879 2960 ratio,
970 2897 1040 2958 Si
1078 2896 1227 2974 quid
1269 2899 1481 2957 tamen
1522 2902 1838 2975 praeterea
1879 2898 1997 2959 erit
2032 2899 2194 2977 quod
2236 2918 2273 2959 a
2306 2918 2408 2959 me
2446 2899 2679 2960 factum
2711 2901 2899 2974 voleS,
2943 2901 3110 2963 1111111

706 2996 869 3056 131111
910 2995 1028 3057 erit
1066 2993 1401 3055 iucundius
1438 2995 1812 3075 chariusque
1844 3017 2032 3075 quam
2069 3016 2277 3057 meam
2309 2997 2418 3057 abs
2454 2999 2518 3058 te
2556 3018 2808 3077 operam
2849 2999 3102 3079 requiri.

707 3094 897 3154 Nulla
929 3094 1100 3154 enim
1133 3113 1246 3166 reS,
1282 3093 1373 3152 131
1402 3093 1669 3166 Corneli,
1705 3096 1858 3155 adeo
1887 3094 2095 3154 131111
2076 3116 2146 3155 13
2182 3096 2314 3156 vita
2351 3096 2698 3174 praeposita
2735 3101 2829 3158 est
2863 3099 3108 3177 eritque

617 3212 681 3259 50
706 3210 965 3268 semper,
1016 3210 1202 3268 quam
1251 3189 1368 3249 tibi
1413 3190 1710 3251 omnibus
1757 3192 1826 3252 in
1874 3193 2059 3253 rebus
2106 3194 2456 3271 gratificari.
2541 3194 2762 3274 Itaque
2811 3198 3110 3276 quicquid

705 3308 847 3347 meo
879 3287 1088 3347 studio
1124 3290 1233 3347 aut
1273 3288 1480 3349 labore
1520 3288 1637 3348 tibi
1671 3290 1970 3366 praestari
2007 3311 2187 3369 posse
2227 3291 2614 3367 arbitrabere,
2649 3294 2712 3354 id
2752 3295 2869 3355 tibi
2900 3300 3112 3358 totum

706 3385 1011 3463 peculiare
1040 3385 1227 3447 ducas
1266 3386 1475 3446 velim.

789 3485 967 3560 Quod
1000 3483 1411 3546 Guilielmum
1448 3487 1739 3546 nostrum
1765 3489 1943 3548 tanta
1982 3507 2230 3549 mecum
2263 3489 2702 3551 beneuolentia
2744 3492 3110 3570 complexus

710 3583 876 3662 (es),
919 3603 1053 3643 rem
1102 3583 1303 3643 fecisti
1355 3583 1459 3657 (ne
1506 3584 1799 3663 mentiar)
1855 3589 1918 3646 et
1960 3586 2121 3646 mihi
2164 3588 2446 3666 apprime
2493 3589 2827 3650 iucundam
2877 3596 2940 3652 et
2996 3596 3111 3654 tua

615 3701 675 3750 55
704 3682 1006 3761 singulari
1045 3682 1438 3742 humanitate
1474 3682 1910 3760 dignissimam
1937 3707 1954 3759 ;
1995 3684 2225 3762 dignus
2261 3689 2357 3747 est
2395 3686 2566 3747 enim
2601 3707 2740 3748 mea
2766 3690 3102 3762 sententia,

702 3780 810 3862 qui
853 3800 981 3840 non
1019 3781 1205 3841 modo
1246 3780 1567 3858 diligatur,
1593 3801 1816 3842 verum
1856 3782 2045 3843 etiam
2086 3787 2332 3844 ametur
2371 3786 2920 3863 quamplurimum,
2963 3791 3110 3850 tum

705 3880 784 3940 ob
821 3879 1118 3939 eximiam
1159 3879 1659 3958 praeclaramque
1700 3880 2113 3942 adolescentis
2148 3881 2582 3958 eruditionem,
2632 3888 2772 3945 tum
2817 3885 2898 3945 ob
2938 3905 3110 3964 prae·

704 3979 975 4056 cipuum,
1009 3997 1133 4055 quo
1160 3980 1225 4038 te
1250 3977 1420 4054 prior
1446 3978 1808 4056 complexus
1835 3983 1943 4053 est,
1974 3999 2268 4042 amorem.

783 4076 956 4146 Vale,
1012 4075 1104 4135 mi
1157 4075 1407 4136 Corneli
1462 4076 1848 4154 suauissime,
1903 4098 2127 4156 meque
2176 4078 2273 4157 (vt
2326 4080 2500 4157 facis)
2541 4100 2682 4141 ama
2737 4081 3110 4158 plurimum.

606 4174 677 4226 60
703 4174 968 4234 Petrum
1002 4176 1187 4235 tuum
1227 4174 1352 4233 mei
1390 4171 1488 4252 (vt
1524 4174 1767 4251 scribis)
1793 4176 2313 4253 amantissimum,
2353 4178 2512 4239 mihi
2547 4200 2791 4258 quoque
2826 4180 3113 4241 charissi-

701 4292 899 4348 mum,
935 4292 1075 4333 meo
1104 4273 1341 4334 saluere
1369 4274 1624 4334 nomine
1650 4278 1724 4335 vt
1751 4274 1965 4336 iubeas
1991 4278 2055 4335 te
2080 4296 2457 4355 magnopere
2484 4298 2648 4357 rogo.

833 4386 915 4436 28.
950 4400 1058 4448 qua
1079 4388 1134 4436 to
1157 4392 1367 4436 correxi.
1354 4404 1367 4416 ·
1400 4402 1505 4449 quo
1527 4390 1583 4437 te
1605 4390 1702 4437 ΕΒ.
1837 4403 1919 4452 29.
1944 4402 2056 4437 non
2079 4389 2351 4438 accessisti
2375 4393 2507 4440 LB.:
2541 4394 2648 4439 ordi
2627 4407 2753 4440 mem
2775 4398 2973 4441 mutavi.

722 4474 1311 4564 W
1339 4499 1434 4547 list
1481 4500 1528 4548 is
1571 4498 1743 4547 found
1796 4503 1851 4548 at
2014 4501 2100 4551 60.
2136 4499 2391 4564 Petrum]
2404 4501 2677 4552 Petrusin
2695 4502 2823 4553 Poel
2842 4504 3108 4565 (Marion-

699 4567 796 4616 the
814 4567 1109 4644 beginning
1127 4564 1186 4615 of
1202 4566 1298 4614 the
1316 4569 1632 4614 Anteba-ban·
1648 4563 1778 4626 (LB.
1794 4579 1844 4613 x.
1950 4565 2088 4628 poel,
2103 4579 2235 4614 near
2247 4566 2466 4627 Leiden,
2481 4582 2535 4629 p.
2545 4568 2648 4629 77),
2663 4568 2843 4618 whom
2857 4570 3109 4621 Her-man

705 4635 833 4694 1693
848 4635 920 4694 9),
943 4633 1002 4680 in
1026 4646 1057 4680 a
1079 4645 1294 4694 passage
1318 4646 1375 4679 re
1377 4630 1475 4679 lati
1458 4645 1552 4693 ing
1574 4630 1848 4678 Erasmus’
1950 4631 2150 4679 salutes
2173 4631 2409 4693 through
2432 4631 2743 4696 cornelium
2772 4634 2967 4685 Gouda
2991 4636 3104 4688 MS.

700 4699 1042 4748 attachment
1064 4701 1121 4746 to
1146 4697 1291 4746 Wm.
1318 4696 1695 4758 HermanOEp.
1719 4698 1820 4756 331.
1956 4710 2046 4757 132
2048 4711 2094 4757 3,
2122 4697 2176 4748 ff.
2199 4711 2231 4758 3
2255 4698 2363 4746 and
2387 4702 2540 4748 πετο.
