3355 5380
654 303 725 356 14
1349 297 1731 359 LETTERS
1788 298 1894 359 OF
1947 294 2351 357 ERASMUS
2772 293 2829 365 [1
2843 307 2913 367 52
2924 312 3044 368 3-4

645 455 898 515 illorum
925 455 1285 515 felicitatem
1313 456 1391 516 ad
1421 459 1701 516 nostram
1721 454 2137 533 ignominiam
2162 452 2494 531 pertinere,
2526 452 2600 511 vt
2623 450 2772 510 hinc
2802 448 3044 528 aliquid

646 552 837 612 etiam
880 553 1082 613 laudis
1129 552 1328 613 simus
1383 553 1746 630 decerpturi,
1803 552 2105 613 nimirum
2148 553 2310 630 quod
2366 553 2581 611 nostro
2626 549 3046 626 qualicunque

646 654 874 711 conatu
929 651 1394 728 praebuerimus
1449 652 1581 711 illis
1633 671 1869 728 ansam,
1931 650 2383 728 stimulumque
2449 648 2894 709 subiecerimus
2961 646 3046 706 ad

647 751 1154 811 honestissimam
1184 750 1574 828 prouinciam
1601 751 2074 827 suscipiendam.

593 870 621 919 5
728 850 832 909 Ab
881 847 982 908 his
1036 848 1607 925 progymnasmatis
1655 868 1983 926 aggressus
2031 868 2172 908 sum
2223 847 2478 907 Nouum
2526 845 3049 917 Testamentum3
3165 913 3178 927 .

647 946 716 1006 in
745 966 868 1023 quo
897 945 1291 1006 decreueram
1327 946 1479 1006 adeo
1510 947 1845 1006 verborum
1881 965 2104 1023 parcus
2143 965 2292 1018 esse,
2326 946 2400 1005 vt
2434 942 2760 1005 statuerim
2795 942 3054 1019 singula

647 1045 783 1105 loca
809 1043 1011 1104 tribus
1036 1044 1247 1104 verbis
1273 1048 1590 1117 annotare,
1617 1044 1981 1120 praesertim
2009 1064 2203 1120 quum
2232 1041 2552 1103 Laurentii
2575 1041 3055 1117 castigationem

647 1141 774 1202 iam
795 1142 1179 1216 aedidissem,
1203 1162 1355 1219 quae
1376 1142 1537 1201 mihi
1557 1142 1873 1202 verbosior
1893 1162 2080 1219 quam
2101 1163 2214 1219 pro
2236 1161 2300 1201 re
2321 1140 2663 1201 videbatur.
2713 1140 3055 1200 Caeterum

648 1240 757 1299 vbi
784 1240 914 1300 iam
939 1241 1250 1300 accinctus
1277 1243 1439 1300 esset
1469 1240 1814 1301 Frobenius
1841 1240 1918 1300 ad
1948 1239 2395 1315 excudendum,
2427 1238 2833 1316 perpulerunt
2859 1236 3057 1297 amici

566 1363 627 1398 ιο
649 1338 831 1413 docti,
866 1338 1089 1416 quibus
1117 1339 1447 1416 aliquoties
1473 1338 1911 1417 obsequentior
1936 1359 2078 1399 sum
2109 1358 2297 1416 quam
2326 1336 2588 1414 expedit,
2622 1338 2693 1396 vt
2734 1339 3056 1396 mutarem

649 1438 842 1497 etiam
888 1437 1263 1497 aeditionem
1306 1437 1644 1513 vulgatam,
1688 1441 1749 1498 et
1798 1438 1867 1498 in
1910 1436 2444 1499 Annotationibus
2486 1454 2686 1495 essem
2727 1434 3056 1510 aliquanto

650 1534 965 1613 copiosior.
1046 1535 1116 1595 Is
1142 1535 1317 1595 labor
1342 1539 1553 1596 noster
1575 1540 1643 1596 vt
1669 1536 1976 1614 plurimos
2005 1536 2299 1596 excitauit
2315 1534 2416 1594 vel
2445 1532 2523 1594 ad
2553 1536 2814 1595 Graecas
2835 1533 3058 1594 literas

650 1635 751 1695 vel
779 1634 854 1693 ad
883 1632 1166 1692 studium
1194 1613 1568 1709 syncerioris
1597 1634 1959 1711 theologiae,
1983 1636 2071 1693 ita
2099 1634 2259 1693 mihi
2286 1632 2552 1710 gloriam
2580 1632 2817 1709 peperit
2845 1632 3057 1692 multa

650 1730 892 1791 inuidia
946 1730 1398 1791 fermentatam.
1486 1731 1790 1792 Dedimus
1833 1735 1896 1790 et
1938 1731 2041 1790 hic
2089 1751 2237 1791 mox
2280 1750 2510 1806 poenas
2559 1750 2688 1790 non
2733 1730 2901 1790 leues
2941 1730 3057 1790 vel

566 1854 625 1905 ¹5
650 1827 1022 1889 temeritatis
1057 1827 1158 1887 vel
1198 1828 1432 1890 nimiae
1468 1829 1789 1891 facilitatis
1823 1829 1892 1890 in
1930 1829 2325 1907 obsequendo
2364 1827 2705 1890 amicorum
2737 1827 3057 1887 voluntati

650 1926 860 2004 potius
900 1946 1090 2004 quam
1130 1926 1372 1988 iudicio.
1461 1927 1606 1987 Non
1646 1927 1968 1988 credendis
2007 1928 2322 1988 laboribus
2355 1931 2563 1988 totum
2597 1946 2753 2004 opus
2788 1925 3060 1985 retexui-

653 2044 797 2085 mus
842 2045 914 2086 ac
975 2044 1190 2085 rursus
1237 2025 1518 2086 officinae
1564 2026 1952 2087 tradidimus.
2059 2027 2333 2086 Rursum
2391 2025 2575 2085 tertio
2629 2044 2891 2085 manum
2945 2024 3057 2085 ad·

650 2124 988 2199 mouimus,
1020 2143 1367 2202 magnaque
1396 2144 1542 2185 cura
1580 2125 2102 2202 locupletauimus
2127 2145 2293 2186 anno
2326 2124 2663 2184 millesimo
2692 2123 3059 2200 quingente·

654 2223 821 2290 simo
869 2221 1166 2282 vicesimo
1214 2223 1524 2297 secund03
1579 2243 1734 2300 quae
1781 2222 2037 2300 quidem
2085 2223 2386 2283 hactenus
2439 2222 2560 2283 fuit
2612 2221 2794 2281 nobis
2849 2222 3060 2298 operis

570 2346 630 2382 20
655 2321 881 2381 aeditio
935 2321 1293 2382 nouissima.
1383 2322 1683 2396 Quartam
1735 2321 2042 2382 habemus
2095 2325 2392 2399 paratam,
2446 2320 2610 2398 quod
2658 2320 2812 2380 dum
2868 2322 3061 2383 Para-

653 2419 908 2497 phrases
940 2419 1362 2496 scriberemus,
1396 2420 1597 2481 multa
1630 2419 2225 2497 deprehenderimus
2268 2440 2427 2497 quae
2464 2419 2642 2496 prius
2678 2419 3052 2480 fefellerant.

737 2518 904 2599 Quin
942 2521 1006 2578 et
1042 2518 1573 2596 Hieronymianas
1613 2519 1921 2596 epistolas
1961 2519 2123 2596 quod
2166 2518 2283 2586 hae
2319 2521 2390 2578 vt
2435 2516 2783 2593 plurimum
2818 2516 3062 2577 habent

657 2617 1026 2678 eruditionis
1066 2620 1130 2677 et
1171 2616 1574 2695 eloquentiae,
1607 2616 1697 2676 ita
1737 2617 2126 2677 habebantur
2164 2615 2688 2688 mendosissimae,
2735 2616 3061 2693 castigaui-

659 2735 803 2776 mus
848 2735 916 2780 ac
972 2716 1227 2777 scholiis
1279 2715 1708 2794 explicuimus,
1764 2717 1960 2776 notha
2015 2716 2398 2776 semouimus
2446 2715 2704 2775 adiectis
2757 2715 3054 2778 censuris-

575 2842 632 2891 25
660 2815 835 2889 Quod
890 2836 1044 2893 opus
1099 2836 1352 2876 rursum
1403 2817 1882 2893 recognouimus
1935 2835 2104 2876 anno
2163 2813 2500 2874 millesimo
2556 2813 3060 2891 quingentesimo

657 2913 952 2975 vicesimo
982 2915 1265 2990 secund0,
1299 2934 1429 2974 non
1459 2913 1669 2991 paucis
1708 2914 1858 2973 locis
1884 2913 1985 2972 vel
2025 2912 2314 2973 correctis
2341 2912 2444 2971 vel
2471 2911 2714 2986 additis,
2745 2931 2899 2988 quae
2937 2932 3062 2974 nos

658 3011 726 3071 in
756 3013 958 3089 priore
988 3013 1300 3072 aeditione
1327 3011 1694 3071 fefellerant.
1785 3011 1923 3076 Hoc
1951 3031 2166 3071 rursus
2194 3029 2492 3070 excusum
2520 3011 2615 3069 est
2651 3011 2842 3070 Anno
2875 3028 3053 3089 1524.

659 3109 741 3169 In
781 3111 899 3169 hoc
940 3109 1148 3169 labore
1189 3110 1279 3169 sic
1318 3109 1547 3169 versati
1586 3128 1823 3184 sumus,
1854 3111 1927 3168 vt
1967 3112 2246 3169 attentus
2287 3109 2483 3169 lector
2513 3109 2691 3169 facile
2727 3109 3066 3186 deprehen—

661 3226 845 3266 surus
900 3207 983 3266 sit
1038 3228 1139 3266 me
1203 3227 1329 3267 non
1391 3207 1624 3268 frustra
1694 3207 2184 3284 recognitionem
2237 3207 2398 3266 hanc
2455 3208 2807 3284 suscepisse.
2912 3207 3063 3270 Non

575 3331 637 3378 30
663 3306 992 3366 defuerunt
1032 3306 1135 3365 hic
1172 3309 1456 3365 veterum
1489 3305 1768 3365 codicum
1807 3305 2128 3380 praesidia,
2164 3306 2268 3366 sed
2310 3327 2466 3383 quae
2509 3326 2637 3366 non
2675 3310 3065 3383 praestarent

661 3404 812 3482 quin
849 3404 1081 3480 aliquot
1118 3404 1270 3463 locis
1301 3402 1487 3463 fuerit
1525 3401 1957 3463 diuinandum.
2044 3403 2281 3464 Verum
2317 3425 2458 3465 eam
2495 3405 2947 3466 diuinationem
2989 3404 3065 3466 in

662 3502 914 3562 scholiis
953 3501 1045 3561 ita
1086 3501 1593 3578 temperauimus,
1625 3505 1696 3561 vt
1737 3521 1816 3561 ne
1857 3503 1964 3579 qui
2012 3502 2190 3562 facile
2234 3504 2370 3564 falli
2410 3505 2624 3581 possit,
2657 3505 2764 3564 sed
2808 3507 3064 3564 tantum

662 3601 970 3661 excitetur
1005 3601 1079 3660 ad
1120 3600 1629 3678 inuestigandum
1670 3600 1917 3661 lectoris
1954 3602 2252 3663 studium.
2342 3602 2425 3662 Et
2464 3623 2784 3680 speramus
2820 3604 2948 3662 fore
2986 3606 3066 3664 vt

662 3699 887 3777 aliquis
928 3699 1180 3759 adiutus
1229 3697 1753 3758 emendatioribus
1795 3700 2251 3776 exemplaribus
2298 3701 2589 3761 restituat
2638 3707 2703 3761 et
2749 3702 2862 3761 illa
2903 3721 3062 3778 quae

577 3822 637 3870 35
664 3818 780 3858 nos
834 3799 1168 3875 fugerunt3
1235 3796 1463 3874 quibus
1516 3799 1588 3856 vt
1641 3797 1911 3857 libenter
1963 3798 2312 3858 tribuemus
2369 3799 2660 3859 meritam
2718 3798 3063 3859 industriae

662 3896 928 3971 laudem,
983 3897 1070 3956 ita
1115 3916 1244 3955 non
1293 3894 1617 3956 habebunt
1672 3896 1837 3973 quod
1886 3899 2133 3956 nostros
2188 3900 2446 3957 conatus
2492 3897 2896 3972 insectentur,
2951 3897 3065 3974 qui

666 4015 862 4074 quum
890 3995 1089 4055 multa
1115 3994 1380 4054 feliciter
1406 3993 1882 4067 restituerimuS,
1919 3994 1988 4054 in
2018 3995 2391 4073 quibusdam
2413 3995 2604 4056 coacti
2630 4015 2849 4055 sumus
2877 3999 3067 4057 vetus

667 4093 839 4172 sequi
869 4092 1264 4170 prouerbium
1291 4095 1399 4171 οὔχ
1425 4094 1496 4154 ὡς
1525 4092 1778 4168 θέλομεν,
1814 4095 1943 4152 ἀλλ’
1974 4096 2045 4156 ὡς
2072 4094 2365 4171 δυνάμεθα..

752 4193 916 4253 Sunt
974 4191 1145 4251 enim
1203 4190 1457 4269 quidam
1514 4210 1585 4250 eo
1640 4191 1911 4268 ingenio,
1940 4195 2033 4261 ,vt
2087 4191 2142 4252 si
2189 4189 2335 4270 quid
2381 4191 2624 4269 possint
2668 4194 3066 4270 superiorum

580 4323 646 4373 40
669 4289 993 4351 conatibus
1034 4289 1314 4365 adiicere,
1362 4291 1563 4349 totam
1604 4289 1857 4350 laudem
1901 4289 2022 4350 sibi
2061 4289 2422 4364 vindicent3
2479 4291 2724 4368 magnis
2763 4292 3067 4352 conuiciis

671 4388 1001 4466 exagitant,
1031 4388 1229 4448 sicubi
1258 4387 1667 4448 dormitatum
1698 4391 1810 4464 est,
1845 4392 1955 4449 aut
1982 4389 2180 4450 sicubi
2208 4410 2338 4450 non
2375 4389 2688 4466 praestitit
2714 4391 2872 4451 alter
2898 4392 3065 4469 quod

740 4561 786 4608 7.
822 4545 1002 4595 verbis
1025 4547 1061 4599 β
1083 4561 1096 4593 2
1129 4545 1348 4594 vocibus
1370 4563 1419 4594 a.
1508 4545 1555 4594 8.
1592 4557 1732 4605 quae
1755 4578 1769 4593 .
1796 4579 1811 4595 .
1835 4581 1847 4594 .
1872 4543 2160 4593 videbatur
2180 4549 2293 4593 add.
2318 4545 2369 4598 β.
2461 4559 2543 4593 ao.
2576 4545 2834 4606 Quartam
2856 4580 2872 4594 .
2895 4578 2910 4592 .
2939 4581 2951 4594 .
2977 4558 3058 4594 21.

672 4612 979 4663 fefellerant
1003 4615 1120 4662 add.
1141 4612 1197 4665 fi.
1338 4614 1419 4662 26.
1453 4625 1565 4660 non
1587 4643 1604 4660 .
1632 4646 1646 4659 .
1671 4645 1686 4659 .
1712 4613 1788 4661 16.
1816 4625 1864 4671 ε.
1902 4609 2040 4673 Ergo
2059 4613 2095 4665 β
2116 4628 2129 4659 2
2168 4611 2333 4675 breui,
2360 4609 2421 4658 ni
2444 4610 2620 4668 fallor,
2642 4611 2990 4674 proditurum
3013 4627 3061 4660 α.
