3355 5380
678 336 796 392 440
1337 331 1716 393 LETTERS
1772 332 1879 394 OF
1933 331 2330 394 ERASMUS
2880 329 3072 414 [1507

676 508 889 548 meum
931 491 1027 549 est
1071 488 1478 566 pronuntiare
1525 508 1728 566 neque
1782 489 1997 567 magni
2054 489 2280 550 referre
2325 491 2495 567 puto.
2610 489 2809 550 Nobis
2854 491 3075 551 tamen

675 586 884 647 visum
911 589 1007 646 est
1034 586 1110 646 de
1137 586 1403 663 pristina
1422 586 1536 646 illa
1562 588 1776 647 nostra
1802 585 2101 665 religione
2128 605 2257 647 non
2279 585 2441 646 nihil
2469 587 2803 664 remittere,
2831 608 2909 649 ne
2937 608 3074 648 non

595 704 654 740 10
677 684 793 744 hac
831 683 1024 744 etiam
1052 682 1122 744 in
1149 686 1323 762 parte
1349 703 1838 763 congrueremus
1872 687 2261 763 argumente.
2371 684 2643 746 Proinde
2671 684 3077 763 Iphigeniam

675 783 862 861 paulo
897 786 1039 843 tum
1086 782 1288 844 fusius
1326 786 1468 844 tum
1521 783 1829 860 copiosius
1877 783 2290 859 traduximus,
2339 786 2405 844 at
2452 783 2542 844 ita
2585 803 2836 844 rursum
2877 786 2950 845 vt
2992 784 3077 845 ab

677 881 1035 959 interpretis
1062 881 1187 942 fide
1213 881 1582 959 neutiquam
1608 881 2051 943 recederemus.
2139 881 2279 942 Hoc
2306 901 2433 942 vno
2462 881 2532 941 in
2562 884 2827 960 vtraque
2851 902 3080 944 sumus

677 980 814 1041 ausi
841 979 1186 1054 dissentire,
1217 979 1380 1058 quod
1420 980 1489 1039 in
1523 979 1732 1040 choris
1769 979 2174 1041 immodicam
2211 978 2392 1040 illam
2432 979 2783 1040 carminum
2813 979 3079 1041 varieta-

676 1076 808 1134 tem
828 1093 899 1134 ac
923 1073 1244 1134 licentiam
1272 1073 1737 1151 aliquantulum
1772 1073 2277 1151 temperauimua
2317 1075 2636 1151 sperantes
2675 1073 2961 1136 futurum
3000 1077 3078 1134 vt

594 1198 651 1248 15
677 1173 794 1233 hac
822 1172 892 1232 in
918 1193 985 1233 re
1027 1172 1192 1233 docti
1228 1172 1408 1233 nobis
1442 1171 1695 1232 veniam
1739 1172 1972 1246 darent,
2012 1171 2315 1232 nimirum
2356 1172 2427 1231 in
2459 1170 2653 1233 tantis
2678 1172 3081 1234 versantibus

678 1270 1025 1348 angustiis;
1086 1270 1588 1349 quandoquidem
1630 1289 1833 1348 neque
1871 1269 2128 1332 Flaccus
2173 1269 2514 1346 lyricorum
2576 1291 2780 1349 neque
2837 1270 3081 1332 Seneca

676 1370 1060 1447 tragicorum
1101 1371 1428 1447 poetarum
1474 1372 1720 1429 tantam
1772 1369 1841 1429 in
1888 1369 2106 1430 metris
2151 1371 2259 1430 aut
2298 1368 2529 1447 pedum
2570 1369 2923 1431 libertatem
2963 1374 3081 1432 aut

679 1488 981 1546 generum
1019 1467 1444 1529 diuersitatem
1471 1468 1555 1528 sit
1579 1467 1946 1543 aemulatus,
1972 1488 2117 1529 cum
2136 1470 2398 1547 vterque
2420 1471 2779 1546 sequeretur
2806 1470 3082 1530 Graecos

679 1566 1004 1642 duntaxat,
1057 1585 1187 1627 non
1240 1565 1430 1627 etiam
1472 1566 2004 1643 interpretaretur.
2097 1566 2274 1642 Quod
2323 1566 2378 1627 si
2427 1566 2592 1626 mihi
2634 1587 2747 1644 per
2787 1568 3082 1644 grauiora

595 1685 655 1722 πο
679 1665 890 1727 studia
930 1664 1146 1726 liceret
1186 1665 1346 1726 alias
1392 1664 1632 1744 aliquot
1687 1668 1928 1726 vertere
1984 1665 2345 1742 tragoedias,
2394 1684 2521 1725 non
2563 1665 2750 1725 modo
2795 1686 2897 1726 me
2942 1686 3080 1726 non

680 1762 1027 1840 poeniteret
1072 1763 1263 1824 huius
1313 1763 1620 1836 audaciae,
1669 1763 1825 1842 quin
1877 1762 2073 1824 etiam
2126 1783 2257 1824 non
2311 1783 2557 1824 vererer
2624 1763 2956 1824 chororum
3013 1767 3082 1824 et

682 1858 901 1920 stilum
935 1863 999 1920 et
1039 1864 1409 1938 argmenta
1445 1864 1867 1936 commutare3
1911 1861 2290 1938 mallemque
2321 1861 2425 1921 vel
2461 1861 2672 1921 locum
2708 1862 3079 1940 quempiam

681 1961 943 2018 tractare
1002 1977 1426 2034 communem,
1478 1958 1581 2020 vel
1633 1958 1704 2019 in
1747 1977 2075 2019 amoenam
2121 1957 2396 2037 aliquam
2449 1959 2806 2036 παρέκβασιν
2862 1978 3080 2037 exspa-

681 2054 850 2129 tiari,
892 2074 1081 2134 quam
1119 2056 1189 2116 in
1233 2056 1478 2117 canoris
1518 2056 1611 2133 (vt
1650 2059 1833 2117 vocat
1873 2055 2206 2132 Horatius)
2264 2056 2450 2133 nugis
2509 2077 2761 2135 operam
2805 2077 3076 2119 sumere.

597 2176 656 2227 ²5
686 2153 1012 2232 Nusquam
1066 2155 1240 2215 enim
1293 2153 1457 2215 mihi
1500 2154 1702 2233 magis
1742 2154 2042 2232 ineptisse
2089 2154 2339 2215 videtur
2390 2154 2732 2233 antiquitas
2775 2176 2965 2235 quam
3010 2158 3082 2217 in

683 2251 1046 2313 huiusmodi
1083 2254 1328 2328 choris;
1376 2253 1485 2313 vbi
1528 2254 1682 2314 dum
1736 2252 2010 2314 nimium
2063 2253 2312 2313 affectat
2374 2273 2538 2314 noue
2582 2254 2773 2334 loqui,
2826 2255 3083 2316 vitiauit

683 2351 1119 2429 eloquentiam,
1151 2352 1424 2430 dumque
1451 2352 1788 2413 verborum
1828 2351 2134 2413 miracula
2164 2353 2454 2427 venatur,
2484 2352 2554 2413 in
2596 2372 2805 2413 rerum
2845 2352 3085 2414 iudicio

684 2449 966 2511 cessauit.
1053 2450 1226 2526 Vale,
1257 2470 1473 2512 meum
1501 2451 1704 2512 decus.

1350 2686 1499 2751 209.
1586 2684 1685 2750 To
1729 2686 1968 2752 Amms
2014 2685 2411 2752 Mannrms.

753 2822 1000 2879 Vatican
1024 2821 1173 2879 Ms:
1212 2822 1346 2894 Reg.
1372 2822 1500 2878 Vat.
1527 2837 1666 2890 2023
1692 2822 1732 2879 f.
1764 2825 1878 2879 162.
2533 2819 2880 2893 (Bologna.)

2433 2906 2783 2980 (November
2813 2909 3005 2982 ¹507·)

699 3018 702 3022 Α
752 3030 1061 3096 [Referring
1098 3033 1156 3080 to
1193 3030 1289 3080 the
1332 3045 1453 3079 new
1491 3029 1704 3079 edition
1740 3029 1801 3078 of
1836 3030 1932 3079 the
1969 3032 2158 3078 Hecuba
2198 3028 2307 3078 and
2349 3031 2618 3088 kaiqmia,
2659 3029 2770 3078 and
2813 3031 3079 3094 probably

685 3094 1227 3224 ἓοξὲξιίιξ,ι(ῐ>5ῒξῗξΐε’
1243 3110 1455 3146 answer
1473 3099 1530 3145 to
1548 3097 1646 3159 Ep.
1665 3109 1783 3156 207.
1832 3094 2021 3145 Aldus'
2040 3098 2168 3144 note
2189 3110 2260 3144 on
2283 3093 2380 3143 the
2403 3093 2536 3143 back
2555 3095 2603 3143 is
2626 3111 2640 3143 t
2677 3095 2788 3144 ‘Ex
2810 3096 3073 3158 Bononia,

1104 3307 1652 3364 ALDOMANVTIO
1699 3308 1984 3357 ROMANO
2030 3308 2344 3356 ERASMVS
2390 3308 2446 3358 S.
2491 3308 2552 3357 Ρ.
2596 3308 2661 3355 D.

763 3446 1121 3507 Invrrasar
1186 3465 1287 3505 me
1325 3444 1428 3507 vel
1466 3445 1642 3507 vrbis
1682 3448 1815 3507 tam
1884 3446 2222 3507 celebratae
2274 3445 2712 3523 spectaculum,
2757 3446 3080 3509 inuitabat

682 3565 781 3606 res
819 3545 971 3622 ipsa,
1019 3542 1326 3603 inuitabat
1387 3542 1488 3603 vel
1537 3546 1607 3605 in
1659 3544 1882 3622 primis
1937 3544 2190 3605 animus
2251 3544 2372 3606 iste
2450 3547 2615 3615 tuus,
2682 3544 2866 3618 Alde,
2936 3548 3078 3606 tam

684 3642 941 3719 amicus,
979 3646 1110 3702 tam
1148 3641 1463 3717 candidus,
1501 3645 1574 3703 vt
1617 3642 1824 3704 isthuc
1865 3643 2244 3718 aduolarem‚
2281 3643 2338 3703 si
2377 3644 2479 3704 vel
2522 3644 2763 3705 adesset
2809 3663 2927 3705 ver
2971 3645 3080 3704 aut

685 3743 972 3803 vernaret
998 3741 1355 3800 autumnus.
1457 3739 1642 3801 Nunc
1679 3741 1927 3802 territat
1953 3762 2054 3802 me
2087 3742 2328 3802 coelum
2355 3761 2553 3820 quum
2580 3761 2823 3803 nouum
2884 3742 3083 3803 adhuc

628 3859 663 3907 5
687 3838 867 3913 mihi,
899 3841 1037 3898 tum
1070 3836 1140 3896 in
1167 3836 1514 3914 praesentia
1550 3857 1850 3916 perquam
1888 3839 2373 3915 incommodum,
2408 3841 2682 3900 maxime
2729 3839 2893 3917 quod
2928 3841 3081 3899 ante

684 3956 913 4015 paucos
939 3936 1071 3997 dies
1097 3938 1341 3997 coelum
1365 3936 1485 3996 hoc
1512 3937 1912 3998 Bononiense
1930 3936 2354 3999 valetudinem
2381 3942 2675 4013 nostram,
2705 3937 2939 4015 alioqui
2966 3955 3082 4013 per

685 4056 751 4096 se
779 4056 1021 4114 quoque
1048 4034 1391 4112 delicatam,
1423 4054 1552 4096 non
1581 4034 1750 4096 nihil
1776 4034 2080 4097 afflixerit.

766 4134 972 4195 Erunt
1014 4133 1294 4195 fortassis
1334 4132 1643 4195 nonnulla
1691 4134 1759 4193 in
1805 4133 2034 4212 quibus
2072 4154 2110 4195 a
2157 4155 2260 4195 me
2307 4133 2652 4196 dissenties.
2765 4132 3081 4211 Equidem

687 4234 803 4294 hac
843 4234 1041 4311 gratia
1086 4232 1412 4311 cupiebam
1466 4233 1679 4293 adesse
1729 4232 1830 4292 vel
1884 4232 2227 4311 praecipue.
2313 4232 2478 4294 Sunt
2525 4231 2765 4309 aliquot
2818 4231 2956 4293 loca
3016 4231 3083 4291 in

606 4350 669 4386 10
691 4331 919 4410 quibus
962 4333 1154 4393 etiam
1195 4332 1328 4411 ipse
1368 4329 1718 4405 subdubito,
1772 4331 1843 4390 in
1887 4331 2105 4408 paucis
2137 4330 2415 4411 suspicor
2453 4330 2772 4409 exemplar
2817 4350 2950 4391 non
2994 4349 3083 4391 ca-

1551 4494 1663 4543 208.
1690 4507 1769 4543 ax.
1804 4495 1877 4549 Bt
1909 4494 2135 4544 chorum
2159 4510 2197 4544 ε.

750 4628 863 4678 208.
880 4644 929 4691 9.
963 4625 1221 4690 pristina]
1245 4624 1325 4676 Cf.
1349 4624 1446 4687 Ep.
1478 4625 1586 4676 188.
1608 4639 1675 4688 53
1698 4640 1751 4674 n.
2008 4642 2088 4686 24.
2127 4626 2409 4691 Horatius]
2435 4630 2558 4676 41².
2581 4641 2695 4688 322.
