3355 5380
254 364 439 449 1501]
898 367 1005 428 'ro
1061 365 1302 426 ANNE
1356 365 1463 426 or
1513 362 1999 427 BoRsssLEN
2539 368 2655 422 343

245 523 380 601 Ego
417 543 566 584 vero
601 541 959 600 quanquam
1001 541 1112 599 pro
1154 520 1512 581 incredibili
1550 540 1693 581 mea
1729 519 1796 580 in
1838 524 1900 581 te
1937 519 2243 581 charitate
2283 518 2381 579 vel
2423 517 2656 596 pietate

242 620 456 698 potius
480 619 773 696 (salutem
799 618 1093 680 enim'illi
1122 638 1378 680 omnem
1407 618 1618 694 debeo,
1640 618 1819 679 cuius
1838 617 2134 679 beneficio
2156 616 2318 677 mihi
2347 617 2657 696 contingit
2682 635 2744 684 30

244 719 312 780 in
354 717 559 778 literis
597 716 827 792 viuere,
865 717 1004 778 sine
1043 716 1273 794 quibus
1316 736 1399 778 119
1439 717 1656 778 viuere
1697 716 1951 795 quidem
1988 715 2251 794 possim)
2290 735 2473 777 casus
2512 719 2657 777 tuos

236 816 460 879 acerbe
506 815 767 877 omnino
816 815 964 891 fero,
1010 819 1223 877 tamen
1267 816 1387 877 hoc
1433 836 1534 876 me
1583 835 1716 877 non
1757 814 2153 876 mediocriter
2192 819 2441 892 recreat,
2487 814 2656 894 quod

242 913 606 978 istiusmodi
646 914 946 992 procellae
990 933 1442 993 nonnunquam
1489 933 1528 975 a
1573 913 1816 992 superis
1864 912 2156 991 propitiis
2198 912 2652 988 immittuntur,

243 1034 375 1076 non
402 1016 476 1074 vt
502 1013 785 1084 obruant,
818 1013 926 1073 sed
955 1017 1026 1073 vt
1053 1013 1281 1074 virtuti
1319 1015 1594 1091 segetem
1630 1012 1946 1089 quandam
1984 1014 2049 1072 et
2083 1010 2415 1072 materiam
2445 1031 2659 1090 suppe-

241 1112 465 1187 ditent,
498 1131 620 1190 quo
661 1110 951 1171 videlicet
992 1111 1196 1188 magis
1238 1110 1563 1189 magisque
1605 1110 2017 1187 splendescat.
2108 1109 2211 1170 Sic
2254 1109 2551 1171 Herculis
2591 1113 2657 1170 et
2684 1129 2745 1179 35

244 1212 497 1271 Aeneae
522 1209 893 1287 Vlyssisque
918 1209 1126 1270 virtus
1151 1209 1430 1283 effulsit;
1468 1209 1557 1270 sic
1587 1210 1704 1270 Iob
1729 1208 1992 1287 probata
2019 1209 2369 1270 tolerantia.

331 1308 477 1370 Non
514 1306 710 1386 igitur
736 1311 988 1369 tantum
1025 1307 1202 1386 capio
1238 1307 1520 1369 dolorem
1554 1307 1722 1387 quod
1760 1307 1881 1368 ista
1913 1306 2312 1382 obiiciuntur‚
2348 1311 2659 1385 quantum

248 1405 592 1484 voluptatis
617 1405 781 1484 quod
810 1406 1048 1467 obiecta
1074 1407 1165 1467 sic
1193 1406 1391 1468 feras:
1433 1407 1561 1467 fers
1588 1410 1818 1481 autem,
1851 1405 1915 1466 id
1943 1406 2113 1483 quod
2142 1426 2257 1483 ego
2297 1425 2424 1466 11011
2463 1405 2659 1467 9911191

244 1525 393 1566 sum
426 1503 789 1578 admiratus,
821 1504 976 1566 adeo
1013 1523 1142 1566 non
1171 1504 1376 1565 dicam
1406 1504 1763 1578 toleranter,
1798 1501 1905 1563 sed
1944 1503 2205 1565 omnino
2242 1503 2549 1580 alacriter,
2588 1508 2660 1566 vt

243 1623 365 1681 ego
396 1621 505 1663 me
530 1602 662 1663 iam
694 1605 806 1663 tuo
842 1602 1129 1679 exemplo
1157 1601 1384 1678 (dicam
1419 1602 1596 1663 enim
1632 1600 2029 1679 simpliciter)
2057 1602 2424 1663 confirmem
2453 1603 2658 1681 magis
2682 1621 2750 1672 40

244 1720 441 1779 quam
466 1700 597 1761 vllo
621 1702 929 1775 veterum,
959 1700 1150 1761 homo
1183 1720 1341 1778 pene
1367 1699 1447 1761 ad
1474 1700 1822 1761 infortunia
1859 1702 2047 1760 natus
2071 1721 2085 1772 3
2126 1699 2357 1779 quippe
2384 1701 2493 1779 0111
2530 1700 2660 1761 1991

241 1819 491 1861 annum
511 1798 786 1860 solidum
811 1798 1094 1859 aduersis
1115 1798 1341 1866 ventis,
1366 1799 1629 1860 aduerso
1655 1797 1941 1874 flumine,
1972 1797 2133 1859 irato
2159 1799 2327 1859 90910
2348 1798 2656 1876 991113991.

248 1897 355 1958 Fit
391 1895 587 1957 etiam
615 1896 822 1958 nescio
849 1915 976 1973 quo
1014 1897 1199 1956 modo
1233 1898 1406 1974 (nam
1434 1917 1546 1957 cur
1573 1915 1701 1957 non
1734 1895 1998 1957 audeam
2042 1896 2161 1956 tibi
2199 1895 2384 1957 fateri
2400 1896 2456 1971 ?)
2490 1900 2562 1957 vt
2600 1899 2662 1958 te

248 1995 367 2056 hoc
417 2013 664 2072 quoque
712 1994 969 2055 nomine
1025 1994 1399 2072 peculiarius
1439 1995 1720 2073 diligam,
1766 1993 1933 2072 quod
1976 1994 2437 2057 Rhamnusiam
2483 1994 2659 2057 illam

247 2113 440 2171 quam
483 2112 595 2171 ego
637 2111 882 2169 semper
922 2091 1387 2170 iniquissimam
1427 2092 1566 2168 tuli,
1614 2113 1696 2154 119
1737 2091 1856 2153 11111
1900 2093 2154 2172 quidem
2203 2094 2359 2155 satis
2402 2113 2660 2173 aequam
2682 2115 2747 2165 ⁴5

243 2211 386 2253 9999
416 2190 617 2266 video,
650 2192 723 2252 vt
749 2188 918 2251 inter
945 2190 1239 2252 mortales
1277 2194 1343 2254 et
1369 2192 1682 2253 malorum
1715 2193 1978 2253 societas
2010 2192 2343 2270 aliquoties
2375 2191 2665 2253 conciliat

246 2289 772 2350 beneuolentiam.
879 2288 1254 2368 Quanquam
1304 2289 1457 2367 quid
1514 2290 1630 2351 hoc
1677 2289 1888 2350 simile
1902 2292 1936 2351 Ῥ
2034 2289 2199 2351 Nam
2249 2293 2359 2351 tua
2408 2289 2661 2368 quidem

244 2387 528 2466 dignitas
568 2386 696 2448 iam
735 2406 925 2465 prope
965 2391 1143 2448 extra
1183 2389 1471 2449 fortunae
1513 2390 1611 2449 est
1645 2387 1847 2449 aleam
1891 2390 1954 2448 et
1992 2391 2054 2448 te
2085 2388 2340 2466 quidem
2379 2407 2665 2449 nonnun-

246 2506 445 2564 quam
472 2485 768 2561 vellicat3
810 2489 877 2547 at
904 2486 971 2546 in
1007 2505 1111 2547 me
1138 2486 1229 2547 sic
1268 2489 1628 2548 constanter
1664 2485 2094 2562 debacchatur,
2125 2486 2363 2548 99111991
2389 2486 2509 2547 1109
2537 2506 2662 2549 vno

243 2585 346 2646 9111
376 2584 728 2661 dissimilis,
757 2588 830 2646 vt
855 2584 1053 2661 possit
1079 2584 1149 2645 in
1177 2584 1390 2646 literas
1419 2604 1590 2646 meas
1615 2586 1968 2646 coniurasse
1993 2584 2213 2647 videri.
2686 2606 2752 2658 50

328 2683 657 2747 Succurrit
680 2684 797 2746 has
824 2683 1042 2746 literas
1068 2684 1350 2746 exaranti
1377 2684 1500 2761 (cui
1534 2685 1711 2746 enim
1737 2684 1951 2762 potius
1988 2683 2418 2745 infelicitatem
2452 2704 2662 2746 meam

239 2783 530 2862 aperiam
556 2803 746 2862 quam
766 2803 925 2861 quae
942 2783 1076 2844 sola
1094 2787 1161 2845 et
1181 2784 1381 2861 possit
1398 2787 1463 2845 et
1481 2783 1636 2845 velit
1659 2782 2361 2858 mederi?)-succurrit,
2381 2783 2659 2860 inquam,

242 2882 426 2944 hunc
460 2882 668 2960 ipsum
705 2883 906 2943 solem
940 2882 1070 2943 iam
1107 2882 1609 2943 anniuersarium
1646 2880 1945 2956 illuxisse,
1988 2881 2151 2960 quod
2188 2880 2257 2941 in
2294 2879 2664 2942 Britannico

241 2981 471 3042 littore
528 2981 858 3059 pecuniola
918 3001 1072 3057 mea,
1132 2980 1483 3043 studiorum
1539 2999 1823 3041 meorum
1884 2979 2202 3053 alimonia,
2264 2979 2663 3058 naufragium

238 3079 442 3151 fecit;
482 3096 521 3138 a
553 3098 676 3156 quo
712 3079 969 3157 quidem
1006 3079 1124 3154 die,
1160 3082 1232 3141 vt
1257 3078 1538 3154 memini,
1571 3081 1936 3157 perpetuam
1975 3079 2287 3139 malorum
2331 3078 2662 3140 cathenam
2690 3099 2751 3149 55

238 3175 654 3238 trahentibus
699 3175 974 3238 inuicem
1013 3177 1187 3238 ansis
1241 3177 1311 3238 in
1358 3177 1522 3238 hanc
1570 3196 1767 3254 vsque
1814 3177 2019 3237 lucem
2061 3177 2315 3238 fortuna
2361 3176 2659 3255 porrexit,

238 3274 514 3336 Etenim
559 3273 941 3353 simulatque
996 3275 1240 3337 nudum
1287 3295 1389 3337 me
1439 3274 1812 3338 Britannica
1866 3274 2217 3353 Charybdis
2269 3275 2407 3337 orbi
2448 3277 2668 3337 nostro

237 3372 686 3447 reuomuisset,
727 3392 914 3435 saeua
952 3376 1294 3452 tempestas
1329 3377 1518 3453 atque
1558 3373 1640 3436 ob
1674 3394 1813 3436 eam
1852 3374 1973 3435 iter
2007 3374 2197 3451 longe
2234 3373 2663 3449 durissimum,

236 3471 480 3533 deinde
531 3470 600 3532 in
649 3470 897 3550 iugulos
943 3474 1189 3533 nostros
1245 3476 1460 3534 acutae
1506 3473 1831 3535 latronum
1876 3473 2041 3533 sicae
2086 3476 2475 3550 exceperunt,
2525 3476 2667 3534 tum

235 3569 458 3645 febris,
492 3571 713 3647 postea
748 3570 967 3647 pestis,
995 3590 1152 3649 quae
1184 3575 1398 3632 tamen
1424 3571 1665 3651 fugauit
1692 3573 1963 3647 tantum,
1996 3590 2123 3633 non
2156 3571 2409 3634 affiauit.
2485 3571 2669 3633 Adde
2690 3576 2758 3626 60

233 3667 343 3729 his
385 3668 776 3730 domesticas
813 3688 1005 3743 curas,
1052 3689 1208 3747 quas
1251 3689 1378 3731 non
1421 3690 1646 3749 parum
1697 3669 1932 3733 multas
1980 3671 2259 3749 quotidie
2307 3671 2666 3732 mortalium

234 3766 376 3827 vita
435 3763 697 3845 paritet.
799 3767 919 3827 Sed
980 3767 1214 3845 partim
1267 3768 1478 3847 pudet,
1538 3769 1627 3831 ita
1680 3790 1784 3830 me
1846 3768 2003 3830 deus
2057 3772 2243 3843 amet,
2303 3789 2405 3831 me
2459 3769 2668 3831 virum

233 3867 578 3944 vtcunque
623 3862 950 3925 literarum
999 3865 1308 3943 praesidio
1357 3866 1676 3929 munitum
1724 3887 1796 3928 ac
1844 3865 2280 3945 philosophiae
2326 3866 2672 3946 praeceptis

232 3968 576 4026 armatum
630 3962 843 4025 animo
896 3965 1296 4042 consternari,
1349 3987 1493 4026 cum
1546 3969 1636 4043 tu,
1684 3986 1875 4045 quam
1930 3970 1994 4027 et
2051 3970 2278 4028 natura
2328 3966 2669 4029 foeminam

233 4062 451 4139 finxit,
520 4080 713 4140 quam
764 4061 1054 4123 fortunae
1113 4062 1511 4142 indulgentia
1571 4083 1824 4125 summo
1884 4064 2021 4126 loco
2082 4063 2316 4142 genuit,
2375 4064 2671 4126 maximis
2695 4063 2758 4127 ⁶5

233 4160 498 4223 deliciis
529 4159 838 4235 educauit,
868 4160 1163 4222 nonnihil
1199 4161 1394 4223 habes
1419 4162 1586 4240 quod
1623 4162 1804 4239 feras,
1839 4165 1901 4223 91
1939 4162 2102 4224 feras
2133 4165 2269 4223 tam
2296 4181 2426 4223 non
2458 4160 2674 4222 mulie-

234 4258 489 4322 briter:
551 4257 786 4335 partim
828 4258 992 4335 quod
1036 4259 1443 4338 quantumuis
1490 4259 1560 4321 in
1601 4278 1707 4321 me
1746 4260 2071 4321 detonaret
2113 4261 2380 4336 fortuna,
2429 4258 2672 4322 nullam

233 4378 374 4420 esse
415 4373 689 4418 causam
725 4359 1062 4419 statuerem
1105 4378 1215 4420 cur
1251 4358 1462 4419 literas
1500 4358 1783 4420 deseram
1830 4357 2165 4437 animoque
2211 4359 2477 4437 frangar,
2518 4357 2670 4417 dum

407 4520 503 4569 3ο.
543 4503 775 4565 contigit
796 4506 859 4553 N.
1187 4520 1270 4567 33.
1304 4510 1377 4554 P:
1414 4507 1777 4556 remittuntur
1798 4511 1856 4557 Ε.
2190 4507 2271 4567 36.
2311 4506 2430 4554 Iobi
2460 4508 2522 4553 H.

606 4584 688 4631 44.
725 4573 804 4621 11:
840 4569 1177 4621 Rhamnusia
1201 4572 1298 4621 illa
1319 4574 1380 4621 E.
1715 4574 1797 4634 63.
1831 4575 2109 4634 vtcunque
2134 4575 2247 4621 add.
2275 4576 2330 4621 F.

701 4663 828 4671 —-—

1150 4695 1231 4743 59.
1265 4680 1429 4746 sicae]
1455 4681 1530 4730 cf.
1557 4681 1652 4745 Ep.
1684 4697 1794 4745 119.
