3355 5380
291 375 396 434 15¹
412 353 477 438 1]
2565 353 2682 415 457

416 514 571 578 220.
659 509 864 577 Fnou
908 510 1228 575 Annnrw
1273 509 1661 576 Ammxms
1707 526 1792 575 ‘ro
1841 510 2189 577 W1LL1AM
2237 511 2544 592 Bnotmr,

1167 613 1360 678 Lonn
1405 612 1799 680 Moumor.

352 701 597 773 Farrago
622 720 676 773 p.
712 715 828 771 179.
2169 694 2495 772 (Leimon.)

352 790 416 847 F.
441 808 494 862 p.
526 791 661 860 318.
700 787 841 844 HN·
878 787 1060 844 Lond.
1084 787 1183 844 vii.
1205 789 1276 845 6:
1316 787 1428 843 LB.
1452 787 1597 860 App.
1625 789 1752 859 465.
2051 787 2137 859 (c.
2166 791 2231 846 18
2256 787 2391 858 May
2417 787 2608 861 15¹¹·>

350 918 648 983 [Ptobably
676 917 774 967 the
807 916 1008 968 second
1040 916 1268 981 pressae,
1318 917 1502 968 which
1547 932 1661 967 was
1704 919 1828 968 s'ent
1860 918 2001 969 with
2036 918 2134 982 Ep.
2172 932 2266 968 nm
2307 918 2367 981 (1.
2401 917 2482 982 a).
2567 917 2683 969 The

284 984 560 1047 emphasis
592 983 704 1033 laid
738 997 810 1032 on
843 983 1182 1033 Ammonius·
1203 981 1476 1046 gratitudo
1511 985 1566 1032 to
1599 996 1769 1061 many
1790 985 2105 1046 patron-in
2044 981 2391 1047 inEngland
2422 999 2594 1033 seems
2624 987 2683 1035 to

283 1049 482 1099 denote
525 1063 598 1099 an
639 1048 948 1098 endeavour
997 1051 1053 1098 to
1107 1047 1323 1112 comply
1362 1049 1501 1097 wlth
1547 1046 1876 1112 Mountjoy‘s
1930 1049 2133 1101 wishes
2185 1064 2245 1100 as
2287 1048 2574 1114 expressed
2621 1049 2681 1099 in

285 1116 384 1179 Bp.
409 1116 522 1166 axa.
548 1129 581 1163 ε
602 1114 739 1179 seq.]

281 1255 606 1304 ANDREAS
637 1254 1009 1305 AMMONIVS
1038 1254 1363 1304 chssnsts
1394 1257 1455 1303 G.
1477 1255 1778 1305 MONIOIO
1802 1255 1972 1306 VIRO
2006 1256 2422 1306 anRlssmo
2453 1256 2501 1305 S.
2526 1255 2586 1304 Ρ.
2613 1256 2679 1304 D.

362 1387 620 1449 Supra
643 1387 873 1464 optimi,
899 1386 1238 1449 clarissime
1259 1385 1550 1463 Monioie‚
1573 1386 1681 1448 vbi
1707 1387 1974 1465 gratiam
1999 1387 2228 1450 referre
2249 1406 2377 1450 non
2404 1405 2672 1467 possem,
2728 1377 2737 1386 ’

279 1485 505 1547 saltem
533 1504 663 1548 non
694 1484 929 1564 ingrati
966 1484 1164 1547 animi
1200 1487 1266 1549 et
1303 1504 1439 1547 esse
1474 1489 1540 1550 et
1573 1485 1807 1547 haberi.
1897 1486 2101 1562 Quare
2142 1489 2281 1549 tum
2307 1505 2345 1547 a
2371 1487 2450 1563 te,
2481 1485 2677 1548 altero

278 1584 648 1660 mecoenate,
695 1587 836 1647 tum
877 1604 916 1647 a
956 1583 1177 1647 multis
1216 1583 1359 1646 aliis
1397 1584 1868 1663 benignissimis
1913 1586 2242 1648 literarum
2288 1584 2570 1664 patronis
2608 1584 2678 1645 in

276 1683 394 1745 hac
420 1684 630 1744 vestra
654 1682 1004 1758 Britannia,
1035 1701 1191 1761 quae
1228 1684 1324 1744 tot
1359 1701 1561 1744 annos
1599 1701 1704 1744 me
1740 1683 1902 1745 fouit
1928 1689 2001 1746 vt
2036 1683 2166 1746 iam
2201 1687 2266 1745 et
2302 1703 2513 1747 meam
2548 1701 2678 1747 non

277 1781 510 1843 iniuria
534 1781 851 1859 appellare
879 1799 1060 1858 posse
1086 1780 1315 1856 videar,
1348 1780 1525 1842 nullo
1551 1800 1681 1843 non
1707 1800 1933 1860 genere
1957 1782 2370 1845 humanitatis
2395 1783 2671 1857 affectus,
2705 1807 2734 1856 5

277 1900 475 1959 quum
514 1882 858 1958 paupertas,
895 1898 1052 1957 quae
1087 1879 1182 1956 (vt
1218 1879 1329 1940 ille
1366 1879 1478 1957 ait)
1504 1880 1832 1961 ἀγνώμονας
1867 1880 2120 1945 πολλοὺς
2154 1884 2316 1956 ποιεῖ,
2348 1880 2484 1943 vias
2522 1880 2679 1944 alias

276 1978 672 2056 persoluendi
709 1977 977 2056 gratiam
1013 1977 1173 2039 mihi
1211 1978 1654 2057 praecluderet,
1688 1999 1878 2058 quam
1917 1979 2098 2058 potui
2137 1999 2280 2042 sum
2319 1979 2675 2058 ingressus,
2659 2004 2675 2019 ·

276 2076 530 2138 laudare
556 2076 730 2154 coepi
755 2075 979 2153 quibus
999 2096 1102 2137 me
1129 2076 1476 2155 plurimum
1504 2076 1726 2139 debere
1752 2077 2115 2141 arbitrabar.
2192 2077 2370 2155 Quod
2399 2077 2674 2139 officium

279 2173 533 2238 Plinius
572 2173 778 2236 iunior
814 2175 905 2236 ita
941 2177 1194 2253 gratum
1229 2174 1385 2236 olim
1421 2174 1617 2237 fuisse
1650 2175 1759 2251 ait,
1793 2181 1866 2238 vt
1903 2176 2012 2255 qui
2039 2175 2434 2256 singulorum
2460 2176 2677 2239 laudes

277 2273 381 2334 vel
421 2273 675 2335 vrbium
711 2271 1104 2352 scripserant,
1137 2272 1483 2336 honoribus
1523 2277 1633 2337 aut
1672 2275 1955 2353 pecuniis
1990 2274 2187 2337 moris
2226 2277 2391 2337 esset
2431 2295 2670 2338 ornare.
2706 2297 2766 2334 ιο

278 2371 598 2451 Siquidem
626 2371 913 2434 cherilus
940 2371 1018 2431 ab
1044 2370 1405 2433 Alexandro

1040 2503 1298 2565 incultis
1325 2523 1435 2581 pro
1463 2504 1749 2566 versibus
1777 2508 1840 2566 et
1866 2505 2032 2567 male
2061 2502 2228 2567 natis

679 2601 953 2664 Rettulit
979 2605 1274 2681 acceptos,
1308 2602 1513 2682 regale
1540 2603 1873 2679 numisma,
1908 2603 2252 2682 Philippos.

277 2736 363 2797 Et
391 2735 462 2796 P.
497 2735 633 2797 Cor.
668 2734 874 2813 Scipio
899 2735 1236 2798 Africanus
1273 2737 1558 2800 Ennium
1598 2739 1732 2798 arte
1758 2738 2074 2816 vtcunque
2112 2736 2331 2797 rudem
2368 2734 2674 2798 intimum

278 2833 522 2909 habere,
555 2853 742 2895 suum
782 2822 1280 2912 pulcherrimum
1317 2834 1714 2914 triumphum
1753 2834 2099 2897 laureatum
2140 2833 2331 2914 sequi,
2364 2837 2427 2895 et
2454 2834 2674 2897 Corne·
2706 2858 2765 2908 ¹5

276 2932 508 2994 liorum
546 2934 959 2994 monumento
994 2930 1249 2994 demum
1283 2933 1518 3010 inferri,
1548 2953 1677 2996 non
1716 2933 1837 2994 fuit
1879 2932 2267 3012 dedignatus.
2356 2932 2478 2995 Sed
2515 2952 2676 2994 mor·

277 3030 434 3092 tales
474 3032 808 3109 praetereo.
894 3031 1063 3093 Deus
1090 3032 1231 3110 Opt.
1267 3032 1426 3093 Max.
1461 3052 1649 3111 quam
1691 3053 1806 3111 pro
1844 3030 1980 3093 suis
2016 3030 2345 3093 immensis
2377 3049 2524 3109 erga
2557 3049 2674 3091 nos

277 3128 599 3190 beneficiis
639 3147 677 3189 a
715 3126 897 3189 nobis
935 3128 1200 3207 gratiam
1242 3129 1509 3208 reposcit
1526 3132 1560 3191 ⁶?
1618 3149 1846 3209 nempe
1886 3129 2155 3191 laudem.
2243 3129 2380 3205 Qua
2418 3128 2676 3190 victima

277 3247 395 3289 nos
422 3226 542 3288 sibi
568 3227 762 3288 facere
782 3226 1004 3288 iubet?
1044 3247 1173 3289 non
1201 3228 1325 3289 alia
1360 3228 1633 3306 profecto
1670 3228 1871 3308 magis
1908 3248 2096 3307 quam
2134 3227 2334 3303 laude,
2368 3226 2672 3289 nimirum

276 3327 441 3405 quod
470 3328 620 3387 haec
647 3345 771 3387 vna
800 3328 1090 3387 nostrum
1120 3347 1354 3388 munus
1380 3330 1492 3403 est,
1528 3331 1769 3389 caetera
1794 3331 2008 3388 autem
2035 3325 2212 3388 illius
2237 3329 2404 3389 sunt.
2700 3344 2763 3380 20

356 3424 541 3486 Hanc
581 3443 729 3502 ergo
768 3424 902 3503 ipse
942 3424 1206 3503 gratiam
1247 3445 1421 3486 meae
1460 3426 1664 3486 altrici
1702 3425 2086 3500 Britanniae,
2125 3424 2291 3485 hanc
2330 3423 2465 3500 tibi,
2508 3425 2672 3487 hanc

273 3521 417 3584 aliis
457 3522 614 3585 meis
654 3522 934 3601 patronis
971 3522 1199 3584 habere
1240 3544 1383 3585 sum
1424 3525 1696 3585 conatus.
1785 3525 2011 3585 Vestra
2050 3523 2231 3599 bona,
2274 3524 2513 3585 vestras
2551 3522 2673 3583 vir-

274 3622 460 3695 tutcS,
515 3641 644 3683 non
701 3620 852 3681 satis
898 3620 1007 3682 sed
1056 3622 1220 3699 quod
1275 3622 1467 3700 potui,
1519 3621 1786 3684 laudaui.
1877 3621 2055 3698 Quod
2111 3621 2166 3682 si
2219 3620 2671 3699 pulcherrimae

274 3717 572 3778 materiae
598 3738 821 3795 parum
849 3718 1081 3780 decoris
1112 3719 1339 3796 addidi,
1373 3720 1496 3783 scis
1521 3721 1699 3797 illud,
1723 3721 1804 3781 In
1834 3720 2082 3798 magnis
2109 3723 2173 3780 et
2198 3718 2471 3781 voluisse
2499 3719 2669 3782 satis.

274 3816 443 3878 Istas
483 3836 630 3876 vero
673 3836 843 3877 meas
891 3817 1345 3896 qualescunque
1387 3819 1658 3897 ineptias
1706 3819 1844 3880 ideo
1889 3819 2007 3880 tibi
2049 3818 2426 3880 nominatim
2471 3818 2671 3879 dicare
2699 3836 2758 3884 25

273 3916 489 3991 audeo,
525 3915 690 3995 quod
725 3918 789 3976 te
828 3914 1154 3976 hominem
1194 3916 1461 3978 minime
1500 3917 1894 3979 fastidiosum
1937 3938 2070 3979 esse
2104 3916 2275 3993 noui,
2307 3919 2372 3978 et
2410 3935 2522 3994 pro
2559 3918 2670 3976 tuo

274 4014 387 4077 illo
429 4013 694 4075 mirifico
731 4015 998 4074 candore
1032 4032 1204 4075 meas
1237 4034 1438 4094 nugas
1474 4035 1601 4076 non
1643 4015 1904 4077 omnino
1942 4014 2102 4076 nihil
2145 4015 2501 4077 existimare
2540 4032 2672 4094 per·

274 4115 465 4192 spexi.
554 4113 829 4175 Proinde
877 4111 1165 4192 quiequid
1214 4113 1331 4175 hoc
1376 4116 1489 4189 est,
1540 4133 1613 4175 ea
1655 4114 1849 4176 velim
1896 4113 2227 4189 hilaritate,
2278 4134 2398 4193 qua
2442 4112 2670 4174 rustica

273 4214 339 4272 et
385 4212 539 4274 vilia
589 4211 964 4274 munuscula
1018 4211 1193 4288 soles,
1253 4211 1556 4290 accipias;
1618 4215 1683 4274 et
1739 4213 1903 4291 quod
1960 4213 2129 4290 facis,
2185 4233 2314 4274 non
2369 4230 2504 4272 rem
2558 4210 2667 4271 sed

276 4309 563 4371 animum
591 4310 910 4372 offerentis
935 4310 1267 4388 expendas.
1351 4309 1523 4371 Vale.
2692 4326 2757 4376 30

341 4485 389 4519 ο.
424 4473 480 4521 et
500 4485 614 4521 esse
634 4476 714 4523 13:
744 4489 859 4524 esse
880 4478 943 4524 N.
1075 4490 1154 4525 20.
1192 4475 1344 4524 illius
1363 4478 1412 4525 1·
1426 4491 1440 4523 ι
1473 4488 1570 4524 sua
1593 4479 1649 4524 Ε.
1765 4490 1847 4523 22.
1881 4474 2077 4525 habere
2100 4478 2177 4524 E:
2211 4474 2407 4525 referre
2429 4478 2476 4525 F
2492 4477 2666 4536 corvio.

275 4549 358 4597 24.
393 4538 449 4586 et
470 4541 586 4586 add.
609 4542 655 4587 F
673 4543 850 4599 θυννίς.

347 4683 421 4717 ιι.
461 4667 738 4733 Cher-ilus]
762 4670 893 4720 Hor.
919 4673 1006 4731 Ep.
1032 4687 1079 4725 ε.
1108 4687 1147 4721 ι.
1173 4687 1285 4735 233,
1313 4689 1359 4732 4.
1587 4686 1666 4733 2⁴·
1702 4670 1773 4722 In
1798 4674 2036 4739 magnis]
2061 4673 2217 4738 Prop.
2245 4689 2290 4723 α.
2322 4687 2397 4724 ιο.
2420 4676 2469 4726 6.

377 4769 535 4801 aaaaa
1415 4774 1464 4817 n
1491 4754 1536 4816 h
