3355 5380
738 407 813 461 36
1437 402 1815 463 LETTERS
1871 400 1980 463 OF·
2035 400 2435 463 ERASMUS
2861 397 3140 482 [1523-4

733 560 1031 637 debuerit,
1083 566 1295 623 tamen
1343 561 1751 639 Euangelieos
1799 560 2114 638 quosdam,
2175 563 2248 619 vt
2299 559 2505 620 vocari
2557 558 2845 637 gaudent,
2893 563 3145 638 praeter

734 657 1061 737 Euangelii
1108 660 1460 722 doctrinam
1507 679 1665 736 pene
1714 659 1924 736 adegit
1966 658 2036 717 in
2082 657 2333 732 rabiem,
2384 656 2562 735 quasi
2607 656 2924 734 piaculum
2971 664 3142 720 esset

732 756 1111 831 lapidatione
1135 758 1388 836 publica
1414 758 1674 834 dignum
1704 776 1847 817 cum
1879 758 2106 816 Lutero
2133 755 2236 817 vel
2265 755 2544 816 discendi
2570 755 2770 833 gratia
2794 755 3132 833 disputare.

735 853 916 915 Nunc
944 856 1164 918 amicis
1196 858 1329 918 eius
1358 857 1603 919 consilii
1638 855 2013 933 mysterium
2048 854 2341 932 aperiam,
2371 857 2436 913 et
2462 853 2580 915 tibi
2608 853 3009 931 nominatim,
3044 858 3139 918 mi

672 967 703 1019 ⁵
735 953 1045 1025 Botzeme‚
1077 956 1185 1032 qui
1221 976 1323 1016 me
1359 955 1581 1016 tetrico
1607 956 1791 1016 vultu
1819 952 2206 1030 minimeque
2233 955 2342 1012 tuo
2372 952 2734 1030 castigabas,
2767 953 2932 1031 quod
2969 955 3040 1015 in
3068 976 3138 1018 re

733 1052 895 1111 seria
946 1051 1192 1113 viderer
1244 1054 1472 1114 ludere.
1556 1053 1690 1129 Ego
1743 1051 1855 1113 vix
1907 1051 2025 1112 vlli
2081 1049 2488 1111 concesserim
2544 1053 2617 1111 vt
2669 1051 2871 1129 magis
2923 1053 3138 1114 faueat

733 1149 1076 1228 Euangelio
1132 1171 1319 1229 quam
1377 1151 1591 1226 faue03
1660 1153 1973 1211 caeterum
2029 1149 2147 1209 hoc
2202 1148 2528 1225 negotium
2582 1169 2655 1209 ea
2707 1150 3140 1212 moderatione

731 1247 984 1308 tractari
1040 1248 1379 1325 cupiebam,
1439 1250 1507 1307 vt
1561 1248 1794 1326 absque
1849 1246 2155 1308 seditione
2205 1245 2379 1307 fieret
2440 1246 2724 1306 omnium
2780 1268 3131 1310 commune.

732 1345 1007 1407 Proinde
1043 1346 1272 1424 scripto
1308 1346 1556 1425 publico
1596 1366 1774 1425 spem
1810 1346 1927 1407 feci
1964 1345 2154 1406 huius
2188 1345 2558 1421 argumenti,
2589 1349 2846 1423 captans
2872 1346 2936 1407 id
2965 1348 3137 1424 quod

646 1456 707 1497 10
735 1443 1041 1520 optabam,
1086 1447 1159 1505 vt
1205 1446 1465 1522 vtraque
1507 1465 1651 1522 pars
1690 1463 1900 1506 amore
1943 1442 2301 1504 concordiae
2343 1443 2698 1504 hortaretur
2734 1464 2838 1505 me
2878 1445 2957 1506 ad
2995 1465 3138 1522 pro·

730 1543 911 1603 missi
940 1543 1282 1603 voluminis
1322 1544 1739 1617 aeditionem;
1777 1545 1843 1603 et
1882 1541 1999 1602 hac
2037 1541 2114 1601 de
2141 1560 2208 1600 re
2248 1540 2546 1600 nonnihil
2586 1544 2799 1601 actum
2836 1545 2930 1602 est
2961 1542 3132 1620 apud

732 1640 1072 1700 Caesarem.
1162 1641 1282 1701 Sed
1312 1644 1384 1702 vt
1409 1641 1830 1703 animaduerti
1857 1642 2146 1700 neutram
2168 1641 2413 1716 partem
2440 1638 2518 1699 de
2544 1657 2612 1698 se
2635 1640 2925 1717 praebere
2952 1660 3136 1719 spem

731 1739 1147 1814 componendi
1189 1738 1448 1813 dissidii,
1484 1740 1661 1801 nolui
1702 1740 1938 1799 frustra
1980 1757 2222 1797 sumere
2266 1755 2538 1813 operam,
2566 1737 2858 1815 vtrinque
2895 1739 3137 1799 malam

732 1835 997 1911 gratiam
1047 1836 1320 1898 initurus
1366 1857 1504 1897 mea
1551 1838 1897 1899 sedulitate.
1988 1834 2159 1895 Haec
2200 1836 2337 1894 erat
2375 1832 2488 1894 illa
2527 1832 2756 1896 techna
2795 1855 2952 1909 mea,
2999 1855 3136 1897 non

648 1948 707 1998 15
733 1933 985 1995 aliunde
1040 1935 1309 2011 profecta
1365 1956 1552 2013 quam
1606 1936 1689 1996 ab
1733 1935 1946 1995 animo
1992 1931 2396 1994 dissidiorum
2452 1952 2644 2006 osore,
2699 1934 2868 2010 pacis
2921 1933 3130 1995 auido.

734 2031 793 2091 Ν
796 2050 916 2090 unc
956 2052 1172 2109 precor
1210 2037 1282 2094 vt
1320 2034 1615 2094 dominus
1656 2033 1853 2106 Iesus,
1898 2031 2006 2109 qui
2048 2031 2220 2091 solus
2259 2033 2481 2106 potest,
2527 2030 2642 2091 has
2683 2051 2890 2092 rerum
2933 2031 3138 2092 vndas

729 2132 795 2190 et
820 2130 985 2193 hanc
1012 2132 1304 2193 ecclesiae
1331 2135 1768 2210 tempestatem
1799 2133 1974 2192 iussu
2002 2148 2114 2189 suo
2143 2127 2529 2205 tranquillet.

812 2230 1107 2307 Aggressi
1143 2249 1362 2289 sumus
1395 2232 1461 2290 et
1497 2230 1711 2291 omnia
1747 2228 1880 2289 diui
1920 2226 2163 2287 Aurelii
2205 2225 2551 2303 Augustini
2587 2246 2772 2305 opera
2804 2247 2838 2288 e
2864 2226 3137 2287 vetustis

731 2328 1191 2406 exemplaribus
1242 2328 1573 2389 emendata
1616 2326 1872 2388 scholiis
1912 2324 2169 2386 adiectis
2210 2324 2441 2400 aedere,
2488 2325 2722 2386 notatis
2760 2344 2831 2386 ac
2870 2324 3137 2386 semotis

641 2439 706 2479 ²0
731 2445 888 2503 quae
933 2425 1032 2486 illi
1075 2426 1232 2487 falso
1274 2424 1741 2499 inscribuntur;
1781 2443 2030 2485 summa
2078 2422 2387 2483 librorum
2438 2422 2726 2483 omnium
2773 2422 2843 2483 in
2886 2426 3133 2501 septem

729 2526 940 2600 partes
989 2544 1097 2584 seu
1141 2527 1347 2584 tomos
1388 2523 1743 2584 distributa.
1824 2522 2084 2583 Primus
2126 2519 2494 2597 designatus
2544 2524 2678 2581 erat
2731 2540 3134 2599 progymnas-

729 2620 937 2696 matis,
976 2621 1096 2682 hoc
1135 2623 1232 2681 est
1257 2640 1414 2699 quae
1453 2620 1705 2700 scripsit
1746 2619 2225 2681 catechumenus
2265 2622 2376 2678 aut
2415 2618 2659 2679 circiter
2698 2618 2763 2679 id
2804 2619 3127 2698 temporis.

730 2718 1050 2780 Secundus
1090 2720 1387 2799 epistolis,
1426 2740 1692 2798 quarum
1733 2718 1972 2797 aliquot
2013 2717 2263 2794 scripsit
2302 2717 2568 2780 iuuenis.
2654 2718 2901 2780 Tertius
2945 2720 3135 2780 desti·

731 2820 919 2879 natus
955 2820 1089 2879 erat
1124 2822 1240 2882 τοῖς
1267 2819 1631 2897 θεωρητικαῖς,
1667 2818 1733 2878 id
1766 2820 1863 2878 est
1905 2814 2447 2893 contemplatiuis;
2488 2815 2664 2876 cuius
2701 2818 2941 2879 ordinis
2976 2821 3133 2878 sunt

640 2932 702 2983 25
730 2913 876 2974 libri
933 2914 1408 2978 Confessionum
1474 2920 1539 2979 et
1591 2915 2080 2992 Soliloquiorum
2147 2912 2370 2989 hisque
2437 2913 2834 2979 consimiles:
2899 2916 3133 2994 quibus

729 3012 1061 3091 adiungere
1117 3017 1250 3075 erat
1295 3014 1545 3078 animus
1593 3013 1839 3075 libellos
1886 3012 1996 3090 qui
2038 3011 2276 3072 faciunt
2317 3011 2396 3072 ad
2437 3011 2898 3075 institutionem
2937 3014 3124 3078 vitae.

732 3109 1000 3184 Quartus
1047 3110 1330 3172 decretus
1382 3114 1512 3172 erat
1550 3137 1637 3172 τοι
1616 3115 1667 3174 ‘'s-
1708 3110 1918 3170 διδακτι
1899 3135 1985 3169 ικο
1985 3113 2051 3184 ἰ’,ς
2100 3108 2217 3169 hoc
2257 3111 2352 3169 est
2390 3109 2459 3168 in
2501 3110 2729 3187 quibus
2771 3113 2948 3174 docet
2990 3133 3130 3175 rem

730 3204 1175 3284 theologicam;
1242 3209 1431 3269 huius
1484 3208 1697 3269 classis
1764 3210 1912 3267 sunt
1974 3206 2122 3267 libri
2177 3206 2271 3267 De
2326 3207 2607 3268 doctrina
2660 3210 3008 3273 Christiana
3064 3217 3134 3274 et

731 3301 878 3365 libri
913 3306 1008 3365 De
1045 3305 1365 3368 Trinitate.
1455 3307 1726 3382 Quintus
1765 3304 2084 3365 habuisset
2121 3307 2194 3364 τὰ
2233 3306 2531 3382 πολεμικά,
2570 3304 2638 3366 in
2677 3307 2908 3385 quibus
2945 3307 3128 3370 belli·

640 3420 709 3474 30
731 3406 979 3481 geratur
1030 3404 1328 3464 aduersus
1380 3404 1582 3464 varias
1633 3402 2196 3463 haeresiarcharum
2252 3407 2500 3480 pestes;
2566 3425 2690 3482 quo
2746 3406 3000 3483 quidem
3055 3409 3130 3469 in

730 3521 955 3580 genere
1023 3501 1269 3579 scripsit
1333 3501 1618 3579 plurima,
1683 3501 1751 3561 in
1806 3499 2033 3578 quibus
2100 3503 2250 3561 sunt
2311 3500 2459 3561 libri
2513 3502 2608 3563 De
2664 3502 2930 3565 Ciuitate
2982 3504 3123 3567 Dei.

731 3602 958 3662 Sextus
998 3598 1379 3661 exhibuisset
1412 3600 1483 3660 τὰ
1509 3600 1905 3679 ἑξηγηματικά,
1941 3599 2169 3677 quibus
2208 3605 2453 3661 enarrat
2494 3600 2744 3661 diuinae
2785 3601 3131 3680 scripturae

731 3699 951 3762 libros.
1030 3697 1349 3775 Septimus
1389 3696 1706 3758 habuisset
1742 3700 1817 3758 τὰ
1855 3697 1993 3758 νόθα
2035 3698 2127 3757 καὶ
2167 3698 2491 3774 ἀμφίβολα,
2535 3697 2653 3757 hoc
2692 3700 2788 3759 est
2827 3698 2928 3760 vel
2970 3700 3132 3763 falso

732 3796 829 3856 illi
870 3795 1183 3873 inscripta,
1228 3796 1333 3859 vel
1374 3796 1509 3856 eius
1560 3796 1806 3874 generis
1846 3799 1919 3856 vt
1957 3794 2180 3856 merito
2222 3796 2301 3856 de
2339 3798 2553 3856 autore
2592 3795 2858 3859 dubites.
2942 3796 3128 3860 Idem

636 3909 705 3960 35
732 3893 1115 3955 indicaturus
1154 3896 1287 3954 erat
1328 3912 1486 3971 quae
1530 3897 1889 3972 temporum
1937 3892 2164 3953 iniuria
2206 3891 2676 3954 interciderunt.
2765 3895 3134 3958 Deterrebat

732 3992 975 4069 negocii
1017 3991 1400 4068 magnitudo,
1455 3992 1563 4052 sed
1612 3990 1922 4052 inuitabat
1975 3990 2209 4051 autoris
2255 3991 2500 4052 erudita
2553 3992 2766 4069 pietas,
2817 3993 3133 4057 inuitabat

732 4089 981 4167 publica
1026 4088 1275 4150 vtilitas.
1365 4089 1638 4150 Proinde
1681 4088 2067 4167 prouinciam
2111 4088 2485 4149 immensam
2527 4088 2597 4149 in
2639 4090 2851 4152 doctos
2888 4091 3135 4170 aliquot

733 4186 949 4263 partiti
999 4205 1234 4261 sumus,
1288 4185 1378 4246 sic
1423 4189 1495 4250 vt
1540 4206 1656 4247 sua
1708 4188 1928 4264 cuique
1975 4185 2178 4246 laudis
2223 4186 2425 4262 portio
2471 4192 2721 4251 maneat
2766 4189 3123 4255 incolumis.

735 4284 1006 4345 Tantum
1036 4284 1317 4344 laborum
1343 4305 1538 4363 quum
1565 4285 1760 4363 gratis
1786 4284 2211 4361 suscipiamus,
2245 4284 2536 4346 iuuandis
2571 4286 2840 4363 publicis
2875 4289 3123 4367 studiis,

636 4398 709 4447 40
733 4386 945 4443 tamen
986 4381 1225 4443 fortiter
1265 4381 1575 4443 oblatrant
1615 4382 1885 4460 quidam,
1922 4383 2029 4459 qui
2070 4381 2335 4442 mallent
2371 4400 2473 4442 me
2511 4383 2773 4445 scribere
2810 4386 2887 4446 de
2922 4386 3135 4447 indul-

735 4479 963 4558 gentiis
988 4482 1099 4542 aut
1125 4480 1203 4540 de
1229 4478 1591 4557 colligendis
1617 4479 1824 4541 caseis.

818 4578 1239 4655 Epistolarum
1307 4579 1552 4637 tantum
1607 4577 1987 4656 scripsimuS,
2050 4580 2108 4638 et
2178 4578 2362 4638 hodie
2416 4578 2762 4659 scribimus,
2823 4583 2894 4644 vt
2953 4586 3137 4646 oneri

1184 4721 1264 4758 aa.
1299 4708 1374 4763 B:
1406 4706 1824 4757 cathecumenus
1846 4724 1891 4757 a.
2111 4723 2191 4769 41.
2227 4708 2322 4757 aut
2342 4722 2405 4761 at
2440 4723 2502 4760 ac
2523 4726 2573 4775 γ.
