3355 5380
324 385 510 473 149⁶]
997 396 1105 459 '1⁸0
1160 389 1467 459 ΗΕΝΒΥ
1520 397 1630 458 or
1685 397 2036 460 BnReEN
2603 401 2718 459 168

312 552 518 625 erunt,
563 549 768 612 dicare
813 556 1055 614 certum
1096 553 1199 630 sit,
1248 554 1384 616 siue
1422 554 1589 633 quod
1642 554 1759 617 hec
1804 555 2114 617 eiusmodi
2161 554 2552 630 indicassem,
2603 574 2724 633 que
2752 574 2812 627 75

315 652 421 709 tue
467 647 844 728 benignitati
889 651 1219 729 probatum
1268 652 1352 713 iri
1402 652 1582 714 facile
1631 653 2028 715 diuinarem:
2098 653 2324 732 quippe
2378 653 2447 713 in
2494 652 2726 731 quibus

314 747 436 808 due
483 749 749 825 quedam
791 768 908 823 res,
947 768 1216 827 quarum
1254 752 1582 829 Vtriusque
1623 754 1688 812 te
1727 771 1971 830 semper
2010 752 2514 812 amantissimum
2556 750 2723 826 noui,

314 844 600 923 copulate
639 851 1052 924 cernerentur,
1083 869 1230 911 cum
1268 850 1621 911 eruditione
1657 849 1897 929 insigni
1931 849 2210 929 probitas
2244 869 2373 911 non
2408 848 2728 927 vulgaris3

313 963 584 1023 quarum
631 945 887 1024 quidem
928 948 1368 1009 coniunctione
1413 951 1486 1010 vt
1529 948 1696 1009 nihil
1741 948 1958 1010 existit
1998 947 2320 1026 pulchrius
2359 947 2729 1009 absolutius-

315 1062 453 1121 que,
495 1042 591 1104 ita
629 1044 829 1105 rarius
867 1044 1045 1107 nihil.
1132 1045 1299 1107 Nam
1339 1046 1410 1108 in
1449 1046 1765 1126 plerisque
1804 1066 2008 1107 mores
2048 1046 2304 1124 quidem
2337 1064 2726 1119 veneramur,
2753 1056 2819 1105 80

313 1144 384 1201 at
451 1141 887 1217 eruditionem,
950 1143 1091 1204 sine
1157 1165 1280 1223 qua
1347 1164 1569 1207 manca
1619 1146 1890 1223 quodam
1950 1145 2139 1206 modo
2190 1144 2399 1204 virtus
2457 1141 2724 1219 videtur,

315 1239 760 1302 desideramus.
847 1242 1079 1304 Contra
1104 1244 1234 1303 fere
1266 1243 1342 1305 fit
1366 1247 1438 1305 vt
1465 1243 1513 1303 ii
1541 1243 1771 1322 quibus
1806 1243 2051 1306 felicius
2082 1243 2415 1322 ingenium
2441 1242 2727 1320 contigit,

316 1337 527 1400 nescio
569 1359 693 1417 quo
733 1342 913 1417 pacto
951 1343 1061 1402 aut
1101 1340 1179 1401 ad
1223 1341 1419 1420 glorie
1448 1341 1636 1403 inane
1673 1342 1960 1405 studium
2006 1343 2171 1403 male
2207 1342 2396 1402 erecti
2432 1343 2584 1402 sunt
2618 1345 2730 1401 aut

313 1435 394 1496 ad
461 1435 788 1499 lasciuiam
852 1438 1030 1516 peius
1090 1439 1443 1517 procliues3
1522 1443 1803 1502 ceterum
1872 1460 1914 1501 a
1977 1438 2335 1503 Christiane
2403 1437 2732 1518 religionis

314 1534 551 1611 pietate
596 1535 1123 1615 simplicitateque
1166 1537 1521 1600 abhorrent.
1610 1538 1816 1616 Quare
1847 1535 2314 1600 recentioribus
2359 1537 2462 1598 his
2508 1536 2725 1615 poetis,
2756 1548 2819 1613 85

312 1635 506 1710 atque
549 1633 706 1696 adeo
747 1633 1135 1711 Christianis,
1185 1637 1490 1699 subirasci
1538 1656 1787 1699 mecum
1831 1637 2152 1698 interdum
2199 1635 2387 1709 soleo,
2439 1635 2607 1714 quod
2661 1635 2732 1696 in

312 1729 670 1809 deligendis
695 1731 822 1794 sibi
844 1732 1198 1813 archetypis
1222 1735 1561 1811 Catullum,
1591 1734 1936 1812 Tibullum,
1966 1735 2386 1812 Propercium‚
2413 1734 2730 1795 Nasonem

313 1849 510 1907 quam
552 1829 776 1892 diuum
814 1831 1245 1909 Ambrosium,
1292 1854 1480 1914 quam
1522 1834 1798 1896 Paulum
1840 1833 2174 1909 Nolanum,
2220 1851 2412 1911 quam
2455 1831 2732 1892 Pruden-

312 1926 504 2001 tium,
537 1946 728 2006 quam
754 1928 1120 2007 buencum,
1153 1951 1342 2010 quam
1372 1932 1605 2009 Mosen,
1636 1952 1828 2011 quam
1855 1931 2079 2008 Dauid,
2111 1951 2302 2010 quam
2330 1930 2730 1992 Salomonem

314 2026 445 2087 sibi
470 2045 813 2105 proponere
837 2028 1084 2105 malint,
1116 2033 1420 2109 tanquam
1448 2051 1576 2093 non
1604 2035 1830 2110 sponte
1857 2030 1992 2092 sint
2019 2028 2380 2092 Christiani.
2757 2050 2824 2102 90

399 2123 526 2185 Sed
574 2124 913 2202 reprimam
951 2146 1056 2188 me
1097 2146 1177 2188 ne
1218 2128 1363 2206 plus
1404 2128 1576 2205 satis,
1623 2130 1954 2206 pmsertim
1993 2127 2064 2189 in
2104 2127 2372 2189 amasios
2414 2126 2733 2204 quondam

310 2243 513 2300 meos,
556 2226 631 2284 vt
677 2223 787 2285 isti
833 2244 935 2285 me
977 2224 1372 2290 insimulant.
1459 2227 1772 2307 eqiidem
1819 2246 1967 2288 cum
2014 2245 2155 2287 meo
2195 2225 2487 2305 Gaguino
2527 2224 2735 2287 libens

308 2322 541 2397 sentio,
586 2322 701 2401 qui
739 2323 1185 2386 ecclesiasticas
1230 2346 1477 2405 quoque
1522 2326 1816 2388 materias
1860 2324 2212 2386 vernaculis
2259 2323 2485 2402 opibus
2532 2324 2736 2401 splen·

307 2420 568 2482 desem
607 2440 784 2499 posse
823 2424 1022 2500 putat,
1060 2422 1249 2484 modo
1289 2444 1445 2502 pura
1483 2423 1647 2485 adsit
1688 2422 1903 2485 oratio.
1993 2423 2206 2500 Neque
2247 2420 2736 2499 improbauerim

305 2517 703 2597 Aegyptiam
730 2519 1011 2581 adhiberi
1038 2520 1518 2599 supellectilem3
1556 2539 1779 2582 verum
1801 2522 2004 2583 totam
2024 2522 2388 2598 Aegyptum
2409 2520 2736 2581 transferri
2759 2543 2823 2595 95

307 2635 448 2677 non
507 2615 725 2695 placet.
814 2618 952 2695 Qua
997 2619 1067 2679 in
1121 2638 1188 2679 re
1242 2620 1531 2699 Baptista
1582 2618 1692 2679 ille
1739 2618 2122 2681 Mantuanus
2173 2617 2546 2697 palmariam
2592 2637 2735 2678 meo

302 2714 559 2776 iudicio
598 2736 848 2795 operam
887 2719 1165 2780 nauauit.
1251 2719 1374 2795 Qui
1414 2722 1485 2779 vt
1531 2737 1681 2779 cum
1724 2718 1978 2778 Marone
2025 2735 2428 2778 communem
2469 2717 2737 2794 patriam

299 2815 586 2876 sortitus
626 2819 740 2891 est,
785 2817 878 2878 ita
923 2818 1002 2878 ad
1051 2817 1328 2880 Maronis
1373 2816 1796 2879 eruditionem
1836 2836 1967 2878 non
2005 2834 2228 2894 parum
2268 2812 2566 2888 accessit;
2626 2813 2736 2890 qui

302 2913 485 2976 mihi
544 2934 678 2975 non
724 2916 845 2977 alio
897 2916 1034 2977 iure
1080 2913 1478 2978 Christianus
1531 2915 1709 2977 Maro
1762 2915 2014 2977 videtur
2070 2911 2482 2991 appellandus
2548 2930 2737 2989 quam

302 3033 441 3091 quo
464 3012 870 3075 Firmianum
898 3012 1297 3075 lactantium
1324 3013 1622 3092 Agricola
1646 3012 2080 3075 Christianum
2109 3010 2473 3073 Ciceronem
2499 3008 2739 3070 solebat
2769 3035 2863 3072 100

297 3111 653 3190 appellare.
742 3113 826 3174 Et
869 3112 994 3173 nisi
1032 3132 1133 3174 me
1169 3111 1336 3173 fallit
1370 3111 1722 3190 augurium,
1752 3110 1889 3186 erit,
1920 3109 2040 3172 erit
2079 3106 2415 3186 aliquando
2454 3106 2741 3185 Baptista

296 3229 422 3272 suo
483 3210 748 3272 concine
800 3210 999 3290 gloria
1062 3210 1538 3290 celebritateque
1599 3230 1730 3272 non
1797 3211 1887 3270 ita
1953 3207 2160 3269 multo
2212 3206 2484 3280 inferior,
2544 3205 2738 3267 simul

293 3310 632 3372 inuidiam
675 3309 829 3371 anni
877 3309 1274 3370 detraxerint.
1360 3307 1592 3385 Habet,
1637 3307 1827 3369 habet
1866 3304 2407 3368 fortunatissimus
2450 3303 2558 3366 isse
2599 3303 2740 3366 car-

294 3409 693 3471 melitarum
735 3408 886 3470 ordo
939 3429 1064 3488 quo
1118 3407 1242 3469 sibi
1293 3408 1551 3487 placeat,
1610 3427 1737 3485 quo
1793 3408 2051 3467 cunctos
2103 3407 2414 3483 prouocet.
2523 3401 2738 3480 Neque

290 3511 534 3570 tamen
564 3507 716 3568 huic
752 3507 881 3569 iam
919 3508 1057 3568 seni
1085 3506 1453 3569 Guielmum
1490 3504 1695 3567 adhuc
1736 3503 2194 3566 adolescentem
2231 3503 2437 3562 ausim
2473 3520 2739 3579 equare;
2770 3528 2861 3579 105

293 3625 689 3686 quanquam
728 3605 831 3666 his
868 3603 1441 3684 progymnasmatis
1477 3603 1546 3663 in
1588 3621 1907 3664 summam
1948 3620 2124 3679 spem
2165 3600 2357 3660 ducor
2394 3599 2740 3676 Steynense

289 3705 470 3768 illud
518 3723 639 3766 rus
676 3702 1017 3782 aliquando
1053 3702 1420 3765 habiturum
1462 3702 1629 3780 quod
1673 3699 1935 3761 Mantua
1972 3698 2101 3760 iam
2143 3698 2242 3759 bis
2282 3697 2433 3757 felix
2474 3697 2742 3775 nequeat

287 3808 743 3867 contemnere.
831 3801 996 3864 Nam
1045 3802 1154 3880 qui
1200 3804 1332 3863 tam
1378 3798 1643 3862 feliciter
1688 3798 1981 3860 abortum
2031 3797 2194 3872 fecit,
2242 3795 2494 3874 qualem
2539 3795 2740 3856 fetum

287 3903 611 3983 legitimo
636 3903 820 3978 partu
845 3899 1276 3978 pollicitetur?
1344 3898 1548 3960 Primi
1573 3901 1789 3977 partus
1815 3917 1967 3975 qum
2004 3895 2074 3957 in
2101 3894 2428 3957 nonnullis
2463 3893 2742 3954 animan·

283 4005 476 4065 tibus
538 4004 689 4061 tum
735 3999 806 4059 in
847 3999 1119 4078 ingeniis
1166 3999 1383 4059 inanes
1429 3997 1559 4058 fere
1603 3995 1935 4076 prouenire
1981 3994 2204 4056 solent.
2313 3993 2381 4053 Si
2428 3994 2561 4052 tam
2616 3991 2743 4053 leta
2774 4013 2865 4051 110

282 4105 457 4165 sunt
506 4097 806 4162 Guielmi
843 4097 1070 4173 inania,
1101 4118 1223 4175 que
1258 4096 1514 4158 tandem
1555 4095 1674 4157 erit
1715 4094 1826 4155 illa
1852 4096 2099 4154 matura
2138 4092 2456 4169 solidaque
2482 4090 2691 4168 fmges
2711 4092 2745 4152 ⁴?

283 4201 399 4263 Ad
447 4195 765 4261 miraculi
806 4196 1131 4257 cumulum
1171 4195 1323 4257 fauit
1360 4194 1559 4275 patrie
1598 4193 1932 4269 barbaries,
1979 4192 2412 4270 preceptorum
2455 4188 2737 4268 penuria,

282 4302 655 4376 honosque
709 4294 929 4356 nullus
985 4296 1150 4372 apud
1213 4313 1331 4356 nos
1387 4292 1619 4355 studiis
1676 4291 1952 4352 habitus.
2058 4290 2258 4366 Quare
2311 4290 2368 4350 si
2421 4288 2533 4367 qui
2578 4287 2743 4349 forte

284 4394 614 4463 mutuli
652 4393 723 4455 in
762 4393 877 4455 hec
915 4392 1272 4470 inciderint,
1314 4392 1506 4454 etiam
1547 4395 1734 4471 atque
1774 4391 1968 4451 etiam
2005 4388 2391 4466 premonitos
2439 4386 2632 4447 velim
2672 4389 2744 4446 vt

282 4494 513 4567 etatis,
542 4491 631 4552 vt
655 4487 869 4566 patrie,
895 4491 970 4550 vt
996 4507 1141 4549 cure
1167 4489 1475 4550 rationem
1501 4486 1788 4561 habeant,
1818 4504 1974 4563 eque
2002 4483 2106 4544 his
2130 4483 2435 4561 proludiis
2461 4480 2745 4542 hominis
2774 4502 2795 4538 1
2808 4501 2865 4551 15

285 4591 661 4676 ingenium
688 4606 819 4648 ιιοιι
847 4586 1207 4665 metiantur,
1239 4586 1348 4648 sed
1377 4584 1713 4648 coniiciant
1749 4583 1958 4663 potius
1995 4602 2071 4642 ex
2111 4581 2301 4642 herbe
2342 4579 2593 4641 luxuria
2627 4577 2744 4638 soli

284 4690 743 4757 fertilitatem.
831 4686 918 4747 Et
969 4685 1026 4746 si
1074 4704 1196 4763 que
1244 4682 1622 4761 neglectiore.
1664 4680 2059 4756 offenderint,
2110 4678 2335 4739 lusisse
2377 4674 2744 4739 Guielmum
