3355 5380
246 382 429 467 1489]
489 359 502 369 “
902 386 1011 448 'ro
1066 385 1550 451 CORNELIUS
1606 387 1960 448 GERARD
2534 394 2650 450 109

243 541 337 601 est
381 558 537 617 opus
578 543 649 601 vt
697 539 825 601 tibi
873 541 1296 619 persuadeam.
1383 540 1497 601 Sin
1547 540 1812 601 minime
1852 539 2078 618 legisti,
2123 544 2195 603 vt
2240 540 2518 606 lectitare
2559 544 2649 605 in-

246 637 431 716 cipias
467 641 531 698 te
565 657 696 699 non
736 639 954 699 solum
990 639 1207 701 hortor
1236 639 1342 700 sed
1373 641 1434 699 et
1462 637 1866 701 vehementer
1891 659 1999 700 oro
2026 662 2043 715 ;
2083 659 2404 720 nunquam
2429 645 2493 703 te
2519 643 2650 705 illis

249 754 497 813 operam
531 736 924 816 impendisse
960 737 1349 814 poenituerit.
1435 736 1506 797 Si
1536 734 1710 799 voles
1740 755 1846 798 eos
1873 737 2195 817 requirere,
2226 740 2322 800 fae
2349 739 2649 814 Ioannem

247 835 341 895 tui
364 835 886 897 amantissimum
915 834 1232 898 sollicites.

326 933 501 994 Haec
553 933 881 995 hactenus.
987 933 1317 995 Praeterea
1368 934 1588 996 scribis
1642 933 1898 1013 quidem
1953 936 2017 994 te
2071 953 2146 995 ex
2199 933 2404 1011 titulo,
2465 955 2649 1014 quem

244 1031 499 1092 Graecis
554 1051 983 1112 expresseram
1037 1031 1507 1107 characteribus,
1566 1031 1942 1093 coniectasse
1996 1032 2181 1093 odam
2235 1036 2517 1095 nostram
2571 1035 2649 1095 ad

245 1129 609 1191 Cornelium
644 1131 947 1210 scriptam
978 1150 1150 1207 esse3
1189 1131 1299 1192 sed
1338 1130 1635 1210 quoniam
1662 1149 1802 1191 eam
1838 1129 2086 1192 laudem
2123 1151 2246 1211 qua
2281 1131 2389 1194 ille
2419 1135 2482 1194 te
2516 1153 2650 1211 pro·

242 1229 539 1307 sequitur,
569 1229 641 1288 in
677 1232 741 1289 te
777 1229 1040 1290 minime
1079 1229 1384 1304 inuenias,
1417 1248 1558 1291 oras
1589 1232 1660 1290 vt
1697 1228 1752 1290 si
1792 1227 1956 1290 alius
1992 1230 2305 1309 quispiam
2341 1229 2426 1292 sit
2463 1251 2648 1311 quem

242 1325 404 1386 meis
430 1326 785 1387 ornauerim
813 1326 1170 1406 praeconiis,
1190 1347 1338 1388 eum
1362 1326 1483 1388 tibi
1507 1327 1870 1407 significem,
1891 1346 1972 1388 ne
1991 1327 2155 1390 tanti
2172 1328 2296 1390 viri
2320 1328 2649 1408 ingenium

241 1423 313 1483 in
338 1423 619 1487 tenebris
650 1424 892 1488 diutius
923 1426 1130 1487 lateat.
1206 1425 1327 1486 Sed
1354 1424 1651 1502 vicissim,
1685 1425 1778 1486 mi
1805 1424 2055 1488 Corneli
2080 1425 2525 1503 amantissime,
2558 1429 2647 1507 (vt

240 1520 397 1582 iocis
438 1522 574 1583 ioca
610 1523 901 1599 referam)
933 1544 1010 1585 ex
1042 1522 1257 1585 crebra
1292 1523 1418 1584 mei
1452 1522 1730 1585 nominis
1764 1523 2087 1585 iteratione
2122 1525 2471 1604 suspicatus
2503 1545 2647 1589 sum

240 1624 306 1679 et
345 1640 465 1697 ego
514 1623 657 1682 tuas
696 1621 912 1683 literas
950 1621 1029 1684 ad
1069 1641 1171 1683 me
1212 1622 1390 1683 datas
1429 1641 1603 1697 esse;
1657 1620 1763 1682 sed
1807 1622 2103 1701 quoniam
2153 1622 2393 1685 nullam
2434 1624 2504 1686 in
2543 1644 2648 1687 me

241 1717 426 1780 video
462 1719 752 1798 peritiam
784 1740 940 1799 quae
977 1721 1172 1782 tantis
1210 1721 1578 1798 respondeat
1612 1719 1921 1797 laudibus,
1962 1740 2359 1802 summopere
2397 1725 2541 1803 peto
2578 1728 2647 1786 vt

243 1817 533 1897 quisquis
572 1819 628 1879 is
668 1821 765 1879 est
808 1838 997 1897 quem
1037 1819 1169 1880 tuis
1210 1819 1445 1880 ornasti
1491 1818 1854 1897 praeconiis,
1899 1839 2010 1897 per
2052 1821 2115 1879 te
2156 1818 2318 1881 mihi
2357 1820 2650 1884 reddatur

240 1916 473 1977 notior.
548 1916 676 1977 Vbi
702 1919 773 1978 tu
802 1917 965 1978 mihi
990 1916 1260 1979 alterum
1288 1916 1620 1996 pertuleris
1646 1916 2003 1993 Erasmum,
2028 1936 2143 1995 ego
2170 1937 2355 1996 quem
2383 1918 2648 1981 alterum

244 2013 517 2075 dixerim
537 2014 896 2077 Cornelium
925 2015 1228 2078 indicabo.
1291 2015 1464 2077 Haec
1484 2019 1596 2077 tuo
1615 2034 1789 2076 more
1815 2014 1999 2077 iocati
2025 2034 2261 2078 sumus.
2324 2016 2647 2079 Caeterum

242 2114 337 2189 (vt
369 2111 535 2173 serio
572 2112 926 2191 loquamur)
962 2133 1162 2193 neque
1196 2133 1310 2193 ego
1346 2117 1488 2175 tuas
1525 2113 1740 2174 literas
1778 2113 1857 2174 ad
1898 2133 2002 2175 me
2038 2114 2216 2176 datas
2248 2134 2381 2177 esse
2418 2113 2650 2178 dubius

241 2230 408 2287 sum,
440 2230 642 2289 neque
673 2217 954 2274 nostram
989 2213 1066 2274 ad
1103 2216 1170 2274 te
1207 2212 1394 2274 odam
1431 2212 1727 2291 scriptam
1752 2230 1888 2273 esse
1924 2211 2204 2290 ambigas
2229 2212 2445 2276 velim.
2526 2214 2645 2276 Sed

242 2313 310 2370 vt
344 2312 418 2370 tu
453 2312 520 2370 te
552 2329 726 2371 meas
757 2310 992 2386 laudes,
1027 2332 1180 2391 quas
1220 2331 1334 2390 ego
1376 2309 1619 2371 meritis
1658 2309 1844 2387 longe
1883 2309 2153 2388 impares
2192 2331 2343 2387 neor,
2386 2332 2499 2391 pro
2538 2315 2648 2374 tua

242 2407 549 2486 singulari
589 2408 953 2470 humilitate
993 2408 1338 2488 (minime)
1380 2408 1681 2471 meritum
1718 2408 1995 2482 indicas;
2038 2410 2123 2470 ita
2148 2429 2269 2484 eas,
2304 2429 2456 2489 quas
2487 2410 2650 2472 mihi

228 2505 606 2567 ‘immerenti
641 2505 886 2583 tribuis,
918 2506 997 2568 ab
1030 2508 1264 2569 amoris
1302 2507 1592 2569 caecitate
1631 2506 1936 2584 profectas
1972 2526 2104 2566 esse
2144 2506 2306 2568 nihil
2346 2510 2442 2568 est
2484 2508 2647 2589 quod

241 2603 705 2665 dubitauerim:
763 2625 918 2684 quas
958 2609 1030 2667 tu
1076 2607 1333 2686 insuper
1379 2605 1569 2667 etiam
1615 2603 2012 2679 cumulasses,
2053 2604 2179 2665 nisi
2226 2625 2306 2665 ne
2345 2625 2449 2666 me
2487 2607 2648 2668 forte

240 2704 541 2765 vanitatis
579 2724 733 2765 aura
774 2704 1098 2784 obreperet
1146 2704 1490 2769 metuisses.
1573 2704 1659 2765 Et
1700 2724 1814 2783 ego
1855 2706 2017 2764 certe
2056 2705 2202 2765 tuas
2239 2704 2643 2782 cumularem,

242 2802 371 2863 nisi
397 2805 462 2863 te
490 2821 687 2881 vsque
715 2802 866 2864 adeo
894 2801 1100 2866 laudis
1125 2807 1269 2865 tuae
1294 2804 1729 2882 impatientem
1757 2801 2190 2879 intelligerem.
2276 2801 2451 2880 Vale,
2474 2807 2652 2882 pater

243 2900 663 2979 amplissime:
697 2921 821 2980 quo
850 2904 1061 2963 autem
1082 2902 1436 2964 Gulielmus
1462 2903 1531 2963 in
1558 2904 1621 2963 te
1648 2901 1732 2962 sit
1758 2899 1989 2976 animo,
2014 2919 2094 2960 ex
2120 2898 2294 2962 illius
2318 2901 2651 2981 perspicies

245 2998 459 3062 literis.
550 3000 622 3062 Si
649 3000 756 3078 qui
793 3000 938 3062 istic
973 3004 1121 3062 sunt
1156 3001 1265 3080 qui
1299 3004 1509 3062 tecum
1536 3020 1653 3062 nos
1682 3001 1915 3075 amant,
1947 3017 2053 3060 eos
2078 3001 2150 3061 vt
2174 3001 2391 3061 nostro
2418 3000 2648 3061 salutes

246 3099 504 3159 nomine
533 3100 598 3159 te
626 3117 776 3176 rogo
804 3098 1177 3178 plurimum,
1204 3104 1390 3179 atque
1415 3099 1647 3161 iterum
1674 3096 1835 3159 vale.

791 3250 983 3335 ”2420
1070 3249 1271 3315 Faou
1316 3250 1714 3318 Consanus
1758 3249 2070 3315 GERARD.
2191 3287 2504 3363 (Lupum.)

311 3335 421 3391 LB.
448 3335 601 3406 App.
627 3338 750 3403 4¹8·

2138 3377 2208 3450 <J
2212 3378 2307 3449 11¹5
2337 3381 2473 3449 1489
2488 3378 2556 3450 ⁸?>

264 3491 648 3542 CORNELIVS
694 3490 1056 3540 GOVDANVS
1098 3491 1370 3541 ERAsMO
1408 3492 1578 3540 VIRO
1621 3490 2082 3549 VNDECVNQVE
2121 3489 2532 3541 Doc'nssmo
2573 3490 2628 3540 S.
2661 3483 2667 3488 ’

321 3591 601 3651 ΟοΡιοεΔ
624 3591 771 3649 tuae
805 3588 1126 3650 charitatis
1161 3588 1563 3666 abundantia,
1594 3588 1855 3649 Erasme
1885 3585 2260 3663 charissime,
2291 3588 2443 3650 dum
2475 3590 2649 3650 omni

245 3705 308 3746 se
331 3689 511 3765 parte
537 3685 766 3764 prodit,
797 3686 1140 3748 immortali
1165 3708 1268 3749 me
1293 3686 1596 3749 beneficio
1624 3685 1744 3746 tibi
1769 3688 2059 3765 potenter
2083 3685 2381 3765 alligauit.
2469 3687 2647 3766 Quod

247 3809 322 3859 2³.
350 3823 462 3868 114.
502 3808 760 3857 inuenias
782 3814 988 3858 correxi:
1020 3810 1273 3860 inuenies
1297 3808 1367 3860 0¹.
1492 3821 1603 3870 125.
1639 3811 1759 3858 tute
1783 3806 1851 3857 0¹.
1991 3822 2085 3871 133
2117 3809 2334 3859 iterum.
2401 3809 2551 3859 Vale.
2577 3808 2647 3860 0¹.

246 3972 408 4034 script
442 3969 640 4034 passed
675 3970 797 4019 into
829 3971 920 4018 his
952 3969 1128 4018 hands
1162 3970 1233 4019 he
1270 3969 1398 4018 does
1498 3967 1900 4018 unauthorized
1943 3966 2093 4016 work
2137 3966 2349 4030 obliged
2391 3967 2649 4017 Erasmus

2680 859 2773 897 110

2678 1360 2769 1413 ¹15

2679 1847 2770 1885 120

2677 2340 2767 2392 1²5

2681 2832 2771 2882 130

248 4040 336 4084 not
397 4036 626 4099 explain
686 4034 776 4099 (cf.
874 4072 888 4086 .
944 4037 1048 4101 93).
1155 4034 1241 4084 He
1295 4049 1397 4085 can
1497 4038 1555 4083 to
1598 4048 1824 4098 prepare
1871 4035 1931 4083 in
1976 4033 2130 4082 haste
2169 4048 2202 4082 a
2235 4033 2455 4083 version
2500 4047 2648 4082 more
2700 4048 2707 4057 ·

246 4100 438 4164 hardly
469 4102 537 4151 be
574 4101 793 4151 identifi
896 4102 1035 4150 with
1065 4100 1162 4150 the
1193 4100 1397 4150 school·
1497 4099 1714 4162 worthy
1764 4097 1825 4149 of
1869 4099 1958 4148 his
2009 4114 2206 4161 name;
2259 4097 2358 4148 the
2409 4098 2648 4148 German

248 4171 462 4228 master,
492 4166 620 4215 who
655 4168 704 4215 is
736 4166 943 4228 spoken
973 4165 1032 4214 of
1057 4166 1198 4215 with
1230 4166 1399 4215 much
1498 4164 1950 4228 interpretatione
1972 4165 2132 4227 being
2151 4162 2418 4228 removed,
2436 4164 2646 4227 though

247 4238 457 4282 contem
497 4236 557 4293 t;
609 4233 712 4281 bnt
755 4231 828 4280 he
874 4246 999 4294 may
1042 4231 1217 4294 easily
1259 4232 1399 4281 have
1499 4245 1603 4280 one
1662 4229 1766 4292 (for
1825 4233 2068 4293 maturus)
2122 4231 2369 4279 sur-vives
2429 4230 2493 4279 in
2552 4229 2648 4280 the

246 4247 496 4360 aequites
521 4299 570 4347 it
591 4297 835 4359 through
858 4297 948 4345 his
969 4298 1238 4359 intimacy
1260 4297 1399 4346 with
1503 4299 1648 4355 opera
1712 4295 1772 4344 of
1834 4309 1976 4358 1540.
2063 4296 2177 4344 'l'he
2232 4293 2445 4344 revised
2498 4294 2649 4343 work

248 4362 500 4413 Erasmus
557 4367 614 4413 at
671 4363 789 4412 this
840 4363 995 4412 time.
1079 4361 1401 4427 Gymnich's
1501 4376 1614 4411 was
1652 4361 1943 4424 published
1983 4361 2055 4423 by
2089 4361 2260 4410 Faber
2295 4360 2553 4410 Emmeus
2591 4363 2648 4408 at

249 4428 450 4478 edition
514 4445 631 4480 was
697 4428 930 4491 quickly
982 4427 1264 4490 reprinted
1328 4427 1401 4490 by
1503 4427 1763 4490 Pteiburg
1811 4428 1873 4475 in
1926 4426 2111 4476 March
2171 4441 2330 4489 15313
2390 4425 2500 4474 and
2551 4425 2648 4474 the

251 4492 437 4544 Bebert
459 4475 704 4545 fitienne
728 4497 788 4542 at
814 4493 966 4542 Paris
989 4495 1068 4556 (αι
1097 4494 1229 4544 Nov.
1255 4507 1395 4556 1529,
1501 4492 1825 4555 paraphrase
1847 4507 1976 4541 soon
1998 4492 2245 4542 attained
2264 4495 2321 4540 to
2336 4490 2650 4567 popula-rsty

252 4559 353 4608 and
385 4562 540 4611 twice
571 4563 636 4610 in
672 4559 832 4622 1530)
864 4558 1003 4607 with
1038 4559 1134 4608 the
1163 4560 1402 4608 German
1503 4573 1564 4607 aa
1591 4572 1624 4606 a
1654 4557 1993 4623 schoolbook,
2028 4557 2222 4620 nearly
2243 4556 2389 4618 forty
2410 4555 2650 4603 editions

255 4624 689 4690 interpretatione
747 4623 953 4673 turned
1004 4624 1124 4673 into
1168 4625 1396 4674 French.
1504 4623 1564 4671 of
1590 4637 1694 4672 one
1727 4625 1941 4672 version
1969 4637 2029 4672 or
2054 4623 2149 4672 the
2181 4622 2338 4672 other
2356 4619 2649 4683 appearing

254 4689 360 4740 'I'he
401 4694 552 4758 rapid
596 4705 820 4742 success
873 4690 1132 4739 obtained
1181 4690 1255 4752 by
1306 4690 1402 4738 the
1503 4689 1704 4738 within
1725 4693 1935 4752 twenty
1956 4702 2126 4751 years.
