3355 5380
246 352 423 424 15²4]
763 348 1164 410 ERASMUS
1219 348 1326 409 TO
1381 347 1610 409 JOHN
1666 346 2118 408 ΒΟΤΖΗΕΙΜ
2574 352 2645 407 15

243 505 595 568 conabatur.
690 508 979 582 Quorum
1020 505 1310 583 equidem
1352 504 1519 564 haud
1560 503 1686 563 scio
1723 506 1935 563 vtrum
1978 502 2179 580 magis
2217 502 2648 564 detestandam

251 605 519 679 arbitrer,
553 605 1094 666 inhumanitatem
1136 589 1216 664 an
1257 603 1791 680 ingratitudinem.
1878 602 2106 662 Nullus
2147 602 2276 662 illis
2315 602 2653 679 praeclusit

253 703 435 777 viam,
464 705 518 764 si
556 704 770 764 velint
812 705 958 763 dare
996 703 1389 763 absolutiora.
1478 701 1725 778 Negant
1760 700 2090 778 quicquam
2131 701 2480 761 aedendum
2523 699 2651 760 nisi

254 802 416 879 quod
457 803 540 863 sit
593 802 975 862 absolutum.
1063 802 1203 862 Hoc
1253 802 1360 879 qui
1412 799 1860 877 praescribunt,
1909 799 2127 859 dicunt
2184 799 2345 859 nihil
2392 799 2651 859 omnino

248 901 620 975 sedendum,
651 920 855 978 neque
894 899 1018 959 tale
1059 900 1387 978 quicquam
1424 918 1461 958 a
1494 917 1804 976 quoquam
1843 897 2046 957 adhuc
2074 897 2367 957 aeditum.
2456 898 2649 957 Daba-
2676 922 2704 972 5

248 1017 393 1057 mus
432 998 542 1059 illa
583 998 859 1071 Batauis,
905 996 1203 1057 dabamus
1250 995 1573 1056 monachis
1619 1016 1690 1055 ac
1739 995 2046 1072 theologis
2093 1014 2319 1071 magna
2360 1014 2436 1054 ex
2476 997 2650 1071 parte

246 1098 536 1172 ἅμιύσοις.
588 1096 889 1156 Nondum
910 1095 1082 1156 enim
1101 1095 1423 1172 hucusque
1443 1096 1887 1170 promouerant
1907 1094 2105 1163 bonae
2121 1092 2355 1153 literae.
2405 1092 2576 1151 Haec
2598 1092 2653 1151 si

246 1194 392 1271 quis
426 1198 693 1272 reputet,
726 1194 1039 1271 intelliget
1074 1214 1176 1253 me
1213 1213 1326 1253 nec
1353 1193 1646 1270 ignauam
1676 1212 1790 1252 nec
1818 1192 2252 1270 infrugiferam
2281 1192 2483 1252 obisse
2519 1211 2653 1267 pro·

247 1294 554 1354 uinciam.
635 1294 744 1353 An
782 1293 932 1353 Itali
968 1291 1165 1352 critici
1202 1311 1330 1352 non
1369 1290 1606 1351 dabunt
1638 1291 1804 1351 hanc
1841 1290 2095 1351 veniam
2133 1291 2427 1363 barbaris,
2464 1309 2651 1367 quam

243 1391 370 1468 ipsi
407 1391 618 1451 velint
660 1392 867 1451 nolint
908 1392 1052 1451 dare
1092 1394 1404 1467 coguntur
1443 1389 1590 1463 suis,
1640 1388 1990 1467 Philelpho.
2025 1389 2381 1461 Hermola0‚
2414 1389 2647 1462 Vallae,
2681 1413 2740 1448 ιο

245 1489 544 1564 breuiter,
594 1493 898 1566 quotquot
940 1489 1103 1549 intra
1141 1509 1338 1549 annos
1378 1489 1698 1565 sexaginta
1739 1487 1841 1549 vel
1889 1488 2210 1548 vertendis
2253 1486 2506 1547 Graecis
2550 1486 2651 1546 vel

245 1588 616 1648 enarrandis
672 1587 1123 1664 corrigendisue
1192 1587 1438 1648 Latinis
1505 1586 1818 1647 industria
1885 1606 1998 1654 sua
2049 1585 2347 1649 iuuerunt
2405 1584 2654 1661 publica

244 1687 513 1748 studia?
597 1686 715 1762 Qui
764 1686 928 1746 nihil
970 1686 1221 1761 aedunt,
1272 1685 1359 1745 sic
1407 1685 1613 1746 vitant
1656 1685 1906 1762 culpam
1951 1687 2025 1744 vt
2072 1683 2236 1743 nihil
2278 1682 2480 1743 laudis
2520 1703 2651 1759 pro·

244 1789 628 1861 mereantur,
662 1785 788 1844 imo
818 1786 971 1845 dum
998 1785 1190 1845 stulte
1218 1784 1420 1845 vitant
1450 1785 1699 1861 culpam
1726 1783 2090 1858 humanam,
2115 1782 2186 1843 in
2214 1782 2650 1859 grauissimam

246 1884 504 1961 culpam
524 1884 842 1957 incidunt;
876 1883 998 1943 nisi
1026 1884 1186 1943 sorte
1206 1884 1418 1944 minus
1445 1883 1789 1960 culpandus
1815 1886 1926 1957 est,
1959 1881 2066 1959 qui
2094 1901 2171 1941 ex
2198 1881 2458 1941 lautiore
2486 1900 2648 1957 penu
2682 1903 2739 1953 15

245 1983 419 2044 nihil
457 1983 765 2060 depromit
801 1982 1108 2044 famelicis
1144 1982 1379 2055 amicis,
1416 2003 1603 2060 quam
1649 1983 1757 2059 qui
1794 1982 1986 2059 gratis
2019 1984 2084 2041 et
2121 1980 2380 2041 candide
2416 1980 2651 2055 profert

246 2080 545 2159 quicquid
575 2081 784 2155 habet,
816 2080 1087 2140 libenter
1115 2081 1374 2140 daturus
1401 2080 1682 2156 lautiora,
1716 2080 1772 2139 si
1798 2079 2070 2141 haberet.
2133 2078 2287 2154 Quis
2312 2077 2653 2138 insectatur

244 2179 690 2240 annotationes
735 2178 1063 2241 Hermolai
1105 2178 1176 2238 in
1222 2178 1522 2250 Plinium,
1572 2178 1735 2255 quod
1785 2177 2122 2238 destitutus
2175 2178 2650 2238 emendatorum

247 2277 537 2337 codicum
565 2276 795 2337 auxilio
823 2277 1096 2353 plurima
1124 2296 1252 2336 non
1281 2276 1554 2353 potuerit
1580 2276 1842 2354 assequi,
1871 2277 1939 2338 in
1965 2276 2186 2336 multis
2215 2276 2403 2335 etiam
2429 2294 2651 2352 parum

247 2376 515 2437 feliciter
583 2374 936 2436 diuinarit‘?
1015 2376 1151 2452 Ego
1220 2395 1322 2435 me
1388 2374 1737 2452 plurimum
1807 2374 2027 2435 debere
2093 2374 2390 2452 profiteor
2456 2374 2653 2433 Beato
2678 2398 2740 2434 20

250 2474 574 2548 Rhenano,
627 2474 739 2551 qui
793 2473 977 2534 nobis
1029 2473 1268 2540 dederit
1321 2473 1784 2549 Tertullianum
1839 2474 2061 2534 multis
2115 2472 2178 2533 in
2238 2473 2391 2533 locis
2446 2492 2651 2534 emen-

251 2573 486 2648 datum,
549 2592 912 2651 quanquam
969 2592 1084 2632 nec
1138 2575 1342 2632 totum
1397 2571 1571 2633 dedit
1632 2575 1695 2631 et
1748 2571 2098 2633 innumeris
2151 2572 2353 2632 adhuc
2406 2570 2651 2631 mendis

250 2672 543 2734 obsitum.
634 2671 779 2732 Non
827 2670 1151 2731 fraudatur
1192 2692 1305 2732 sua
1350 2670 1550 2745 laude,
1605 2670 1714 2747 qui
1760 2690 1872 2747 pro
1913 2674 2190 2748 tempore
2241 2670 2403 2749 quod
2447 2671 2652 2748 potuit

247 2772 577 2849 praestitit,
626 2791 697 2830 ac
737 2769 907 2830 viam
948 2771 1194 2845 aperuit
1236 2770 1491 2829 caeteris
1531 2768 1881 2829 elimatiora
1922 2770 2237 2830 moliendi.
2326 2769 2452 2828 Nec
2489 2768 2652 2828 vllos

249 2871 528 2948 patimur
569 2869 808 2929 iudices
848 2868 1185 2945 iniquiores
1234 2889 1421 2946 quam
1461 2868 1614 2927 istos
1655 2869 1762 2945 qui
1803 2867 1965 2927 nihil
2006 2867 2263 2927 omnino
2299 2867 2549 2940 aedunt,
2582 2886 2651 2926 ac
2679 2891 2737 2941 25

249 2987 330 3027 ne
365 2969 592 3028 docent
623 2966 895 3044 quidem,
926 2967 1102 3026 velut
1141 2965 1498 3027 inuidentes
1536 2966 1800 3026 vtilitati
1840 2966 2139 3042 publicae,
2176 2965 2434 3042 perinde
2475 2965 2653 3041 quasi

246 3067 402 3144 ipsis
438 3068 657 3144 pereat
688 3065 980 3143 quicquid
1018 3066 1437 3142 compererint
1466 3085 1599 3125 esse
1636 3065 1860 3124 multis
1897 3083 2242 3124 commune.
2330 3064 2416 3123 Et
2452 3063 2650 3123 sicubi

247 3167 496 3242 lapsum
534 3164 885 3224 humanum
914 3164 1452 3240 deprehenderint,
1486 3164 1595 3240 qui
1632 3163 1937 3238 cachinni,
1973 3183 2126 3241 quae
2167 3162 2460 3236 conuicia,
2495 3182 2651 3239 quae

248 3264 647 3341 tragoediae!
716 3261 1019 3323 Omnium
1048 3262 1446 3322 felicissimus
1473 3261 1542 3321 in
1569 3263 1874 3322 vertendo
1909 3263 2034 3322 fuit
2063 3262 2422 3322 Theodorus
2450 3262 2611 3321 Gaza
2637 3283 2652 3335 3

249 3369 312 3422 et
358 3361 684 3422 tamenin
735 3361 924 3420 huius
963 3360 1144 3421 libris
1185 3360 1593 3437 deprehendit
1633 3360 1871 3438 aliquot
1909 3381 2142 3420 errores
2184 3359 2644 3437 TrapezontiuS,
2676 3383 2740 3431 30

249 3482 404 3538 quos
453 3461 566 3520 ille
611 3459 889 3519 monitus
933 3458 1212 3518 correxit.
1299 3459 1682 3520 Hermolaus
1728 3459 1830 3519 vir
1884 3462 2113 3534 tantuS,
2171 3479 2381 3519 noune
2434 3457 2649 3525 statim

247 3562 317 3620 in
358 3559 745 3637 praefatione
788 3556 1125 3617 Themistii
1169 3557 1239 3617 in
1285 3558 1480 3617 libros
1533 3557 1894 3618 Aristotelis
1947 3558 2022 3617 de
2076 3557 2285 3617 anima
2329 3557 2652 3633 pueriliter

248 3661 461 3736 lapsus
488 3659 603 3730 est,
635 3656 705 3715 in
734 3655 883 3732 ipse,
916 3655 1078 3732 quod
1108 3655 1302 3732 aiunt,
1327 3659 1508 3732 portu
1538 3656 1875 3734 inpingens
1892 3658 1925 3715 Ῥ
1983 3655 2144 3729 Quid
2173 3654 2276 3714 hic
2305 3675 2649 3715 memorem

246 3758 327 3816 de
366 3755 673 3831 Philippo
715 3753 1038 3826 Beroald0,
1070 3754 1147 3814 de
1190 3754 1478 3830 Baptista
1515 3754 1632 3815 Pio
1670 3753 1870 3831 deque
1905 3753 2233 3828 similibus,
2268 3754 2345 3813 ad
2385 3772 2649 3830 quorum

248 3874 485 3915 errores
522 3851 865 3912 conniuent
899 3851 1103 3912 Itali?
1185 3852 1345 3927 Quid
1383 3854 1459 3913 de
1496 3853 1789 3912 omnibus
1823 3854 1965 3928 fere,
2001 3852 2108 3930 qui
2135 3852 2303 3912 intra
2338 3851 2652 3927 octoginta
2677 3875 2738 3924 35

250 3974 450 4014 annos
506 3953 834 4011 verterunt
892 3951 1136 4025 Graeca,
1190 3950 1533 4011 Diodorum
1589 3951 1887 4026 Siculum,
1942 3951 2351 4024 Herodotum,
2411 3950 2650 4026 Thucy·

249 4051 479 4124 didem‚
515 4049 701 4110 Vitas
737 4048 1063 4109 Plutarchi
1090 4051 1276 4126 atque
1320 4049 1509 4109 etiam
1543 4049 1821 4110 Libellos
1864 4050 2176 4110 Morales?
2246 4049 2314 4110 Si
2351 4050 2452 4109 his
2481 4049 2650 4127 igno-

251 4149 502 4224 scimus,
573 4147 737 4225 quod
799 4146 868 4205 in
924 4149 1105 4206 tanta
1166 4147 1487 4208 doctorum
1557 4147 1889 4208 hominum
1950 4168 2018 4208 ac
2079 4148 2648 4210 vetustissimorum

252 4248 558 4308 librorum
600 4245 777 4324 copia
812 4246 1110 4306 labuntur
1135 4246 1462 4324 aliquoties
1490 4245 1837 4324 insigniter,
1869 4246 2110 4307 coelum
2138 4250 2335 4308 terrae
2361 4246 2644 4323 miscent,

158 4429 163 4430 V
252 4347 310 4407 si
374 4347 446 4406 in
514 4345 754 4406 Batauo
818 4344 1145 4423 praesidiis
1210 4344 1505 4405 omnibus
1572 4345 1872 4406 destituto
1939 4346 2252 4423 reperiant
2331 4346 2492 4424 quod
2561 4346 2648 4406 sit
2673 4368 2739 4414 4ο

256 4445 717 4507 emendandum
734 4446 768 4505 ⁸?
850 4444 1218 4520 Quanquam
1269 4461 1384 4503 nos
1425 4441 1546 4520 ipsi
1591 4443 1662 4502 in
1713 4447 1958 4504 nostras
2005 4442 2468 4506 lucubrationes
2514 4464 2648 4504 cen-

709 4556 712 4559 ’
1061 4572 1138 4607 10.
1174 4557 1363 4608 Vallae
1384 4563 1584 4618 scripsi:
1618 4559 1770 4608 Valia
1792 4562 1843 4614 β.

516 4692 596 4727 21.
634 4675 1064 4740 Tertullianum]
1089 4675 1262 4739 Basle,
1290 4675 1513 4740 Froben,
1541 4675 1672 4739 July
1701 4689 1841 4737 1521.
1910 4674 1992 4728 Cf.
2017 4675 2172 4727 BRE.
2201 4690 2313 4737 ²07·
