3355 5380
243 391 424 478 ηερ]
1145 396 1252 457 tro
1307 397 1370 456 A
1424 394 1754 457 FRIEND
2530 401 2644 457 123

752 593 1063 642 ERASMVS
1106 593 1612 643 ROTERODAMVS
1657 593 1876 642 amco
1922 594 2046 642 SVO
2091 594 2142 641 S.

325 715 599 790 Qvorms
632 715 851 777 animo
883 735 1022 776 meo
1050 718 1373 777 recursant
1410 736 1557 777 cum
1593 714 1796 777 multa
1832 718 1971 776 tum
2009 716 2286 778 maxima
2312 719 2421 778 tua
2448 716 2517 778 in
2547 737 2650 779 me

244 813 484 889 merita,
523 814 656 874 imo
694 816 846 874 tuus
885 812 1360 875 liberalissimus
1398 812 1667 888 animus,
1701 814 1889 876 toties
1928 835 2043 893 ego
2085 836 2292 876 meam
2331 816 2651 877 fortunam

242 911 475 988 iucuso,
521 912 871 990 malignam
917 910 1201 972 inuidam
1249 911 1534 989 iniquam
1572 932 1739 987 voco,
1784 932 1896 991 per
1943 933 2134 992 quam
2181 913 2346 974 mihi
2392 934 2522 975 non
2567 914 2652 975 sit

242 1010 521 1086 facultas,
541 1010 650 1071 vbi
674 1014 861 1071 tuum
888 1009 1132 1070 abunde
1158 1012 1447 1088 expertus
1472 1030 1631 1084 sum,
1658 1010 1786 1071 mei
1805 1009 2085 1071 vicissim
2112 1010 2180 1071 in
2211 1014 2270 1071 te
2297 1010 2652 1073 declarandi

234 1108 492 1169 amoris.
578 1108 892 1187 Equidem
933 1108 1098 1169 inter
1138 1108 1307 1169 mala
1347 1129 1501 1187 quae
1540 1108 1719 1169 mille
1761 1130 1862 1170 me
1894 1108 1995 1169 vel
2034 1109 2275 1187 syderis
2315 1109 2545 1172 natalis
2587 1109 2652 1171 vi
2678 1124 2707 1174 5

243 1207 348 1267 vel
378 1207 494 1268 Dei
522 1208 697 1269 iussu
725 1228 763 1268 a
790 1227 980 1285 puero
1005 1226 1198 1285 vsque
1224 1209 1705 1286 prosequuntur,
1728 1207 1845 1268 hoc
1871 1227 1985 1285 ego
2004 1209 2108 1269 vel
2136 1208 2652 1270 molestissimum

234 1326 315 1365 ac
356 1305 784 1366 miserrimum
824 1305 1044 1381 iudico,
1089 1325 1237 1366 eum
1277 1304 1441 1365 mihi
1481 1325 1613 1367 eme
1653 1306 1923 1367 insitum
1964 1306 2266 1382 animum,
2302 1309 2412 1386 qui
2450 1307 2652 1369 multo

241 1404 432 1466 malit
457 1402 601 1465 dare
630 1424 822 1482 quam
857 1403 1147 1482 accipere,
1178 1406 1290 1464 aut
1317 1406 1478 1465 certe
1512 1403 1667 1465 bene
1702 1405 1946 1465 meritis
1975 1425 2120 1466 cum
2147 1405 2398 1467 foenore
2426 1406 2653 1467 referre

242 1503 517 1581 gratiam
548 1523 689 1563 eam
722 1506 939 1563 contra
969 1501 1410 1576 conditionem,
1444 1521 1603 1580 quae
1640 1522 1679 1563 a
1714 1503 1938 1581 quouis
1971 1503 2344 1565 beneficium
2378 1504 2654 1583 postulet

239 1600 538 1679 accipere,
569 1600 812 1660 nemini
839 1601 1006 1660 sinat
1031 1599 1306 1661 reddere.
1391 1600 1476 1661 Et
1501 1599 1649 1679 quid
1679 1600 1943 1678 pudenti
1978 1621 2049 1662 ac
2078 1621 2373 1678 generoso
2400 1601 2654 1681 ingenio
2688 1615 2748 1651 10

240 1700 446 1778 possit
492 1719 627 1760 esse
673 1698 955 1759 acerbius
971 1700 1004 1758 ⁸?
1084 1697 1448 1773 Aeschines,
1495 1699 1854 1760 adolescens
1895 1700 2260 1777 ingeniosus
2298 1703 2364 1762 at
2402 1720 2649 1779 pauper,

240 1818 443 1876 quum
466 1796 921 1876 condiscipulos
948 1817 1061 1876 pro
1082 1796 1214 1857 suis
1241 1817 1550 1875 quemque
1576 1797 1980 1858 facultatibus
2006 1799 2388 1876 praeceptori
2417 1798 2655 1859 Socrati

239 1916 515 1957 munera
556 1896 716 1956 ferre
756 1894 1011 1971 videret,
1056 1895 1174 1956 hoc
1214 1916 1341 1956 vno
1389 1896 1577 1956 modo
1625 1916 1691 1957 se
1736 1915 2072 1974 pauperem
2120 1896 2444 1970 sentiebat,
2489 1897 2651 1976 quod

236 1996 536 2056 animum
571 1994 1000 2072 gratissimum
1034 2014 1158 2072 quo
1190 1993 1382 2055 etiam
1417 1997 1706 2071 exereret,
1737 1993 1902 2055 nihil
1937 1998 2100 2057 esset
2126 2016 2143 2070 ς
2194 1997 2258 2057 et
2294 1999 2508 2056 tamen
2545 1994 2654 2057 ille

235 2094 414 2174 quod
453 2094 706 2154 fortuna
745 2096 1001 2171 negarat
1043 2091 1296 2170 ingenio
1337 2093 1625 2171 repperit.
1714 2093 2005 2170 Seipsum
2051 2093 2224 2155 enim
2270 2093 2654 2172 praeceptori
2685 2115 2744 2166 15

240 2192 524 2267 donauit,
569 2192 760 2269 idque
802 2211 1034 2252 munus
1072 2193 1143 2251 vt
1184 2190 1427 2251 Socrati
1468 2193 1630 2251 esset
1676 2190 2123 2268 gratissimum,
2168 2191 2545 2254 verecundia
2590 2195 2654 2253 et

239 2291 545 2369 prudenti
580 2289 861 2350 oratione
898 2288 1116 2349 effecit.
1202 2288 1441 2349 Verum
1480 2309 1602 2366 quo
1634 2309 1747 2367 ego
1784 2309 1929 2351 sum
1960 2289 2272 2351 Aeschine
2305 2288 2652 2368 pauperior,

238 2389 500 2468 quando
527 2409 607 2449 ne
636 2388 699 2449 id
728 2387 977 2466 quidem
1005 2386 1165 2447 mihi
1192 2386 1484 2447 relictum
1511 2389 1625 2463 est,
1645 2387 1711 2448 id
1733 2407 1931 2449 vnum
1958 2390 2091 2449 arte
2116 2407 2231 2466 pro
2259 2388 2387 2449 tuis
2413 2387 2656 2450 meritis

239 2489 480 2567 gratiae
508 2488 685 2561 feres,
716 2485 967 2548 Erasmi
995 2487 1279 2546 animum
1305 2488 1371 2546 et
1401 2487 1652 2564 gratum
1679 2488 1743 2546 et
1771 2506 2115 2548 memorem
2143 2488 2207 2548 et
2243 2490 2563 2548 amantem
2589 2492 2656 2549 et

236 2587 451 2648 amico
491 2608 606 2649 suo
646 2587 862 2647 omnia
902 2603 1148 2661 semper
1187 2585 1351 2645 bona
1392 2585 1786 2662 cupientem3
1843 2604 1998 2663 quae
2039 2584 2293 2663 quidem
2340 2587 2657 2664 generosis
2685 2607 2748 2643 20

240 2686 480 2748 animis
506 2686 697 2747 etiam
727 2685 883 2747 citra
911 2703 1043 2743 rem
1071 2685 1246 2761 grata
1272 2703 1406 2745 esse
1433 2681 1630 2745 solere
1657 2682 1801 2759 scio,
1834 2703 1981 2745 cum
2008 2703 2080 2743 ea
2106 2682 2244 2744 sine
2273 2683 2378 2745 his
2405 2684 2657 2746 nullum

241 2803 528 2864 vnquam
556 2784 681 2844 nisi
708 2781 1218 2844 sordidissimum
1245 2781 1492 2843 iuuerit.
1560 2783 1725 2844 Tum
1753 2782 1809 2845 si
1838 2801 1960 2860 qua
1978 2781 2080 2844 vel
2108 2802 2259 2845 voce
2277 2781 2381 2844 vel
2408 2782 2660 2862 scriptis

244 2882 469 2943 referri
486 2882 687 2957 gratia
704 2882 880 2956 solet,
901 2880 1064 2941 hanc
1081 2880 1198 2940 tibi
1217 2879 1716 2941 vicissitudinem
1734 2879 2064 2957 magnifice
2079 2878 2363 2958 polliceri
2377 2900 2653 2959 possum.

333 2981 529 3043 Hunc
554 3000 705 3041 vero
734 2978 1024 3054 codicem,
1057 2998 1243 3056 quem
1279 2978 1354 3038 ad
1395 2981 1460 3040 te
1496 2977 1748 3060 propria
1774 2997 1968 3039 manu
1997 2978 2416 3056 perscriptum
2448 2979 2652 3056 mitto,

246 3079 453 3139 nostri
490 3077 702 3139 mutui
741 3076 977 3138 amoris
1015 3077 1245 3155 pignus
1284 3097 1354 3137 ac
1394 3078 1860 3139 monimentum
1891 3078 1968 3138 vt
2004 3074 2235 3137 habeas
2272 3097 2398 3154 oro,
2428 3078 2497 3138 in
2537 3098 2660 3156 quo
2689 3094 2748 3144 25

244 3177 505 3255 quidem
535 3177 890 3254 castigando
917 3175 1057 3253 plus
1082 3195 1241 3253 pene
1270 3195 1458 3253 quam
1488 3174 1816 3236 scribendo
1842 3173 2075 3234 laboris
2100 3173 2432 3252 insumpsi.
2520 3175 2661 3237 Hoc

244 3277 446 3353 igitur
484 3278 557 3335 tu
601 3277 891 3335 nostrum
930 3273 1030 3334 vel
1072 3273 1521 3335 munusculum
1559 3274 1661 3336 vel
1702 3271 2169 3334 monimentum
2206 3271 2285 3350 (si
2323 3273 2416 3334 ita
2455 3273 2662 3335 mauis

242 3371 574 3450 appellari)
627 3376 762 3433 tam
809 3370 1070 3432 habebis
1122 3373 1374 3449 gratum
1422 3390 1613 3449 quam
1661 3370 1999 3432 Era-smum
2047 3370 2305 3431 charum
2359 3370 2654 3433 habuisti.

247 3469 704 3531 Gratissimum
741 3472 952 3531 autem
988 3469 1185 3529 fuisse
1221 3469 1311 3529 sic
1339 3469 1595 3529 demum
1623 3468 1992 3546 intelligam,
2024 3470 2082 3530 si
2117 3468 2186 3529 in
2214 3489 2288 3530 eo
2316 3469 2662 3533 euoluendo

246 3569 572 3630 assiduum
603 3573 666 3630 te
696 3567 1092 3648 praestiteris,
1127 3568 1182 3627 si
1219 3586 1509 3647 accepero
1536 3566 1653 3627 tibi
1682 3585 1927 3644 semper
1953 3567 2022 3627 in
2051 3567 2212 3643 sinu,
2248 3567 2317 3627 in
2346 3568 2654 3641 manibus,
2687 3585 2750 3633 30

248 3668 321 3727 in
367 3668 639 3744 genibus
686 3686 837 3728 esse.
955 3665 1171 3744 Neque
1230 3664 1300 3725 hi
1348 3665 1510 3727 mihi
1556 3664 1753 3727 libros
1798 3685 2006 3726 amare
2054 3665 2354 3727 videntur
2401 3667 2510 3745 qui
2555 3687 2661 3728 eos

248 3767 525 3825 intactos
552 3785 622 3825 ac
648 3764 903 3825 scriniis
937 3763 1184 3824 abditos
1220 3766 1491 3838 seruant,
1526 3763 1633 3824 sed
1662 3763 1772 3840 qui
1799 3766 2106 3825 nocturna
2132 3763 2310 3825 iuxta
2336 3784 2406 3825 ac
2435 3764 2662 3826 diurna

245 3863 741 3923 contrectatione
775 3861 1119 3936 sordidant,
1156 3864 1505 3938 corrugant,
1543 3863 1893 3939 conterunt,
1930 3862 2039 3940 qui
2075 3863 2391 3940 margines
2427 3862 2661 3941 passim

249 3961 509 4038 notulis,
567 3962 789 4038 hisque
840 3960 1050 4034 variis,
1101 3958 1413 4034 oblinunt,
1465 3958 1574 4037 qui
1626 3960 1847 4020 mendi
1902 3959 2027 4020 rasi
2079 3960 2418 4038 vestigium
2474 3980 2662 4039 quam

250 4060 622 4122 mendosam
652 4059 1166 4138 compositionem
1194 4057 1439 4119 malunt
1461 4079 1477 4132 ;
1520 4058 1710 4135 idque
1737 4078 1883 4119 cum
1910 4057 1979 4119 in
2006 4058 2263 4120 caeteris
2294 4058 2663 4120 authoribus
2689 4070 2749 4120 35

250 4163 394 4218 tum
435 4157 504 4218 in
543 4157 661 4219 hoc
704 4156 996 4217 Terentio
1036 4155 1455 4217 factitandum
1494 4176 1715 4218 cenoeo
1754 4156 1831 4232 ei,
1878 4157 1987 4234 qui
2028 4176 2157 4217 non
2200 4157 2553 4219 semilatine
2591 4177 2663 4219 ac

252 4256 635 4335 semigallice
662 4256 850 4333 (quod
887 4254 1014 4314 fere
1039 4255 1239 4316 nostri
1266 4254 1691 4334 ludimagistri
1717 4275 1862 4316 cum
1889 4274 2002 4316 suo
2029 4254 2390 4317 Alexandro
2416 4257 2664 4334 docent)

326 4442 400 4476 ιι.
438 4425 762 4490 Aeschines]
782 4424 1405 4489 Cs.Diog.Laert.2.5.34.
1508 4425 1568 4475 of
1583 4441 1616 4475 a
1638 4426 1801 4476 Latin
1823 4439 2100 4489 grammar
2124 4427 2184 4475 in
2206 4441 2374 4490 verse,
2397 4431 2664 4478 Doctrinae

322 4506 405 4554 25.
432 4494 656 4559 amoris]
685 4492 770 4542 Of.
794 4492 950 4554 Verg.
973 4496 1096 4542 Am.
1119 4506 1164 4553 5.
1191 4493 1304 4553 538.
1501 4507 1773 4552 muron-unt.
1862 4492 1961 4541 See
2028 4492 2363 4556 Reichling’s
2429 4494 2656 4556 edition,

320 4572 398 4619 37.
429 4555 782 4621 Alexandro]
824 4556 976 4606 Alex.
1018 4556 1085 4605 de
1124 4557 1274 4607 Villa
1307 4556 1408 4608 Dei
1509 4557 1702 4606 Berlin
1747 4558 1909 4619 1893;
1967 4555 2172 4608 Delisle
2217 4558 2279 4607 in
2336 4560 2555 4608 Βῶιίουι.
2605 4561 2662 4608 de

256 4623 762 4690 (ville-Dieu,near
774 4622 1109 4686 Avranches)
1127 4638 1189 4672 or
1201 4623 1405 4682 Gallus,
1506 4609 1675 4673 l'Eoole
1728 4626 1809 4673 des
1857 4626 2064 4686 martes,
2119 4625 2283 4686 ¹8943
2341 4622 2453 4672 and
2497 4623 2658 4675 ΗΒΘ.

256 4694 487 4759 wrongly
508 4689 780 4744 Dolensis
805 4690 882 4753 (fl.
906 4690 1069 4752 1200),
1094 4689 1190 4738 the
1213 4689 1411 4738 author
1512 4689 1591 4739 Cf.
1628 4688 1724 4751 Ep.
1761 4702 1843 4750 23.
1879 4689 1947 4749 56
1979 4702 2036 4738 n.

1404 4791 1518 4834 32
