3355 5380
309 382 487 472 1489]
1084 391 1193 454 ΤΟ
1247 390 1522 453 JAMES
1576 391 1920 455 CANTER
2578 396 2693 454 127

301 552 583 609 teneram
631 551 902 609 aetatem
951 568 1168 609 recens
1220 548 1457 610 editam
1512 568 1639 609 vna
1693 552 1757 609 et
1803 552 2087 609 materno
2134 549 2293 610 lacte
2336 552 2397 611 et
2448 550 2695 612 Latinis

304 646 494 707 literis
536 646 741 707 imbui
782 648 1076 722 solitam3
1128 647 1206 708 ad
1248 646 1457 708 colum
1499 666 1631 706 non
1672 646 1871 706 aniles
1913 666 2124 724 nugas,
2156 647 2383 725 quibus
2424 647 2695 724 gaudent

303 743 665 823 plerumque
697 745 1113 821 mulierculae,
1143 746 1250 806 sed
1292 744 1494 806 doctis
1535 743 1792 805 auribus
1833 744 2054 822 dignas
2085 744 2290 806 audiri
2328 745 2690 807 sententias.

305 843 547 921 Dignus
596 863 748 904 sane
791 843 904 904 tali
950 846 1126 921 pater
1180 842 1434 916 familia,
1483 841 1672 920 digna
1725 842 2009 903 vicissim
2058 843 2172 904 tali
2212 843 2450 905 familia
2495 845 2688 923 patre.
2723 862 2783 914 ²5

303 940 416 1000 eui
468 961 618 1019 ergo
673 940 777 1002 vel
832 942 1065 1019 ignoto,
1127 941 1219 1002 mi
1272 939 1511 1015 Iacobo,
1562 939 1827 1001 dubium
1881 941 1967 1001 sit
2018 944 2083 1002 te
2139 941 2309 1002 hisce
2364 941 2696 1002 educatum

301 1038 627 1114 institutis,
655 1042 843 1118 atque
868 1040 935 1100 id
970 1038 1225 1118 quidem
1258 1058 1296 1099 a
1330 1038 1569 1117 primis,
1601 1040 1675 1099 vt
1702 1039 1898 1113 aiunt,
1932 1038 2351 1114 incunabulis,
2387 1039 2458 1098 in
2484 1040 2697 1100 virum

301 1137 566 1199 euasisse
604 1137 1111 1199 literatissimum
1128 1140 1162 1197 ⁴?
1220 1137 1355 1214 Qua
1386 1137 1475 1198 sis
1501 1136 1743 1214 ingenii
1775 1135 2070 1212 bonitate,
2101 1137 2212 1198 vbi
2238 1137 2525 1216 gentium
2565 1156 2695 1198 non

303 1234 567 1297 dictatur
588 1238 622 1296 *Ρ
733 1237 890 1298 'l'am
943 1236 1150 1297 fertile
1201 1236 1399 1313 igitur
1460 1235 1665 1296 solum
1719 1237 1900 1296 tanto
1954 1237 2166 1297 studio
2220 1235 2480 1309 cultum,
2541 1235 2700 1297 heus

301 1338 531 1411 quanto
562 1334 815 1396 foenore
840 1334 1143 1412 agricolae
1171 1333 1563 1411 respondisse
1591 1333 1924 1395 sudoribus
1948 1354 2220 1413 aequum
2248 1337 2344 1395 est
2369 1334 2618 1395 credere
2638 1336 2672 1395 ⁴?
2724 1352 2786 1401 30

376 1434 468 1494 At
513 1453 595 1493 ne
645 1453 749 1494 me
792 1433 1147 1495 coniectura
1192 1432 1325 1493 sola
1364 1432 1509 1493 duci
1561 1432 1898 1507 existimes,
1944 1431 2267 1494 hominem
2321 1453 2451 1494 non
2504 1431 2701 1493 nimis

300 1531 642 1607 cmdulum‚
675 1531 955 1610 primum
994 1532 1306 1592 Gerardus
1332 1530 1476 1606 Leo,
1508 1530 1944 1610 impressoriae
1977 1532 2132 1594 artis
2170 1532 2389 1611 opifex,
2423 1532 2522 1592 vir
2545 1552 2699 1594 sane

298 1629 558 1707 lepidus,
593 1631 880 1692 omnium
909 1633 1161 1691 tuarum
1199 1650 1413 1691 rerum
1444 1649 1549 1690 me
1576 1629 1849 1691 reddidit
1877 1631 2220 1692 certiorem.
2308 1631 2498 1692 Hunc
2525 1630 2698 1691 enim

300 1747 442 1788 cum
467 1748 508 1788 a
527 1729 711 1789 nobis
737 1730 1076 1790 abeuntem
1102 1748 1299 1806 vsque
1323 1727 1402 1787 ad
1425 1727 1643 1802 Isalae,
1669 1747 1859 1807 quam
1886 1728 2288 1790 traiiciendus
2315 1730 2461 1802 erat,
2495 1727 2697 1806 ripam

296 1846 721 1905 prosequerer,
756 1827 1030 1906 plurima
1068 1827 1231 1888 mihi
1273 1825 1351 1887 de
1393 1830 1454 1887 te
1495 1825 1717 1904 cupide
1754 1826 2132 1888 auscultanti
2172 1825 2500 1899 narrabat3
2541 1844 2698 1903 quae
2724 1839 2787 1890 35

298 1944 399 1984 res
445 1944 660 1985 meum
707 1925 804 1985 tui
850 1945 1132 1986 amorem
1175 1945 1304 1986 non
1347 1925 1744 1985 mediocriter
1787 1925 2057 1987 adauxit.
2145 1924 2272 1987 Nec
2306 1943 2519 1985 mora:
2560 1943 2698 1984 con·

299 2022 481 2084 tinuo
537 2023 701 2084 mihi
755 2023 994 2085 Probae
1048 2023 1320 2084 feminae
1374 2043 1627 2083 carmen
1681 2021 2087 2084 adferendum
2131 2043 2321 2098 cui-03
2381 2021 2697 2083 audieram

297 2116 472 2177 enim
509 2120 691 2179 tuum
734 2139 883 2180 esse.
973 2118 1154 2194 Quod
1182 2118 1290 2179 vbi
1327 2117 1607 2179 lectitare
1649 2116 1837 2195 coepi,
1871 2117 2184 2196 simulque
2212 2116 2452 2179 Probae
2484 2116 2693 2195 (esse)

299 2218 598 2294 comperi,
628 2237 756 2278 non
785 2237 888 2277 me
925 2236 1301 2296 magnopere
1341 2216 1523 2294 cepit.
1611 2216 1748 2278 'l'ua
1779 2235 1928 2277 vero
1956 2216 2216 2294 epistola
2246 2236 2318 2276 ac
2343 2215 2583 2295 prologi
2608 2215 2700 2276 ita

299 2332 404 2373 me
444 2314 850 2391 delectarunt,
899 2319 967 2375 vt
1010 2315 1244 2375 iterum
1285 2317 1470 2393 atque
1510 2315 1745 2376 iterum
1787 2314 2131 2376 lectitantis
2171 2313 2408 2392 expleri
2448 2312 2699 2373 animus
2722 2332 2788 2382 40

298 2413 672 2490 nequiuerit.
762 2413 1038 2475 Tantum
1089 2412 1262 2473 enim
1309 2413 1663 2474 mehercule
1703 2413 1932 2474 veteris
1966 2416 2106 2474 tum
2146 2412 2529 2490 eloquentiae
2557 2414 2698 2472 tum

298 2510 670 2572 eruditionis
685 2532 835 2590 prae
855 2533 920 2573 se
936 2513 1162 2589 ferunt,
1183 2513 1259 2573 vt
1283 2511 1409 2571 nisi
1426 2511 1553 2572 iam
1573 2510 1801 2590 vbique
1819 2511 2104 2589 gentium
2123 2513 2376 2571 tuorum
2393 2508 2698 2570 natalium

297 2608 636 2686 splendore
681 2611 1012 2673 nobilitata
1057 2613 1222 2672 esset
1269 2610 1488 2684 Frisia‚
1542 2629 1731 2670 nemo
1777 2612 1842 2670 te
1895 2629 2099 2688 neque
2145 2609 2404 2670 barbara
2448 2609 2698 2686 regione

297 2728 507 2786 neque
522 2710 625 2772 his
650 2714 874 2772 natum
907 2711 1171 2771 saeculis
1213 2709 1502 2771 crederet.
1591 2710 1802 2785 Quum
1840 2709 2051 2787 igitur,
2086 2708 2179 2768 mi
2214 2707 2453 2783 Iacobe,
2484 2708 2699 2768 virum

303 2809 370 2867 te
397 2827 529 2869 esse
554 2807 880 2870 literarum
908 2829 1036 2869 non
1062 2807 1252 2869 modo
1289 2807 1531 2887 egregie
1570 2807 1861 2886 peritum,
1894 2827 2117 2868 verum
2146 2806 2336 2867 etiam
2363 2809 2698 2884 patronum
2722 2832 2786 2883 45

304 2925 440 2965 esse
480 2906 921 2969 fidelissimum
965 2906 1357 2986 exploratum
1393 2906 1606 2981 habeo,
1637 2905 1851 2966 visum
1889 2908 1983 2965 est
2010 2925 2047 2965 a
2074 2907 2138 2965 te
2163 2907 2387 2983 petere,
2419 2903 2699 2982 primum

300 3008 376 3064 vt
400 3025 518 3066 nos
542 3026 827 3069 amemus
855 3009 1095 3085 mutuo,
1139 3026 1296 3085 quae
1322 3026 1422 3067 res
1451 3027 1596 3066 cum
1623 3005 1794 3065 inter
1819 3004 2131 3082 quoslibet
2172 3002 2554 3080 periucunda
2579 3005 2694 3074 est,

303 3107 443 3164 tum
482 3124 633 3167 vero
672 3106 839 3167 inter
874 3106 1199 3168 literarum
1246 3104 1556 3168 studiosos
1597 3124 1787 3183 quam
1823 3102 2308 3164 iucundissima:
2364 3100 2588 3162 deinde
2628 3105 2700 3161 vt

305 3202 496 3280 (quod
523 3204 702 3281 facis)
744 3204 820 3264 de
862 3204 1082 3279 literis,
1120 3204 1279 3283 proh
1323 3204 1501 3264 foede
1540 3202 1866 3281 oppressis,
1907 3202 2066 3262 bene
2102 3200 2328 3261 mereri
2362 3219 2595 3278 pergas,
2636 3201 2700 3260 et

303 3301 694 3362 teterrimam
720 3301 1069 3363 barbariem
1097 3303 1225 3363 iam
1265 3301 1400 3363 orbi
1426 3302 1555 3362 fere
1598 3301 2035 3361 dominantem
2070 3299 2401 3377 explodere
2429 3298 2696 3358 labores:
2722 3323 2788 3374 50

295 3403 619 3477 postremo
643 3403 716 3462 vt
741 3401 1051 3462 scribendi
1078 3399 1527 3474 vicissitudine,
1560 3398 2062 3478 quandoquidem
2090 3397 2413 3459 conuictus
2439 3399 2700 3474 negatus

293 3499 410 3572 est,
441 3502 722 3559 nostram
750 3498 1033 3560 leuemus
1059 3498 1426 3560 absentiam.
1512 3498 1593 3559 In
1623 3498 1849 3577 quibus
1874 3496 1929 3558 si
1957 3497 2139 3558 nobis
2156 3515 2397 3558 morem
2418 3494 2696 3573 gesseris,

293 3618 431 3660 rem
458 3598 649 3658 facies
687 3600 749 3658 et
777 3596 957 3659 nobis
985 3598 1405 3676 gratissimam
1430 3599 1496 3657 et
1526 3599 1638 3657 tuo
1673 3594 1931 3656 nomine
1956 3594 2408 3672 dignissimam.
2496 3594 2701 3655 Pluri-

293 3699 417 3758 bus
457 3696 725 3758 scribere
766 3716 967 3775 neque
1005 3696 1172 3773 licet,
1200 3715 1404 3773 neque
1447 3713 1603 3773 opus
1643 3713 1777 3755 esse
1818 3696 2013 3771 put03
2055 3694 2164 3772 qui
2200 3693 2375 3753 enim
2416 3691 2530 3753 has
2569 3710 2699 3769 per·

292 3798 455 3859 feret
483 3796 712 3871 literas,
745 3795 961 3856 omnia
988 3814 1194 3856 coram
1222 3792 1539 3855 narrabit:
1581 3796 1677 3853 est
1704 3790 1886 3853 nobis
1912 3794 2053 3852 tum
2082 3794 2459 3852 caeterarum
2487 3809 2697 3851 rerum
2724 3808 2784 3861 55

292 3901 437 3958 tum
466 3894 822 3956 studiorum
851 3893 1069 3954 socius.
1156 3893 1314 3954 Vale
1343 3911 1581 3970 nosque
1606 3890 1891 3952 vicissim
1918 3890 2015 3949 fac
2044 3888 2286 3967 diligas.

537 4031 619 4092 38.
656 4043 770 4078 esse
791 4031 964 4077 addidi
983 4045 997 4077 ε
1029 4032 1252 4076 lacunam
1275 4031 1458 4076 indicat
1477 4029 1660 4076 Merula
1683 4044 1695 4075 :
1729 4028 2014 4076 centonem
2036 4028 2222 4073 coniicit
2236 4026 2438 4074 Nichols.

365 4200 446 4246 32.
482 4182 611 4246 Leo]
642 4179 864 4245 printed
898 4183 954 4228 at
986 4176 1174 4227 Gouda
1205 4176 1449 4238 1477-84,
1550 4175 1898 4237 Magnentius
1926 4173 2036 4222 and
2066 4172 2434 4233 Constantius,
2458 4169 2568 4219 and
2602 4169 2700 4219 the

297 4250 409 4301 and
432 4252 489 4298 at
511 4249 776 4308 Antwerp
802 4245 1044 4307 1484-93.
1096 4243 1197 4292 See
1218 4242 1443 4304 Walvis‚
1549 4241 1825 4290 Christian
1841 4241 1998 4289 cento
2015 4236 2331 4286 mentioned
2349 4238 2493 4296 here,
2514 4235 2698 4284 which

293 4320 537 4374 Battum.
570 4319 616 4364 d.
653 4315 774 4362 scaci
809 4315 991 4372 Gauda,
1030 4310 1066 4358 i.
1094 4324 1184 4371 pp.
1217 4322 1407 4370 229-31
1432 4321 1447 4367 ς
1550 4321 1659 4355 was
1682 4304 1964 4354 dedicated
1987 4308 2043 4353 to
2064 4302 2359 4352 Honorius.

296 4384 548 4442 Proctor3
579 4378 691 4430 and
716 4377 831 4427 BN.
1614 4385 1696 4433 39.
1735 4367 1997 4432 comperi]
2041 4369 2153 4418 The
2192 4368 2471 4429 title-page
2507 4364 2566 4415 of
2599 4365 2698 4415 the

362 4462 442 4509 34.
475 4443 673 4509 Isaiae]
690 4442 883 4494 Gouda
899 4441 1008 4490 and
1026 4440 1196 4502 Steyn
1210 4454 1299 4488 are
1316 4438 1449 4488 both
1549 4435 1686 4486 book
1705 4439 1754 4486 is
1770 4436 1937 4485 blank
1959 4452 1974 4497 ;
2007 4450 2076 4483 on
2101 4434 2196 4484 the
2217 4448 2371 4483 verso
2387 4433 2437 4481 is
2453 4432 2697 4481 Canter’s

297 4529 370 4563 on
389 4513 485 4563 the
508 4513 574 4562 N.
600 4508 751 4561 bank
772 4508 834 4557 of
849 4507 945 4556 the
967 4506 1138 4555 Yssel.
1550 4502 1779 4566 preface,
1794 4501 1958 4550 dated
1970 4502 2252 4563 Antwerp,
2270 4493 2693 4562 30July<1489)‚

364 4593 441 4640 3⁶1.
478 4574 710 4639 Probae]
750 4573 902 4623 wife
935 4572 994 4621 of
1022 4570 1245 4621 Clodius
1283 4569 1448 4619 Adel·
1550 4573 1608 4618 to
1635 4568 1726 4617 his
1757 4568 1918 4616 sister
1952 4566 2167 4617 Ursula.
2233 4560 2638 4623 Consequeutly
2667 4575 2702 4607 a

301 4643 475 4708 phius,
544 4641 860 4694 Praefectus
925 4638 1066 4700 urbi,
1123 4651 1238 4698 351.
1338 4636 1448 4685 She
1550 4633 1743 4684 reader
1771 4633 1949 4696 might
1972 4632 2096 4680 well
2126 4632 2192 4680 be
2223 4630 2283 4678 in
2314 4628 2482 4677 doubt
2503 4630 2558 4676 at
2581 4624 2700 4674 first

297 4713 465 4761 wrote
500 4726 571 4760 an
612 4709 734 4771 epic
772 4719 843 4754 on
885 4703 983 4754 the
1021 4717 1162 4752 wars
1201 4703 1444 4750 between
1550 4703 1689 4750 asto
1710 4699 1807 4749 the
1828 4698 2038 4747 author.
