3355 5380
730 386 849 446 540
1433 377 1811 442 Lamnas
1854 378 1961 442 or
2001 377 2406 441 Erasmus
2943 373 3132 460 [1513

641 562 705 610 40
807 536 1030 601 Habeo
1056 539 1372 615 praeterea
1398 535 1601 597 multa
1638 554 1795 615 quae
1832 534 1910 596 ad
1948 536 2093 597 tuas
2134 534 2347 596 literas
2386 534 2819 613 respondeam,
2849 532 3052 595 habeo
3077 539 3137 595 et

723 637 987 715 plenum
1028 634 1344 697 sacculum
1393 653 1721 713 nugarum,
1760 652 1953 712 quem
1991 632 2172 712 cupio
2213 632 2282 694 in
2322 636 2509 694 tuum
2543 633 2760 694 sinum
2801 632 3137 695 effundere.

727 734 1003 797 Proinde
1028 733 1137 795 vbi
1163 731 1272 795 vbi
1297 733 1580 811 primum
1607 731 1731 793 huc
1757 730 2090 807 reueneris,
2118 730 2218 792 fac
2253 731 2567 809 extemplo
2602 734 2675 793 vt
2709 730 2929 794 sciam.
3020 732 3137 793 Sed

724 832 842 896 hoc
881 831 1401 912 praetereundum
1443 836 1572 890 'non
1609 832 1723 905 est,
1769 829 1844 891 P.
1890 828 2358 892 Carmelianum
2399 830 2591 907 Regis
2630 829 2970 891 Scotorum
3015 831 3137 908 epi-

724 931 1019 1010 taphium
1055 940 1256 1009 nuper
1291 928 1566 992 edidisse
1599 927 2019 990 muliebribus
2052 926 2408 989 maledictis
2443 928 2763 1002 refertum,
2794 929 2969 1006 quod
2998 928 3141 989 Pin·

640 1050 703 1102 45
727 1029 958 1093 sonicis
1009 1027 1472 1090 characteribus
1521 1045 1824 1090 excusum
1876 1025 2238 1104 propediem
2294 1025 2505 1104 leges3
2574 1046 2649 1088 eo
2703 1026 3139 1089 Carmelianus

728 1128 930 1207 magis
955 1127 1082 1190 sibi
1107 1127 1310 1205 placet
1336 1145 1524 1205 seque
1551 1124 1755 1202 magis
1780 1124 2049 1186 miratur
2068 1144 2258 1203 quam
2279 1123 2669 1186 catullinus
2687 1123 2799 1185 ille
2821 1124 3137 1200 Suffenus,

727 1229 792 1287 et
832 1229 1047 1288 tamen
1085 1224 1210 1286 nisi
1242 1244 1355 1302 ego
1394 1222 1879 1299 admonuissem,
1899 1223 2204 1299 pullulare
2242 1222 2451 1300 prima
2491 1226 2768 1300 correpta
2807 1224 3135 1301 posuiaeet.

726 1323 1059 1404 Vtcunque
1086 1323 1288 1385 multa
1316 1324 1557 1385 restant
1581 1340 1740 1400 quae
1764 1320 1987 1395 rideas,
2011 1322 2076 1381 et
2101 1320 2423 1399 imprimis
2450 1321 2696 1398 aliquos
2724 1319 3003 1381 inueniri
3033 1322 3139 1400 qui

728 1421 1036 1484 eiusmodi
1063 1421 1332 1500 ineptias
1357 1420 1520 1483 serio
1547 1419 1820 1483 laudent.
1904 1418 2081 1494 Vale,
2111 1418 2205 1481 mi
2230 1419 2607 1482 suauissime
2634 1419 2915 1494 Erasme,
2948 1421 3015 1482 et
3040 1440 3138 1481 me

643 1553 707 1604 50
727 1522 799 1586 vt
823 1520 977 1582 facis
1002 1539 1158 1582 ama.
1247 1518 1536 1582 Londini.
1622 1517 1905 1596 Septimo
1932 1517 2061 1581 cal.
2094 1516 2300 1578 Xbres
2328 1513 2570 1598 [1515]-

810 1618 990 1695 Quod
1018 1638 1119 1679 me
1153 1620 1168 1650 ‘
1185 1618 1601 1680 fortissimum
1619 1617 1636 1644 '
1660 1614 1952 1696 appellas,
1980 1616 2120 1695 pari
2146 1618 2211 1677 te
2237 1614 2472 1677 talione
2499 1616 2860 1693 percutiam.

1352 1815 1502 1883 281.
1592 1813 1689 1878 To
1733 1813 2054 1879 Annam
2099 1812 2507 1879 Auxoume

801 1933 1047 2007 Farrago
1074 1953 1129 2006 p.
1157 1936 1276 1991 218.
2544 1930 2906 2005 Cambridge.

799 2021 859 2076 F.
885 2039 942 2093 p.
969 2036 1106 2093 347:
1145 2021 1282 2077 HN:
1321 2020 1498 2076 Lond.
1523 2018 1642 2075 viii.
1669 2036 1773 2077 21:
1809 2019 1924 2076 LB.
1954 2034 2073 2090 129.
2387 2020 2459 2076 26
2484 2018 2801 2078 November
2829 2018 2893 2094 (ι
2907 2020 3068 2096 513).

798 2141 848 2207 [ι
854 2156 969 2205 513,
984 2143 1209 2192 because
1231 2142 1291 2191 of
1304 2141 1647 2192 Ammonius'
1663 2142 1890 2191 absence
1912 2144 1970 2190 at
1991 2140 2087 2190 the
2104 2155 2231 2191 war.
2287 2140 2455 2190 Briau
2490 2156 2602 2191 was
2620 2142 2719 2191 the
2741 2144 2948 2193 carrier
2971 2144 3031 2193 of
3046 2145 3138 2195 the

730 2206 909 2259 letter.
976 2208 1056 2259 Cf.
1080 2208 1177 2272 Ep.
1202 2208 1315 2258 282.
1342 2222 1422 2271 24,
1444 2222 1476 2270 5
1495 2224 1510 2268 ς
1543 2208 1606 2257 in
1626 2206 1813 2256 which
1833 2206 1932 2258 the
1953 2206 2121 2256 latter
2139 2207 2263 2269 part
2283 2206 2342 2256 of
2359 2207 2472 2257 this
2494 2206 2657 2257 letter
2678 2209 2726 2257 is
2748 2209 3053 2275 repeated]

924 2339 1242 2389 ERASMVS
1286 2339 1800 2389 Ro'rssnonanvs
1843 2337 2174 2387 ANDREAE
2220 2337 2552 2388 AMMONIO
2599 2340 2723 2388 SVO
2768 2342 2821 2388 Β.
2869 2342 2940 2389 D.

810 2460 1099 2524 Enna-ro
1135 2462 1263 2524 iam
1304 2461 1638 2540 magnifica
1677 2459 1790 2522 illa
1829 2463 2288 2538 stratagemata,
2324 2463 2465 2522 tum
2506 2465 2816 2540 quantum
2857 2461 2929 2522 in
2961 2465 3141 2527 zonis

727 2557 816 2623 sit
853 2559 1132 2622 anatum.
1219 2560 1600 2638 Scripseram
1641 2558 1720 2620 ad
1762 2562 1824 2620 te
1866 2557 1935 2619 in
1977 2557 2197 2621 castris
2235 2562 2528 2636 agentem
2566 2560 2763 2622 semel
2803 2564 2867 2621 et
2904 2561 3139 2622 iterum

729 2678 841 2738 per
893 2658 978 2723 M.
1038 2658 1343 2721 Ioannem
1395 2657 1872 2737 Lothoringum.
1979 2655 2179 2718 Nobis
2232 2656 2490 2720 interim
2541 2678 2674 2720 non
2727 2660 2944 2721 minus
2997 2679 3138 2722 acre

692 2756 970 2820 'bellum
1023 2757 1143 2819 fuit
1197 2778 1342 2819 cum
1397 2757 1643 2819 mendis
1690 2757 1956 2818 Senecae
2010 2774 2081 2817 ac
2131 2754 2509 2835 Hieronymi
2564 2777 2755 2836 quam
2810 2757 2935 2820 tibi
2991 2777 3139 2820 cum

677 2874 705 2924 5
732 2856 950 2920 Gallis.
1036 2856 1409 2935 Quanquam
1450 2876 1580 2917 non
1616 2854 1856 2916 fuimus
1891 2855 1961 2915 in
1999 2854 2232 2930 casn-is,
2265 2857 2481 2916 tamen
2519 2856 2596 2916 de
2624 2856 2883 2919 Gallicis
2919 2875 3140 2918 manu·

730 2954 854 3015 biis
890 2955 1102 3017 decem
1139 2958 1460 3016 coronatos
1494 2954 1667 3016 dedit
1694 2952 2158 3014 Dunelmensis.
2244 2953 2368 3016 Sed
2404 2954 2557 3016 haec
2593 2974 2739 3018 cum
2774 2957 2839 3015 te
2872 2952 3097 3015 videro
3122 2976 3139 3028 3

729 3050 988 3115 interim
1013 3052 1229 3116 literas
1255 3058 1397 3115 tuas
1424 3047 1680 3131 expecto
1708 3051 2032 3114 militares.
2117 3050 2292 3112 Bene
2317 3050 2474 3128 vale,
2504 3052 2701 3114 amice
2727 3052 3094 3131 singularis.

812 3151 1265 3231 cantabrigiae.
1336 3170 1406 3212 ’π
1434 3149 1738 3214 calendas
1767 3150 2154 3212 Decembres-

812 3249 956 3311 Non
1000 3253 1096 3311 est
1141 3270 1386 3312 necesse
1430 3250 1633 3327 rogari
1672 3254 1735 3311 te
1776 3248 1941 3327 quod
1983 3267 2230 3326 semper
2270 3251 2379 3311 tua
2419 3251 2641 3327 sponte
2676 3249 2867 3323 facis3
2916 3250 3138 3311 tamen

647 3377 707 3413 ιο
731 3368 878 3426 rogo
914 3349 987 3409 vt
1022 3349 1080 3409 si
1113 3350 1360 3427 quando
1396 3348 1691 3410 inciderit
1725 3346 2174 3427 opportunitas,
2209 3347 2746 3409 commendatione
2781 3347 2955 3409 vocis
2990 3351 3140 3410 tuae

730 3447 907 3508 iuues
961 3465 1062 3506 res
1116 3450 1376 3508 nostrae.
1489 3447 1748 3508 Certum
1801 3444 1905 3507 his
1968 3445 2291 3506 mensibus
2355 3445 2566 3524 paucis
2630 3465 2869 3508 sacram
2939 3446 3141 3509 iacere

731 3562 1066 3619 ancoram;
1111 3545 1169 3606 si
1223 3545 1521 3620 succedet,
1570 3543 1966 3624 imaginabor
2012 3544 2175 3603 hanc
2222 3563 2355 3604 esse
2400 3543 2561 3605 mihi
2604 3544 2888 3621 patriam,
2943 3564 3137 3623 quam

733 3639 973 3701 Romae
1016 3641 1288 3719 praetuli
1335 3645 1398 3703 et
1445 3643 1516 3705 in
1563 3663 1687 3722 qua
1733 3662 1835 3704 me
1884 3644 2171 3704 senectus
2225 3641 2675 3720 deprehendit3
2740 3644 2842 3705 sin
2896 3644 3133 3718 minus,

732 3737 1104 3817 abrumpam
1132 3758 1251 3817 me,
1278 3760 1393 3800 nec
1420 3741 1634 3821 magni
1676 3741 1868 3803 refert
1895 3760 2035 3819 quo,
2059 3743 2225 3801 certe
2256 3740 2413 3803 alibi
2439 3742 2800 3804 moriturus.
2859 3741 3141 3821 Superos

731 3886 1013 4015 9223}
1028 3899 1175 4001 3⁵¹⁵
1195 3889 1311 3935 aad.
1337 3890 1404 3939 H.
1689 3889 1802 3940 281.
1822 3903 1871 3950 3.
1906 3887 1977 3938 Μ.
2000 3903 2088 3938 cns.
2116 3891 2181 3940 Η.
2462 3890 2512 3942 6.
2547 3891 2602 3938 N
2617 3907 2631 3940 ε
2664 3889 3056 3942 Dulnemensis
3076 3896 3136 3941 E.

798 4087 910 4135 280.
948 4100 1033 4145 41.
1057 4085 1354 4149 sacculum]
1381 4085 1459 4137 Cf.
1487 4085 1603 4136 Cat.
1637 4099 1712 4147 13·
1736 4087 1785 4136 8.
2047 4102 2095 4147 4.
2148 4086 2352 4137 bellum
2426 4087 2531 4138 For
2567 4088 2682 4137 this
2721 4088 2831 4139 and
2869 4089 2971 4139 the
3001 4093 3138 4139 next

799 4166 879 4213 43.
906 4151 1064 4214 Regis
1081 4151 1388 4218 Scotorum]
1412 4152 1446 4200 J
1448 4167 1595 4202 ames
1616 4166 1686 4214 xv,
1709 4152 1882 4202 killed
1981 4156 2232 4202 sentence
2255 4153 2322 4203 cf.
2397 4170 2456 4218 p.
2476 4168 2590 4215 325.
2759 4220 2770 4231 ²

734 4216 1470 4348 “.ἷ1.“ῗὲἓὲἓόἐὲἰῗῗέἓιῖῗς
1492 4298 1603 4332 w..
1635 4283 1876 4347 printed,
1982 4218 2821 4347 ...fssxmffsst‘ifssss‘ssz
2835 4220 3138 4349 {3331ss

736 4363 808 4398 no
834 4364 968 4412 copy
991 4363 1164 4399 seems
1185 4353 1243 4397 to
1264 4349 1403 4398 have
1424 4348 1695 4399 survived.
1979 4348 2105 4398 who
2137 4349 2197 4398 in
2230 4364 2263 4398 a
2298 4350 2458 4400 letter
2489 4352 2546 4400 to
2577 4350 2831 4400 Erasmus
2861 4349 2941 4418 (c.
2971 4351 3141 4418 1526)

800 4427 882 4475 51·
919 4413 1142 4479 talione]
1167 4414 1247 4464 cf.
1277 4414 1370 4476 Ep.
1397 4415 1663 4475 ὤας-33η.
1980 4413 2173 4463 recalls
2208 4415 2306 4463 the
2341 4416 2476 4465 time
2513 4415 2759 4478 ‘quando
2795 4419 2978 4466 tecum
3016 4420 3137 4482 ipse

800 4481 913 4529 281.
937 4494 986 4540 3.
1025 4479 1288 4529 Ioannem
1307 4477 1724 4543 Lethon-iugum]
1759 4478 1880 4528 Pro·
1979 4479 2178 4529 Senece
2199 4480 2369 4529 libros
2400 4496 2464 4531 ac
2486 4481 2755 4532 Ieronimi
2778 4482 3048 4543 quosdam
3074 4484 3137 4532 in

736 4545 899 4606 bably
941 4559 975 4595 a
1023 4547 1246 4594 servant
1289 4547 1348 4593 of
1385 4543 1726 4593 Ammonius.
1794 4543 1883 4594 He
1979 4543 2227 4608 Reginali
2250 4546 2595 4610 cantabrigie
2618 4546 2856 4611 Collegio
2888 4548 3142 4613 perlegi.v

736 4610 783 4658 is
806 4610 923 4660 first
943 4609 1261 4662 mentioned
1283 4610 1344 4659 in
1367 4609 1462 4673 Ep.
1484 4624 1596 4674 255.
1651 4609 1753 4659 See
1769 4610 1883 4660 also
1980 4609 2207 4659 Breslau
2230 4611 2340 4662 MS.
2368 4611 2536 4662 Rehd.
2564 4627 2676 4675 254.
2699 4626 2752 4674 5.

736 4675 866 4740 Epp.
894 4689 990 4738 273
1011 4674 1121 4726 and
1144 4677 1257 4726 282.
1671 4729 1674 4732 ,
2044 4677 2092 4727 6.
2130 4676 2433 4742 coronatos]
2459 4678 2539 4729 Cf.
2565 4679 2661 4742 Ep.
2688 4679 2805 4728 280.
2829 4693 2911 4741 3¹·
