3355 5380
723 364 840 421 282
1416 357 1793 419 LETTERS
1852 356 1959 419 OF
2015 357 2365 418 ERASMU
2370 357 2414 417 S
2931 354 3116 437 [1500

724 517 1110 596 exploratum
1150 519 1444 594 pergente
1484 516 1828 576 restituunt
1863 534 1989 575 vna
2025 535 2170 574 cum
2206 515 2470 592 script03
2532 534 2656 591 quo
2692 516 2891 574 semet
2929 514 3119 574 mani·

719 615 1094 676 festissimae
1135 614 1430 675 vanitatis
1471 614 1830 691 arguebant.
1935 614 2283 690 Supersunt
2330 612 2491 672 mihi
2544 615 2675 672 tres
2729 611 2961 672 scutati
3013 612 3120 672 ini-

602 741 696 791 250
720 714 1010 792 quissimi
1034 713 1340 791 ponderis,
1417 711 1789 790 Hospitium
1815 711 2075 773 adiunxi
2101 731 2246 770 cum
2274 710 2639 787 Augustino
2657 712 2868 771 vetere
2894 710 3119 770 amico:

718 811 996 872 viuimus
1050 813 1119 871 in
1173 810 1374 871 literis
1425 811 1703 872 tenuiter
1755 809 2026 887 quidem,
2089 828 2201 869 nec
2247 811 2421 869 tuam
2477 810 2693 869 tamen
2748 807 2866 868 tibi
2919 827 3123 868 arcem

718 909 1080 971 inuidemus
1108 955 1123 970 .
1155 955 1169 970 .
1205 954 1219 968 .
1254 954 1267 969 .

723 1084 870 1147 120.
941 1081 1143 1145 Facu
1174 1079 1407 1146 JAMEs
1437 1078 1631 1144 BAT‘r
1661 1096 1747 1144 'ro
1779 1078 2125 1145 WILLIAM
2159 1078 2466 1158 BLotm'r,
2501 1076 2696 1142 Lom)
2727 1077 3127 1142 Moumsor.

792 1201 1038 1272 Farrago
1062 1219 1118 1271 p.
1146 1215 1267 1269 247.
2588 1196 2970 1253 Tournehem.

791 1289 854 1347 F.
879 1308 938 1360 p.
963 1303 1100 1358 370:
1141 1287 1281 1343 HN:
1320 1288 1495 1343 Lond.
1523 1286 1636 1340 viii.
1668 1300 1765 1358 53:
1804 1286 1916 1341 LB.
1942 1288 2031 1342 62.
2511 1283 2871 1356 (February)
2896 1286 3057 1358 stag.

794 1392 1114 1458 [Evidently
1135 1394 1545 1455 contemporary
1567 1392 1706 1440 with
1729 1390 1824 1454 Ep.
1852 1405 1957 1454 119.
2028 1391 2272 1439 written
2304 1389 2446 1438 after
2466 1389 2739 1439 Erasmus*
2761 1390 3052 1454 departure
3075 1395 3131 1439 to

727 1458 880 1508 Paris
902 1459 963 1520 (l.
993 1460 1098 1520 36),
1126 1459 1226 1507 but
1258 1457 1519 1521 probably
1541 1457 1721 1506 before
1744 1457 1841 1505 the
1865 1456 2063 1506 arrival
2088 1458 2146 1505 of
2163 1456 2257 1514 Ep.
2290 1469 2382 1516 119
2415 1457 2470 1503 at
2498 1455 2854 1517 Toumehem‚
2882 1470 2942 1504 as
2972 1457 3128 1504 there

726 1526 775 1573 is
798 1539 870 1572 no
890 1524 1123 1572 allusion
1144 1526 1205 1572 to
1226 1522 1494 1572 Erasmus’
1515 1522 1730 1571 further
1749 1523 2003 1572 troubles.
2077 1522 2177 1571 ΗΓ.
2202 1521 2438 1582 Nichols,
2466 1522 2660 1583 noting
2682 1522 2805 1570 that
2826 1521 2943 1570 this
2964 1523 3014 1570 is
3035 1522 3129 1571 the

727 1591 858 1652 only
887 1591 1047 1639 letter
1075 1591 1148 1651 by
1169 1589 1300 1638 Batt
1328 1588 1610 1651 preserved
1631 1587 1693 1636 in
1725 1588 1991 1637 Erasmus·
2014 1587 2485 1650 correspondence,
2513 1590 2749 1649 suggests
2782 1587 2907 1636 that
2938 1588 2987 1635 it
3019 1602 3133 1636 was

724 1657 947 1703 written
971 1657 1043 1717 by
1065 1655 1320 1704 Erasmus
1345 1653 1580 1702 himself.
1643 1654 1753 1702 But
1774 1654 1979 1715 though
2005 1653 2119 1701 this
2143 1654 2190 1701 is
2214 1652 2412 1713 hardly
2434 1666 2732 1714 necessary,
2758 1652 2917 1700 there
2940 1667 3042 1701 can
3067 1654 3131 1701 be

726 1735 798 1769 no
831 1721 998 1769 doubt
1031 1721 1156 1769 that
1189 1719 1285 1768 the
1319 1719 1480 1768 letter
1512 1734 1624 1768 was
1659 1720 1880 1767 written
1916 1723 1974 1768 at
2008 1718 2281 1767 Erasmus·
2314 1718 2574 1780 instance,
2610 1719 2674 1766 cf.
2708 1718 2802 1780 Ep.
2842 1719 2925 1778 84,
2953 1717 3004 1766 if
3033 1723 3131 1767 not

723 1785 962 1848 actually
985 1785 1264 1848 composed
1287 1786 1359 1848 by
1381 1785 1516 1833 him.
1585 1785 1840 1833 Erasmus
1861 1787 2030 1833 wrote
2053 1785 2110 1832 to
2134 1782 2417 1845 Hountjoy
2430 1783 2572 1832 from
2591 1783 2934 1832 Tournehem
2957 1785 3018 1832 in
3042 1784 3132 1832 his

724 1867 844 1900 own
870 1866 1030 1899 name
1057 1850 1144 1911 (cf.
1172 1851 1266 1913 Ep.
1303 1850 1411 1898 128.
1437 1864 1518 1912 30,
1551 1853 1619 1914 1),
1643 1850 1917 1899 doubtless
1937 1849 2174 1911 relating
2196 1850 2284 1897 his
2301 1849 2651 1897 missortunes
2671 1851 2730 1897 at
2752 1848 2975 1914 Dover.]

891 1983 1177 2030 IAcossvs
1222 1981 1486 2029 BATTVS
1530 1982 1941 2029 GVILHELMO
1985 1980 2332 2029 MONTIOIO
2378 1980 2958 2029 ADOLESGENTVLO

1547 2068 2098 2117 GENEBOSISSIMO
2144 2069 2198 2115 S.
2246 2068 2314 2116 D.

803 2187 1391 2247 Exrscnnssmvs
1431 2186 1990 2264 optatissimusque
2031 2186 2191 2246 mihi
2234 2188 2367 2246 erat
2408 2185 2657 2244 Erasmi
2697 2185 2823 2245 mei
2865 2185 3128 2257 reditus,

722 2304 850 2345 non
878 2285 1043 2361 quod
1086 2304 1234 2344 eum
1274 2284 1391 2344 tibi
1432 2284 1801 2358 inuiderem,
1839 2285 1946 2345 sed
1986 2285 2150 2362 quod
2193 2284 2330 2344 sine
2371 2284 2559 2344 modo
2598 2303 2893 2345 amarem.
2986 2284 3130 2343 Non

722 2383 901 2460 potui
953 2386 1165 2443 tamen
1220 2403 1347 2443 non
1402 2382 1676 2459 grauiter
1723 2381 2083 2456 excruciari,
2134 2381 2241 2441 vbi
2289 2381 2398 2440 ille
2446 2381 2607 2441 mihi
2661 2381 3132 2444 acerbissimam

720 2480 899 2541 illam
924 2501 1105 2541 suam
1132 2480 1517 2558 tragoediam
1545 2481 1917 2553 denarrauit,
1951 2499 2144 2557 quam
2168 2499 2283 2555 ego
2311 2479 2516 2539 multo
2544 2483 2689 2539 ante
2722 2478 2936 2539 animo
2964 2499 3134 2557 prae-

668 2607 698 2658 5
724 2580 1049 2655 sagieram.
1125 2580 1289 2654 Quid
1311 2579 1411 2639 illi
1439 2600 1568 2639 non
1594 2582 1941 2639 metueram
1960 2581 1993 2639 ’Β
2055 2579 2312 2652 Quoties
2338 2578 2626 2655 grauiora
2650 2579 2841 2638 etiam
2863 2579 3137 2639 somnia·

726 2698 939 2739 ueram
956 2680 989 2738 ἱ)
1070 2680 1135 2739 et
1187 2678 1314 2739 iam
1369 2680 1507 2739 tum
1565 2678 1641 2739 de
1698 2678 1876 2738 illius
1929 2676 2203 2738 fortunis
2267 2677 2450 2737 anxie
2505 2675 2867 2754 cogitabam,
2933 2698 3133 2754 quum

727 2778 888 2838 mihi
928 2778 1063 2837 eius
1109 2776 1370 2855 epistola
1410 2777 1788 2838 redderetur.
1877 2776 2214 2853 Vtcunque
2259 2776 2490 2850 euenit,
2534 2776 2811 2853 gaudeo;
2866 2776 3130 2853 gaudeo.

727 2874 1185 2937 humanissime
1224 2876 1459 2949 Comes,
1511 2875 1674 2953 quod
1725 2879 1857 2935 tam
1914 2873 2163 2935 dulcem
2212 2873 2457 2933 animae
2512 2893 2686 2933 meae
2738 2876 2985 2950 partem
3008 2878 3011 2879 ⁷
3032 2874 3133 2934 vel

726 2973 1021 3034 mutilam
1061 2977 1246 3050 atque
1282 2976 1569 3034 vexatam
1609 2973 1984 3051 receperim;
2025 2972 2277 3032 tametsi
2319 2991 2449 3031 non
2489 2972 2580 3033 ita
2618 2972 2905 3050 improbe
2943 2972 3132 3033 illum

643 3101 703 3137 10
726 3092 885 3148 ame,
920 3072 1075 3149 quin
1114 3073 1446 3134 maluerim
1483 3073 1801 3149 integrum
1843 3071 2008 3149 apud
2037 3073 2102 3130 te
2138 3070 2508 3132 remansisse
2548 3090 2737 3149 quam
2778 3070 2869 3130 sic
2911 3072 3135 3149 spolia?

723 3174 864 3231 tum
911 3173 975 3230 et
1024 3172 1155 3231 tam
1201 3170 1436 3246 insigni
1482 3169 1865 3230 contumelia
1909 3169 2248 3247 spoliatum
2295 3170 2372 3230 ad
2422 3189 2537 3229 nos
2583 3169 2829 3230 mdisse.
2921 3171 3132 3232 Deum

725 3267 1166 3341 immortalem,
1200 3287 1280 3327 ne
1306 3268 1516 3327 Musas
1542 3268 1797 3344 quidem
1835 3288 1904 3328 ac
1940 3267 2155 3327 literas
2193 3266 2272 3327 ab
2301 3268 2582 3345 Harpyis
2621 3267 2750 3327 illis
2786 3271 2963 3330 tutas
2999 3288 3133 3332 esse

729 3385 907 3444 posse
924 3368 958 3427 ⁴?
1013 3366 1267 3426 Platoni
1287 3366 1451 3443 apud
1472 3366 1813 3444 Aeginetae
1841 3365 2080 3442 profuit
2106 3364 2178 3424 in
2206 3365 2469 3425 crimine
2497 3366 2746 3443 capitali
2774 3367 2946 3443 quod
2967 3372 3136 3427 esset

728 3463 1156 3542 philosophus.
1226 3463 1510 3524 Phalaris
1529 3463 2026 3524 immanissimus
2055 3463 2164 3523 ille
2186 3482 2334 3541 erga
2352 3463 2666 3524 medicum
2690 3483 2881 3525 suum
2902 3465 3138 3543 Pytha-

645 3587 701 3636 15
726 3581 945 3639 goram
975 3562 1421 3639 philosophum
1442 3565 1506 3622 et
1528 3561 2000 3623 Sthesichorum
2019 3565 2266 3640 poetam
2287 3581 2535 3622 summa
2560 3582 2712 3625 vsus
2738 3564 2972 3640 legitur
2990 3567 3135 3624 tum

731 3660 1124 3721 humanitate
1149 3664 1290 3720 tum
1323 3660 1709 3721 liberalitate.
1795 3661 2035 3721 Verum
2063 3661 2215 3737 quid
2242 3661 2311 3720 in
2340 3681 2407 3720 re
2436 3661 2758 3739 desperata
2782 3681 2957 3722 serae
2996 3683 3136 3740 pro-

730 3761 882 3818 sunt
921 3758 1344 3835 querimoniae
1359 3760 1393 3819 ⁴?
1476 3758 1842 3831 Ferendum,
1888 3777 2018 3818 non
2066 3758 2463 3836 culpandum,
2513 3760 2678 3837 quod
2721 3761 2960 3822 mutari
2999 3780 3136 3821 non

728 3859 934 3934 potest
955 3879 971 3932 ;
1010 3856 1373 3935 praesertim
1395 3858 1558 3933 quod
1579 3857 1949 3934 pudendum
1968 3857 2338 3932 existimem,
2364 3857 2663 3936 cumipse
2682 3878 2865 3920 suam
2886 3858 3137 3921 calami·

729 3957 924 4016 tatem
960 3957 1090 4015 tam
1129 3954 1393 4015 infracto
1431 3957 1685 4032 tamque
1717 3955 2030 4033 praesenti
2068 3954 2279 4016 animo
2320 3954 2492 4031 ferat,
2524 3975 2627 4015 me
2667 3956 2960 4018 fractior-e
3000 3976 3137 4017 esse

646 4078 707 4113 πο
730 4053 963 4115 animO.

811 4153 865 4214 Ο
908 4172 1041 4212 rem
1087 4151 1461 4229 praeclaram
1508 4149 1983 4229 philosophiam,
2030 4172 2219 4229 quam
2267 4151 2376 4212 ille
2421 4172 2668 4231 semper
2712 4156 2777 4213 et
2823 4154 3023 4214 coluit
3075 4157 3141 4216 et

733 4251 1150 4329 praedicauit!
1194 4249 1407 4309 Meum
1436 4252 1570 4310 erat
1596 4248 1867 4309 officium
1902 4249 2076 4311 illius
2113 4251 2566 4328 aegritudinem
2592 4251 2875 4312 oratione
2904 4252 3143 4326 lenire;

734 4352 799 4410 at
826 4349 939 4408 ille
964 4349 1174 4409 ridens
1199 4366 1371 4407 meas
1397 4347 1752 4425 lachrymas
1781 4347 2193 4425 reprehendit,
2220 4347 2506 4426 bonoque
2532 4348 2745 4409 animo
2765 4368 2903 4410 esse
2927 4350 3137 4412 iussit.

735 4448 914 4509 ‘Nihil
941 4467 1008 4508 se
1035 4446 1350 4525 poenitere
1376 4447 1566 4506 etiam
1595 4445 1853 4520 dicebat,
1881 4446 2045 4523 quod
2076 4446 2377 4524 Angliam
2404 4446 2702 4524 petisset;
2742 4467 2874 4508 non
2902 4447 3146 4526 perisse

648 4578 706 4629 ²5
733 4549 911 4609 illam
947 4546 1275 4625 pecuniam
1310 4544 1445 4605 sine
1485 4544 1756 4605 maximo
1783 4548 2059 4623 quaestu,
2088 4548 2412 4622 propterea
2440 4546 2604 4623 quod
2642 4545 2784 4607 istic
2826 4548 3146 4609 eiusmodi

1629 4672 1705 4719 13.
1742 4661 1812 4708 r:
1847 4658 2138 4721 Aeginam
2159 4661 2216 4707 Ε.
