3355 5380
692 401 767 458 78
1387 396 1763 459 LETTERS
1817 396 1922 457 OF
1976 396 2374 458 ERASMUS
2877 390 3074 475 [1487

1349 637 1411 701 5.
1499 634 1597 699 To
1643 633 2038 699 Ssava'rms
2081 633 2409 698 Roossns

756 719 873 783 LB,
891 721 1037 793 App.
1055 722 1184 804 488.
2710 715 2979 789 (Stsyn.)

749 880 878 944 [For
898 880 994 929 the
1016 894 1201 930 source
1223 878 1282 928 of
1298 879 1412 929 this
1435 878 1544 928 and
1562 879 1658 928 the
1681 877 1842 928 other
1861 876 2116 941 eighteen
2138 877 2324 928 letters
2347 876 2409 925 of
2423 875 2538 926 this
2560 786 2775 941 pel-ig,-
2790 786 3079 925 1383th

683 945 841 996 there
861 946 911 995 is
930 960 1004 996 no
1024 945 1219 996 earlier
1241 944 1521 1007 authority
1543 944 1685 994 than
1709 944 1831 1008 LB„
1859 959 1946 994 see
1968 944 2110 1006 App.
2133 944 2168 992 8
2189 942 2301 992 and
2322 940 2399 1008 9.]

1121 1050 1433 1100 Enasmvs
1478 1051 1982 1100 ROTERODAuvs
2025 1049 2366 1099 SEBVA‘HO
2410 1050 2534 1100 SVO
2577 1052 2631 1100 S.

766 1139 1123 1216 vaqvu
1154 1160 1267 1218 ego
1295 1139 1401 1218 qui
1428 1141 1491 1200 te
1519 1139 1826 1201 consolari
1851 1139 2048 1217 cupio,
2073 1138 2210 1217 ipse
2238 1138 2437 1216 magis
2464 1137 2877 1199 consolandus
2900 1156 3068 1213 sum,

685 1258 828 1300 cum
863 1238 1007 1318 quia
1038 1239 1291 1299 nullum
1328 1238 1699 1300 calamitatis
1743 1257 1940 1316 genus
1980 1254 2300 1315 supereoee
2338 1235 2587 1297 videtur
2625 1237 2789 1315 quod
2831 1254 2961 1297 non
3002 1235 3080 1296 in

687 1336 819 1397 dies
858 1336 1149 1414 experiar,
1196 1338 1335 1396 tum
1376 1336 1524 1414 quia
1560 1335 1930 1397 iamdudum
1970 1335 2132 1397 nibil
2174 1333 2462 1396 omnium
2498 1354 2712 1396 rerum
2748 1333 3083 1396 molestius

687 1434 821 1496 fero
874 1439 1058 1514 atque
1111 1434 1393 1494 acerbius
1438 1453 1627 1513 quam
1681 1438 1822 1495 tuas
1867 1433 2061 1494 vnius
2115 1434 2435 1509 miserias;
2503 1435 2713 1493 tamen
2761 1433 2826 1494 id
2875 1432 3084 1493 effecit

632 1552 660 1602 5
689 1532 1056 1611 praecipuus
1107 1531 1177 1593 in
1232 1535 1296 1592 te
1349 1552 1530 1593 meus
1583 1552 1777 1607 amor,
1840 1531 1931 1592 mi
1978 1530 2224 1593 Seruati
2277 1531 2665 1605 suauissime,
2726 1531 2798 1591 vt
2848 1531 3087 1609 proprii

690 1630 1025 1690 immemor
1065 1631 1177 1690 tuo
1218 1629 1453 1690 mederi
1495 1630 1697 1691 dolori
1738 1630 2126 1692 contendam
2213 1630 2331 1689 Ais
2367 1629 2538 1689 enim
2564 1628 2684 1690 tibi
2710 1647 2847 1690 esse
2871 1629 3087 1691 nescio

691 1725 841 1805 quid
897 1727 1063 1805 quod
1108 1727 1448 1789 admodum
1502 1746 1681 1805 aegre
1737 1728 1917 1802 feras,
1978 1727 2141 1806 quod
2199 1729 2261 1788 te
2315 1727 2542 1788 misere
2594 1726 2864 1803 afflictet,
2914 1727 3087 1806 quod

693 1824 957 1902 denique
1011 1824 1208 1885 vitam
1261 1825 1378 1885 tibi
1423 1826 1644 1887 reddat
1703 1826 2126 1887 iniucundam.
2227 1826 2324 1901 Id,
2375 1827 2626 1887 tametsi
2659 1828 2732 1887 tu
2771 1826 3079 1899 reticeres,

691 1922 919 1983 frontis
954 1922 1351 2002 corporisque
1378 1925 1475 1985 tui
1508 1924 1762 1986 habitus
1799 1924 2090 2003 loquitur.
2178 1922 2316 1999 Quo
2351 1924 2522 1984 enim
2563 1924 2715 1986 abiit
2755 1922 2941 1984 solita
2973 1922 3087 1984 illa

607 2035 667 2071 10
694 2022 759 2080 et
821 2020 1176 2097 gratissima
1245 2021 1462 2083 vultus
1541 2022 1843 2098 hilaritas,
1930 2022 2272 2099 pristinum
2343 2022 2503 2083 illud
2568 2023 2806 2083 formae
2875 2021 3082 2098 decus,

696 2117 1017 2179 oculorum
1044 2119 1347 2180 vinacitas
1367 2121 1400 2180 ⁴?
1451 2120 1634 2181 Vnde
1675 2120 1827 2181 haec
1868 2121 2144 2197 profecta
2176 2123 2273 2181 est
2312 2139 2534 2199 parum
2570 2121 2730 2181 laeta
2766 2119 3089 2181 luminum

696 2216 957 2278 deiectio
979 2218 1012 2278 *Ρ
1068 2217 1253 2278 Vnde
1293 2218 1445 2278 haec
1485 2222 1634 2279 nata
1669 2221 1765 2279 est
1806 2218 2055 2279 assidua
2087 2222 2333 2296 praeter
2372 2218 2626 2279 solitum
2664 2218 3083 2294 taciturnitas,

695 2314 861 2375 vnde
906 2315 1027 2376 ista
1068 2315 1137 2375 in
1176 2314 1362 2375 vultu
1400 2315 1567 2394 aegri
1607 2316 1842 2393 species
1860 2318 1893 2378 *Ρ
1973 2316 2274 2392 Profect0,
2318 2319 2389 2378 vt
2427 2316 2536 2378 ille
2567 2316 2675 2393 ait,

1102 2412 1461 2490 Deprendas
1498 2412 1697 2475 animi
1736 2417 2049 2475 tormenta
2087 2414 2344 2476 latentis
2385 2414 2457 2475 in
2497 2434 2678 2493 aegro

613 2533 672 2584 15
1105 2512 1390 2589 Corpore,
1440 2512 1788 2590 deprendas
1830 2515 1895 2573 et
1936 2513 2176 2592 gaudia,
2222 2513 2417 2574 sumit
2456 2516 2790 2591 vtrumque

1102 2609 1260 2670 Inde
1301 2609 1590 2671 habitum
1631 2610 1835 2672 facies.

783 2709 1037 2771 Certum
1070 2713 1166 2771 est
1205 2709 1413 2788 igitur,
1452 2710 1542 2771 mi
1581 2710 1841 2786 Seruati‚
1884 2709 2118 2790 aliquid
2159 2730 2295 2771 esse
2334 2711 2498 2790 quod
2536 2713 2598 2771 te
2637 2712 2803 2772 male
2840 2710 3093 2784 habeat,
3131 2745 3140 2754 -

701 2806 864 2884 quod
891 2805 1008 2867 tibi
1032 2807 1362 2885 pristinam
1389 2808 1816 2869 valetudinem
1835 2808 2087 2869 adimat.
2173 2807 2293 2870 Sed
2315 2808 2463 2887 quid
2494 2828 2609 2887 ego
2635 2828 2804 2870 nunc
2824 2808 3094 2870 faciam?

703 2905 1082 2968 Consolerne
1107 2926 1190 2968 an
1223 2907 1573 2968 stomacher
1593 2908 1626 2968 *Ρ
1681 2907 1808 2969 Cur
1835 2907 2005 2967 enim
2034 2906 2197 2968 celas
2233 2926 2335 2967 me
2369 2907 2649 2968 dolorem
2684 2911 2885 2982 tuum,
2912 2908 3098 2986 quasi

617 3022 679 3058 20
704 3003 831 3064 iam
870 3025 1001 3066 non
1041 3005 1326 3067 norimus
1365 3024 1482 3065 nos
1524 3005 1693 3066 inter
1728 3024 1845 3067 nos
1863 3007 1896 3067 *Ρ
1980 3005 2160 3067 Adeo
2200 3005 2373 3066 enim
2419 3005 2731 3083 profundo
2770 3005 2982 3067 animo
3021 3026 3095 3066 es

704 3105 775 3164 vt
794 3123 876 3163 ne
894 3102 1270 3164 amicissimo
1299 3102 1551 3181 quidem
1580 3102 1808 3178 credas,
1838 3122 1919 3163 ne
1938 3103 2239 3165 fidissimo
2265 3104 2519 3181 quidem
2546 3103 2738 3180 fidas3
2779 3124 2861 3165 an
2889 3104 3097 3166 nescis

705 3201 998 3277 quoniam
1051 3203 1254 3261 tectus
1305 3199 1508 3277 magis
1559 3202 1802 3261 aestuat
1853 3202 2020 3278 ignis
2040 3203 2073 3263 ⁶?
2169 3201 2416 3280 Ergone
2466 3201 2566 3263 vis
2620 3203 2792 3263 solus
2844 3207 3097 3281 portare

705 3299 1024 3376 angustias
1047 3299 1314 3376 pectoris
1340 3298 1453 3374 tui,
1487 3317 1713 3375 ergone
1745 3298 1842 3360 vis
1868 3303 2090 3377 sponte
2116 3300 2315 3379 perire
2342 3303 2407 3361 et
2434 3319 2562 3361 vna
2588 3299 3097 3361 amantissimum

706 3395 801 3457 tui
854 3396 1132 3458 occidere
1152 3399 1185 3459 *Ρ
1292 3396 1473 3458 Heus
1519 3396 1794 3474 impium
1858 3398 2161 3473 animum,
2214 3419 2252 3460 o
2305 3401 2585 3460 mentem
2640 3399 3098 3460 inhumanam!

621 3509 679 3558 25
708 3492 969 3556 Hiocine
996 3513 1141 3556 cum
1166 3494 1538 3556 Menedemo
1563 3494 1675 3555 illo
1705 3496 2077 3557 Terentiano
2102 3495 2221 3557 tibi
2259 3515 2411 3558 vsus
2445 3499 2556 3572 est,
2586 3500 2658 3557 vt
2684 3499 2748 3558 te
2783 3496 3043 3559 afflictes
3063 3498 3100 3557 *ἓ

706 3592 836 3653 Vae
856 3592 1084 3654 misero
1112 3592 1273 3653 mihi
1297 3595 1313 3654 1
1397 3593 1481 3654 Et
1507 3593 1657 3671 quid
1687 3594 1936 3656 obsecro
1955 3597 2272 3673 praeterea
2297 3595 2523 3657 faciam
2550 3595 2684 3672 tibi,
2712 3597 2922 3658 anime
2951 3595 3046 3656 mi
3061 3597 3100 3656 ’ἓ

707 3690 841 3753 Scis
867 3694 1034 3753 certo
1062 3693 1124 3752 te
1163 3691 1323 3752 mihi
1359 3711 1491 3752 esse
1528 3692 1644 3753 hac
1681 3693 1892 3755 anima
1925 3694 2284 3768 chariorem,
2315 3692 2436 3754 scis
2472 3693 2719 3754 nullam
2753 3694 2907 3755 adeo
2939 3693 3098 3754 diffi-

705 3789 890 3849 cilem
918 3789 1264 3867 duramque
1292 3809 1427 3850 rem
1464 3810 1617 3867 esse,
1649 3811 1838 3869 quam
1877 3811 2008 3852 non
2045 3790 2234 3852 etiam
2262 3790 2489 3852 lubens
2523 3811 2637 3868 pro
2670 3793 2734 3852 te
2767 3790 3100 3852 subiturus

707 3886 830 3946 sim
855 3907 872 3961 ;
906 3887 1027 3948 scis
1050 3887 1171 3947 tibi
1191 3906 1295 3947 me
1316 3886 1600 3949 fidiorem
1621 3909 1755 3950 esse
1783 3890 2103 3952 neminem
2126 3912 2144 3964 ;
2175 3891 2344 3953 nosti
2363 3890 2628 3969 denique
2648 3909 2840 3968 quam
2866 3889 3099 3951 misere

618 3999 681 4049 30
708 3979 867 4040 mihi
892 3999 1137 4060 semper
1164 3980 1431 4042 doluerit
1458 3982 1633 4044 dolor
1659 3987 1824 4045 tuus.

788 4077 873 4138 Et
894 4079 1057 4157 quod
1077 4079 1388 4157 reliquum
1408 4083 1518 4157 est,
1543 4081 1634 4141 mi
1652 4082 1911 4157 Seruati,
1938 4081 2086 4162 quid
2103 4084 2200 4144 est
2225 4103 2336 4144 cur
2361 4084 2433 4143 tu
2460 4085 2782 4161 tantopere
2807 4081 3099 4144 cochleae

706 4173 777 4235 in
803 4194 1044 4236 morem
1070 4179 1132 4238 te
1161 4177 1488 4239 contrahas
1521 4182 1706 4258 atque
1743 4180 2079 4241 abscondas
2099 4181 2132 4241 ⁶?
2211 4180 2373 4241 Vere
2404 4179 2683 4258 suspicor
2709 4180 2774 4241 id
2802 4180 2968 4259 quod
2997 4201 3102 4241 res

707 4274 817 4347 est,
858 4273 1142 4335 nondum
1180 4275 1299 4336 tibi
1337 4279 1700 4354 persuasisti
1730 4299 1834 4340 me
1879 4278 1975 4339 tui
2018 4299 2150 4340 esse
2194 4278 2713 4340 amantissimum.
2827 4279 3101 4340 Obsecro

706 4365 912 4444 itaque
951 4371 1015 4428 te
1052 4388 1161 4446 per
1200 4387 1271 4429 ea
1311 4390 1467 4447 quae
1506 4371 1622 4432 tibi
1658 4372 2021 4434 dulcissima
2060 4375 2209 4433 sunt
2247 4373 2315 4433 in
2353 4373 2500 4448 vita,
2534 4394 2645 4450 per
2672 4375 2962 4433 nostrum
2987 4374 3100 4452 qui

617 4490 679 4543 35
707 4465 1075 4544 praecipuus
1102 4469 1197 4528 est
1224 4487 1416 4543 amor,
1451 4470 1504 4529 si
1536 4470 1668 4531 vlla
1705 4473 1848 4531 tuae
1885 4470 2002 4533 tibi
2042 4491 2190 4532 cura
2221 4471 2460 4548 salutis,
2496 4471 2551 4531 si
2579 4490 2680 4531 me
2718 4471 2970 4533 saluum
2995 4470 3100 4534 vis

773 4593 854 4640 31.
891 4580 1035 4644 quod
1059 4587 1237 4630 correxi
1258 4599 1271 4630 ε
1304 4583 1437 4645 quid
1459 4587 1554 4632 LB.
1967 4599 2047 4647 32.
2080 4585 2366 4635 contrahas
2388 4590 2598 4636 corrui:
2629 4586 2907 4637 contrahis
2928 4589 3026 4637 LB.

610 4741 611 4746 ,
732 4711 808 4760 13.
846 4697 961 4763 ille]
982 4697 1106 4747 Juv.
1127 4714 1174 4762 9.
1208 4668 1380 4749 :8:20.
1474 4715 1555 4751 22.
1588 4700 1791 4764 tectus]
1818 4701 1910 4750 Ον.
1937 4705 2044 4750 Μαι.
2069 4718 2116 4762 4.
2137 4704 2221 4764 64.
2314 4715 2393 4763 25.
2431 4700 2767 4765 Menedemo]
2791 4705 2962 4751 Heaut.
2988 4703 3075 4752 81.
