3355 5380
675 411 751 465 84
1375 399 1751 461 LETTERS
1806 397 1912 458 or
1965 395 2361 458 ERASMUS
2875 390 3070 473 [1487

672 561 1056 634 intellexero,
1092 558 1543 620 exanimaueris
1568 557 1729 617 ilico.
1802 556 1994 616 Parce
2020 574 2246 632 quaeso
2272 551 2523 625 amanti,
2555 570 2682 610 non
2709 568 2779 610 es
2810 549 3073 626 ignarus

670 678 953 721 meorum
1000 677 1267 731 morum,
1319 656 1644 734 ingenium
1695 674 1907 715 meum
1951 673 2079 714 non
2121 653 2384 730 ignoras.
2470 648 2819 710 'Penei-ioris
2863 646 3072 707 animi

669 778 812 819 sum
857 777 1044 836 quam
1088 755 1197 833 qui
1234 757 1368 815 tam
1408 754 1688 814 crudeles
1728 752 1910 813 ludos
1949 751 2181 813 totiens
2219 750 2488 828 perferre
2533 746 2811 825 possim3
2878 749 3075 824 atque

669 856 874 931 etiam,
917 856 971 916 si
1006 853 1279 932 apertius
1315 851 1651 913 dicendum
1688 854 1798 925 est,
1837 869 1965 911 non
2002 853 2098 910 est
2133 848 2402 910 amantis
2438 847 2709 908 officium
2744 847 3070 906 amantem

581 976 643 1024 30
668 955 928 1029 laedere,
984 973 1063 1013 ne
1110 952 1243 1011 ioco
1289 949 1561 1029 quidem.
1651 948 1828 1025 Quod
1877 947 1949 1023 si,
2004 950 2076 1008 vt
2129 946 2365 1021 scribis,
2420 946 2537 1006 hoc
2582 943 2753 1021 prior
2798 946 2862 1004 te
2911 941 3071 1003 laesi

667 1052 835 1131 quod
872 1051 1170 1113 simulare
1209 1052 1273 1109 et
1315 1047 1706 1109 dissimulare
1736 1050 1800 1108 te
1838 1045 2117 1120 dixerim,
2152 1046 2351 1124 cogita
2388 1062 2629 1122 quaese,
2662 1041 2756 1102 mi
2791 1041 3060 1116 Seruati,

666 1151 720 1213 si
749 1151 813 1211 id
842 1149 959 1212 tibi
988 1153 1120 1211 tam
1147 1148 1376 1209 durum
1403 1151 1591 1225 atque
1616 1145 1910 1206 acerbum
1951 1145 2186 1220 auditu,
2221 1146 2452 1222 quanto
2488 1142 2553 1202 id
2590 1141 2747 1201 mihi
2785 1139 3071 1202 acerbius

665 1250 935 1327 perferre
963 1247 1240 1326 quotidie
1276 1246 1388 1307 abs
1425 1249 1508 1306 te.
1594 1245 1676 1305 Et
1719 1244 1870 1322 quid
1911 1246 2045 1304 tam
2085 1244 2261 1304 abest
2300 1263 2338 1303 a
2372 1262 2518 1303 vera
2556 1239 2831 1301 amicitia
2870 1258 3068 1316 quam

665 1348 1005 1427 quidquam
1071 1346 1269 1406 celare
1332 1344 1621 1418 amicum,
1682 1342 2052 1421 praesertim
2105 1341 2271 1419 quod
2325 1340 2498 1400 illius
2552 1339 2774 1398 referat
2828 1356 3015 1397 nosse
3032 1339 3070 1397 ἱ)

575 1469 636 1521 35
663 1445 850 1505 Modo
897 1463 1137 1521 negare,
1188 1441 1375 1502 modo
1430 1460 1698 1501 asserere
1753 1443 1938 1517 atque
1991 1439 2333 1499 identidem
2388 1440 2629 1497 vertere
2683 1453 3060 1508 sermonem,

664 1543 913 1603 obsecro
948 1545 1028 1618 te,
1062 1561 1145 1601 an
1181 1560 1311 1600 non
1349 1538 1416 1599 id
1454 1539 1753 1599 simulare
1791 1541 1884 1598 est
1921 1558 1990 1598 ac
2030 1536 2468 1597 dissimulare?
2548 1535 2700 1612 Age·
2725 1533 2912 1608 enim,
2948 1553 3068 1610 age

662 1641 824 1701 mihi
849 1642 922 1701 vt
948 1638 1138 1712 lubet,
1172 1640 1424 1698 tantum
1463 1657 1692 1715 quaeso
1734 1656 1812 1695 ne
1849 1635 1950 1695 his
1986 1634 2224 1696 artibus
2257 1632 2498 1693 homini
2523 1631 2642 1692 tibi
2679 1631 3068 1693 amicissimo

662 1738 946 1799 illuseris.
1033 1738 1193 1798 Vtvt
1236 1756 1303 1796 se
1350 1756 1451 1795 res
1497 1735 1702 1811 habet,
1753 1735 1937 1812 plane
1985 1734 2251 1807 edicito;
2314 1731 2577 1810 pudenti
2626 1731 2798 1790 enim
2847 1729 3068 1791 animo

662 1836 869 1897 nescio
897 1855 979 1896 an
1008 1835 1348 1914 quidquam
1389 1834 1472 1894 sit
1510 1834 1855 1895 molestius,
1945 1833 2122 1910 Quod
2151 1833 2206 1893 si
2235 1832 2348 1892 hac
2377 1851 2502 1893 vna
2527 1830 2596 1890 in
2623 1850 2690 1890 re
2718 1833 2782 1890 te
2806 1847 3069 1889 exorare

572 1956 639 2004 40
663 1952 916 2011 nequeo,
951 1935 1033 2008 et,
1065 1935 1137 1992 vt
1164 1931 1329 2009 apud
1359 1931 1699 2008 Virgilium
1726 1935 1838 2007 est,

1391 2047 1618 2108 Misero
1648 2046 1988 2108 lachrimae
2014 2046 2357 2108 voluuntur
2381 2047 2615 2120 inanes,

1060 2146 1329 2206 Mortem
1360 2165 1482 2221 oro,
1516 2145 1725 2205 taedet
1753 2144 1908 2204 coeli
1936 2165 2210 2206 connexa
2236 2146 2416 2207 tueri.

659 2260 829 2334 Vale,
898 2280 1039 2339 spes
1106 2280 1262 2337 mea,
1330 2260 1497 2321 vitae
1558 2259 1854 2320 solatium
1909 2260 2182 2323 vnicum.
2289 2261 2426 2338 Fac,
2487 2262 2722 2335 amabe,
2784 2264 2855 2322 vt
2911 2263 3067 2321 tuae

661 2361 1125 2438 quamprimum
1153 2360 1230 2420 ad
1260 2380 1374 2420 nos
1400 2359 1655 2420 veniant
1685 2358 1913 2420 literae.

1310 2502 1411 2563 10.
1498 2498 1595 2564 To
1641 2498 1949 2565 Famem
1992 2499 2413 2569 ΤΗΕουοΒΙο.

727 2610 865 2666 Vita
888 2609 1105 2666 Erasmi
1130 2630 1185 2682 p.
1218 2612 1332 2681 163.
2688 2612 2959 2685 (steyn.)

727 2698 904 2755 Lond.
932 2697 1083 2755 xxxi.
1110 2701 1175 2755 6:
1212 2699 1322 2756 LB.
1348 2699 1493 2771 App.
1522 2701 1644 2769 496.
2668 2701 2754 2774 (c.
2786 2700 2977 2773 1488.)

723 2796 876 2860 [This
897 2796 1120 2845 Francis
1142 2796 1189 2844 is
1220 2797 1452 2860 perhaps
1475 2795 1570 2846 the
1592 2796 1910 2846 Franciscus
1930 2796 2244 2846 'l'heodorici
2269 2797 2328 2845 of
2346 2797 2536 2847 Gouda
2559 2799 2611 2863 (2³
2623 2798 2690 2848 de
2711 2798 2950 2859 Backen
2982 2798 3057 2847 of.

655 2861 744 2925 Ap
784 2900 797 2912 .
820 2864 896 2926 2),
918 2862 1042 2911 who
1064 2875 1175 2910 was
1205 2864 1263 2910 at
1284 2877 1386 2911 one
1410 2863 1544 2911 time
1577 2876 1609 2910 a
1628 2863 1795 2911 monk
1816 2866 1874 2911 at
1904 2862 2048 2926 Sion,
2076 2877 2208 2911 near
2231 2862 2400 2926 Delfi,
2424 2862 2534 2912 and
2563 2863 2876 2913 afterwards
2898 2863 3062 2912 Prior

656 2926 717 2976 of
798 2927 1094 2977 emsdonck
1132 2927 1236 2989 (†8
1268 2928 1412 2990 Sept.
1450 2942 1610 2989 1513;
1656 2927 1723 2978 cf.
1759 2928 1857 2990 Ep.
1888 2931 2002 2989 296.
2036 2929 2175 2991 228).
2254 2929 2326 2977 In
2359 2930 2500 2977 view
2532 2928 2593 2980 of
2619 2930 2715 2978 the
2747 2929 3060 2978 connexion

656 2992 899 3042 between
929 2993 1076 3054 Sion,
1102 2994 1292 3055 Steyn,
1314 2992 1423 3042 and
1454 2993 1807 3042 Hemsdonck
1826 2995 1985 3056 (App.
2018 2994 2091 3057 ε),
2114 2994 2184 3043 he
2205 3008 2333 3056 may
2354 2997 2413 3043 at
2442 2995 2556 3043 this
2585 2997 2719 3044 time
2751 2995 2888 3045 have
2915 2995 3058 3043 been

654 3058 894 3107 resident
928 3058 988 3106 in
1022 3059 1193 3121 Steyn
1229 3057 1316 3120 (cf.
1344 3058 1441 3120 Ep.
1465 3072 1544 3119 35.
1579 3074 1671 3119 1²9
1700 3059 1810 3108 and
1844 3059 2032 3108 Gouda
2063 3058 2174 3110 MS.
2209 3073 2349 3121 1323.
2377 3060 2414 3109 f.
2439 3060 2540 3123 οι).
2609 3060 2695 3109 He
2734 3060 2783 3107 is
2821 3060 3059 3123 perhaps

654 3123 753 3172 the
786 3123 1007 3172 Francis
1039 3123 1165 3171 who
1198 3123 1397 3172 visited
1431 3123 1690 3171 Erasmus
1722 3124 1784 3171 in
1819 3125 1914 3173 the
1945 3126 2146 3174 winter
2175 3125 2234 3173 of
2263 3139 2454 3187 1501-2
2486 3126 2642 3190 (Epp.
2673 3126 2782 3188 167,
2808 3127 2899 3189 8);
2939 3126 3056 3176 and

655 3188 897 3264 through
939 3188 1121 3236 whom
1167 3188 1228 3236 in
1278 3190 1473 3249 1505-⁶
1514 3188 1773 3237 Erasmus
1814 3190 2087 3253 gathered,
2133 3190 2395 3253 probably
2438 3191 2521 3239 for
2562 3191 2919 3253 publication,
2956 3192 3058 3241 the

654 3253 874 3313 epistles
907 3252 1191 3314 composed
1220 3253 1422 3315 during
1449 3253 1539 3302 his
1561 3255 1829 3303 monastic
1852 3255 1947 3302 life
1974 3254 2093 3320 (Ep.
2121 3255 2255 3321 186).
2305 3256 2418 3305 The
2445 3256 2693 3305 volumes
2727 3257 2788 3305 of
2812 3257 3058 3305 Francis·

653 3317 843 3366 letters
863 3318 972 3366 and
996 3332 1180 3379 poema
1210 3317 1498 3367 addressed
1521 3321 1578 3366 to
1601 3319 1691 3368 his
1717 3320 1731 3348 ⁶
1745 3320 2125 3370 consobrinus'
2148 3322 2309 3384 Snoy,
2337 3321 2522 3370 which
2544 3336 2689 3371 were
2711 3325 2769 3373 at
2792 3337 2892 3371 one
2913 3322 3060 3372 time

654 3383 717 3458 in
747 3381 1051 3431 Boxhorn’s
1080 3382 1286 3444 librar-y
1315 3385 1374 3433 at
1404 3384 1626 3448 haidau,
1651 3398 1740 3433 are
1773 3388 1869 3434 not
1903 3401 2027 3435 now
2060 3389 2117 3435 to
2151 3389 2215 3436 be
2248 3388 2435 3438 found.
2505 3388 2602 3437 See
2634 3403 2744 3437 van
2777 3389 3056 3452 Heuasen,

653 3462 689 3497 1.
715 3461 827 3519 307,
854 3447 963 3496 and
987 3448 1032 3496 Ι.
1059 3447 1331 3513 W(alvis),
1354 3452 1597 3507 Beschryv.
1622 3453 1671 3498 d.
1697 3454 1817 3500 Stad
1843 3455 2019 3516 Gauda,
2047 3453 2083 3503 i.
2110 3452 2250 3516 24⁴·]

922 3564 1233 3613 ERASMVS
1278 3564 1783 3618 ROTERODAMVS
1827 3568 2207 3618 FBANOISCO
2252 3569 2692 3619 THEODORIOO
2735 3570 2789 3618 S.

735 3669 915 3746 Qvon
958 3669 1158 3731 literis
1204 3670 1490 3731 animum
1536 3674 1719 3733 tuum
1760 3674 2004 3736 dederis
2046 3678 2110 3736 et
2155 3676 2437 3754 propriae
2480 3675 2701 3737 salutis
2740 3675 3055 3738 rationem

651 3767 878 3828 habere
920 3768 1207 3847 coeperis,
1254 3767 1319 3828 id
1361 3773 1503 3830 tum
1546 3770 1666 3832 tibi
1711 3792 1992 3833 summae
2035 3773 2312 3847 vtilitati,
2358 3777 2496 3835 tum
2540 3775 2701 3835 mihi
2742 3773 3054 3836 ineffabili

651 3865 959 3944 voluptati
985 3866 1270 3927 futurum
1301 3870 1412 3930 est.
1500 3869 1625 3930 Sed
1652 3890 1777 3948 quo
1802 3871 1869 3932 id
1898 3871 2063 3950 quod
2092 3872 2266 3950 cupis
2293 3873 2688 3952 consequaris
2714 3874 2880 3950 (cum
2907 3874 3055 3935 viae

652 3964 936 4027 nondum
988 3984 1221 4043 gnarus
1272 3965 1360 4041 es)
1404 3986 1623 4044 operae
1669 3970 1945 4046 pretium
1987 3974 2083 4032 est
2124 3973 2195 4032 vt
2235 3971 2463 4033 nostris
2507 3972 2786 4032 consiliis
2830 3992 3051 4032 aurem

596 4096 625 4147 5
650 4061 959 4142 praebeas,
992 4066 1056 4122 et
1094 4062 1368 4139 profecto
1406 4064 1468 4125 id
1507 4066 1622 4126 tibi
1663 4069 2031 4144 persuadeas
2062 4067 2305 4147 (quod)
2337 4090 2466 4136 non
2492 4089 2668 4132 secus
2694 4071 2764 4131 in
2790 4071 2912 4132 ista
2939 4074 3054 4134 tua

651 4180 835 4221 causa
859 4163 1110 4221 acturus
1146 4181 1290 4222 sum
1320 4182 1507 4239 quam
1547 4163 1615 4224 in
1652 4185 1794 4225 mea
1830 4166 2043 4243 ipsius,
2133 4166 2454 4246 Siquidem
2496 4171 2610 4229 tua
2649 4167 2835 4245 salus,
2867 4170 3051 4229 crede

651 4257 827 4332 mihi,
860 4277 992 4318 non
1018 4258 1234 4321 minus
1269 4260 1431 4322 mihi
1459 4261 1630 4322 cordi
1662 4267 1761 4323 est
1787 4283 1979 4341 quam
2015 4264 2133 4326 tibi
2167 4268 2274 4327 tua
2301 4266 2500 4344 ipsius
2534 4269 2645 4327 aut
2670 4286 2812 4327 mea
2847 4266 3052 4344 ipsius

651 4354 828 4418 mihi.
918 4354 1351 4434 Quamobrem,
1402 4358 1457 4419 si
1503 4361 1685 4438 sapis,
1738 4361 1833 4422 fac
1885 4383 1999 4440 pro
2046 4363 2275 4426 nostris
2320 4364 2579 4426 monitis
2624 4364 2821 4427 vitam
2869 4369 3049 4426 tuam

652 4454 981 4530 instituas3
1021 4456 1317 4532 quoniam
1344 4457 1399 4517 si
1426 4458 1561 4517 sine
1588 4458 1744 4519 duce
1770 4459 1891 4521 iter
1907 4462 2287 4540 ingrediar-ie,
2308 4462 2489 4523 facile
2508 4464 2821 4525 erraueris.
2869 4463 3042 4524 Vale.

1368 4580 1416 4629 9.
1442 4580 1521 4629 28.
1552 4581 1751 4643 possim
1776 4586 1975 4642 scripsit
2013 4598 2232 4647 possum
2258 4585 2327 4634 0².

717 4696 762 4743 9.
782 4707 863 4754 31.
897 4692 1177 4757 simulare]
1202 4693 1335 4757 Epp.
1364 4709 1409 4755 7.
1433 4708 1491 4755 41
1518 4695 1626 4744 and
1651 4697 1698 4745 8.
1728 4711 1786 4759 15
1800 4712 1855 4748 n.
1987 4715 2067 4760 40.
2106 4698 2425 4764 Virgilium]
2451 4704 2569 4750 Aen.
2598 4716 2646 4761 4.
2672 4715 2774 4763 449
2793 4698 2905 4748 and
2928 4716 3049 4763 451.
