3355 5380
733 376 857 435 848
1437 371 1813 434 LETTERS
1864 371 1974 434 ΟΡ
2024 370 2424 436 ERASMUS
2942 367 3129 453 [1501

736 527 861 596 erit
897 527 1205 590 momenti
1242 529 1311 590 in
1348 531 1483 590 tam
1517 528 1831 592 immenso
1866 547 2128 590 numero
2164 549 2375 590 rerum
2413 529 2596 607 plane
2631 528 3054 607 pereuntium,
3081 527 3139 590 si

652 649 715 700 50
739 626 1041 687 ducentos
1068 627 1231 688 mihi
1259 628 1507 690 francos
1534 625 1862 689 donauerit
1878 631 1911 690 ⁶?
2010 626 2221 690 Habet
2247 648 2373 706 quo
2406 626 2747 689 cucullatos
2779 626 2938 687 istos
2972 645 3144 688 scor,

738 727 972 786 tatores
997 728 1062 786 et
1088 726 1487 805 turpissimos
1514 726 1875 801 nebulones,
1905 725 2030 788 scis
2056 739 2209 805 quos
2243 725 2469 802 dicam,
2500 726 2644 800 alat,
2678 728 2743 786 et
2774 745 2904 789 non
2946 724 3139 788 habet

658 890 662 894 ¹
740 842 865 900 quo
900 823 1036 884 eius
1069 823 1378 886 sustineat
1417 824 1636 900 ocium,
1680 823 1790 902 qui
1824 824 2022 900 possit
2055 824 2248 885 etiam
2286 823 2650 901 posteritate
2684 824 2910 902 dignos
2945 822 3146 884 libros

738 922 1142 998 conscribere,
1172 927 1244 984 vt
1271 923 1511 1002 aliquid
1536 923 1613 984 de
1642 942 1744 984 me
1765 923 1899 1000 ipso
1936 923 2139 984 dicam
2155 922 2484 1002 gloriosius
2502 925 2537 984 ⁴?
2619 922 2854 985 Incidit
2883 922 3143 1001 quidem

739 1019 851 1083 ma
886 1020 957 1084 in
995 1020 1230 1082 multas
1264 1021 1603 1099 angustias,
1645 1020 1752 1082 sed
1789 1023 2007 1099 suapte
2042 1020 2241 1100 culpa,
2273 1042 2431 1100 quae
2465 1040 2532 1083 se
2567 1021 2794 1083 maluit
2830 1020 3001 1081 bello
3028 1019 3145 1082 ille

654 1141 715 1192 55
742 1119 1123 1181 homunculo
1163 1119 1393 1197 stipare
1434 1139 1624 1197 quam
1665 1119 1803 1180 viro
1843 1119 2054 1198 aliquo
2087 1120 2268 1197 graui
2305 1140 2376 1181 ac
2414 1119 2650 1192 tetrico,
2696 1122 2768 1181 vt
2812 1122 2876 1180 et
2920 1137 3144 1179 sexum

741 1216 918 1280 illius
968 1221 1032 1279 et
1093 1220 1361 1281 aetatem
1427 1217 1700 1280 decebat.
1784 1219 1920 1295 Ego
1990 1217 2119 1279 iam
2184 1219 2370 1297 longe
2437 1219 2675 1279 maiora
2741 1216 3147 1279 incommoda

742 1315 1063 1395 prospicio,
1095 1315 1223 1376 nisi
1258 1318 1535 1376 mentem
1562 1315 1753 1377 istam
1778 1314 2111 1389 abiecerit;
2151 1335 2511 1395 quanquam
2548 1315 2669 1378 hoc
2701 1335 2818 1393 ego
2856 1314 2927 1375 in
2964 1315 3148 1374 illam

746 1434 874 1479 non
899 1414 1103 1476 scribo
1138 1413 1410 1490 inimice,
1442 1434 1631 1493 quam
1657 1413 1749 1474 sic
1775 1433 1938 1488 amo,
1968 1416 2041 1475 vt
2069 1411 2264 1475 debeo
2292 1415 2528 1492 optime
2555 1416 2631 1475 de
2659 1434 2762 1475 me
2790 1413 3103 1475 meritam.

825 1511 951 1575 Sed
991 1512 1160 1591 quid,
1192 1512 1461 1587 obsecro,
1495 1512 1613 1574 hoc
1639 1513 1718 1574 ad
1747 1511 1922 1572 illius
1963 1513 2297 1584 fortunam,
2328 1512 2385 1572 si
2410 1532 2523 1590 ego
2547 1513 2851 1574 ducentos
2891 1513 3151 1574 francos

654 1616 721 1669 60
736 1609 976 1687 accipio
995 1612 1029 1671 ¹?
1069 1611 1177 1689 qui
1203 1610 1312 1673 vbi
1336 1614 1576 1690 septem
1603 1611 1791 1673 horas
1824 1609 2062 1672 fuerint
2097 1610 2247 1684 dati,
2285 1611 2398 1672 illa
2433 1611 2561 1672 iam
2603 1631 2720 1673 nec
2759 1610 3145 1673 meminerit.

744 1706 828 1768 In
854 1708 972 1768 hoo
1000 1728 1187 1769 omne
1214 1711 1543 1788 negocium
1570 1714 1683 1786 est,
1712 1712 1784 1770 vt
1808 1708 2121 1770 auellatur
2143 1709 2424 1786 pecunia,
2455 1709 2512 1769 si
2539 1729 2668 1771 non
2694 1729 3008 1789 praesens,
3038 1709 3149 1773 ve}

743 1825 784 1866 a
819 1807 1150 1883 mensario,
1182 1810 1254 1869 vt
1280 1807 1385 1870 hic
1413 1808 1706 1870 Luteciae
1740 1810 1968 1885 petam.
2044 1807 2151 1867 -Tu
2188 1807 2317 1868 iam
2353 1808 2577 1870 multis
2610 1808 2812 1869 literis
2848 1808 2931 1869 ad
2966 1806 3148 1867 illam

743 1903 822 1965 de
856 1903 972 1966 hac
1007 1924 1075 1964 re
1100 1904 1423 1984 scripsisti,
1465 1906 1760 1967 omnibus
1799 1906 2074 1980 mandas,
2115 1904 2446 1984 significas,
2485 1905 2718 1967 innuis.
2804 1906 2969 1982 Quid
3008 1905 3151 1966 inu-

743 2000 925 2064 tilius
944 2004 978 2063 ?
1057 2003 1463 2080 Expectanda
1488 2006 1640 2078 erat,
1671 2003 1729 2063 si
1766 2022 1897 2064 non
1930 2002 2184 2082 optima,
2218 2003 2548 2065 mediocris
2583 2008 2751 2065 certe
2786 2004 3154 2082 opportuni·

656 2110 720 2174 65
739 2101 859 2171 tas,
891 2102 1153 2178 tumque
1182 2103 1376 2163 semel
1404 2122 1504 2163 res
1529 2102 1871 2179 prudenter
1902 2100 2194 2162 instituta
2228 2101 2477 2164 fortiter
2512 2102 2933 2177 conficienda3
2974 2122 3151 2163 nunc

743 2195 914 2260 idem
950 2197 1053 2258 vel
1090 2217 1228 2261 sero
1265 2199 1638 2262 faciendum.
1729 2199 2007 2274 Persam,
2048 2198 2118 2258 ni
2153 2219 2289 2260 rem
2324 2219 2402 2260 ex
2438 2200 2749 2261 sententia
2785 2201 3152 2278 confeceriS,

739 2294 1057 2373 siquidem
1093 2317 1320 2375 magno
1357 2299 1571 2360 animo
1603 2298 1800 2360 fueris
1833 2315 2177 2375 agmssus.
2265 2297 2458 2358 Potes
2484 2297 2618 2374 ipse
2644 2297 2714 2357 in
2740 2297 2925 2358 amici
2963 2316 3154 2359 causa

731 2412 883 2455 :effic
905 2395 1093 2473 paulo
1119 2394 1562 2474 impudentior,
1584 2399 1656 2458 vt
1684 2394 1812 2455 mei
1836 2399 2050 2456 tamen
2073 2394 2330 2473 pudoris
2357 2394 2639 2457 obtineas
2664 2395 2983 2456 rationem.
3061 2394 3149 2458 N.

749 2495 1168 2570 quantumsit
1192 2495 1598 2557 indicandum
1618 2497 1756 2555 tute
1782 2494 2037 2555 statues.
2109 2492 2350 2554 Verum
2375 2496 2712 2571 antequam
2738 2492 3161 2571 proficiscaris

664 2609 727 2662 70
749 2594 861 2652 aut
887 2593 1125 2668 mittas,
1152 2592 1337 2654 mitte
1362 2613 1474 2672 per
1499 2593 1855 2673 quempiam
1891 2611 2021 2652 non
2054 2590 2365 2653 incertum
2392 2591 2664 2670 reliquos
2696 2610 2943 2661 aus-eom
2981 2594 3049 2652 et
3094 2594 3158 2654 si

747 2708 1008 2768 possum
1060 2711 1330 2769 exorare,
1383 2696 1647 2771 quatuor
1694 2694 1804 2752 aut
1847 2689 2125 2769 quinque
2177 2689 2254 2752 de
2307 2690 2452 2766 tuis,
2500 2710 2580 2751 ne
2626 2690 2863 2752 interea
2908 2708 3155 2767 egeam,

571 2837 576 2841 .
698 2844 704 2851 .
741 2807 786 2851 e
827 2787 1132 2851 Dominae
1168 2792 1451 2852 nummis
1486 2792 1864 2868 recepturus.
1950 2788 2113 2850 Vide
2148 2788 2676 2866 quemadmodum
2713 2809 2787 2850 ea
2822 2789 3155 2867 pecuniola

750 2885 1094 2953 defluxerit.
1152 2890 1387 2967 Accepi
1413 2892 1553 2950 octo
1579 2889 1842 2962 francos,
1863 2886 2028 2947 tanti
2058 2887 2229 2946 enim
2244 2887 2363 2947 hos
2388 2887 2630 2949 nobiles
2645 2886 2925 2958 mutaui3
2965 2906 3047 2947 ex
3072 2888 3159 2950 iis

745 3003 907 3060 puer
937 2984 1113 3048 duos
1161 2986 1438 3061 abstulit,
1489 2989 1598 3047 aut
1646 3005 1776 3046 non
1824 2984 2030 3046 multo
2077 2984 2308 3047 minus.
2413 2985 2503 3048 'Vt
2549 2986 2626 3047 de
2673 2985 2844 3046 victu
2891 2985 3150 3045 interim

665 3098 723 3152 75
751 3084 1003 3158 taceam,
1045 3083 1143 3144 ais
1188 3087 1421 3146 restare
1467 3086 1625 3147 duos
1662 3085 2009 3161 'angelotoa
2055 3103 2093 3143 a
2134 3082 2359 3161 quibus
2404 3084 2597 3145 etiam
2638 3083 2695 3145 is
2742 3083 2851 3162 qui
2889 3083 3149 3155 adferet.

749 3181 1042 3243 nonnihil
1078 3182 1345 3244 deducat
1381 3185 1642 3262 oportet.
1747 3179 2020 3245 Ioannes
2055 3179 2164 3242 ille
2197 3202 2386 3259 quem
2418 3182 2489 3241 in
2523 3179 2826 3259 Angliam
2870 3182 3152 3255 miseras»,

745 3279 930 3357 fugit,
968 3280 1093 3340 nisi
1121 3279 1318 3356 fallor,
1348 3300 1480 3342 non
1515 3282 1651 3343 sine
1687 3280 1900 3354 furt03
1929 3299 2075 3341 eum
2093 3279 2492 3356 Augustinus
2511 3283 2607 3340 est
2638 3298 2794 3357 equo
2822 3278 3151 3340 Aureliam

750 3380 1208 3455 consequutus;
1261 3378 1366 3440 hic
1406 3382 1610 3452 erunt,
1639 3382 1713 3439 vt
1751 3378 1949 3451 video,
1989 3377 2321 3438 turbarum
2357 3376 2541 3456 plena
2577 3375 2807 3439 omnia.
2896 3377 3156 3439 Caetera

751 3475 1106 3536 Ludouicus
1129 3477 1429 3539 narrabit.

665 3578 728 3624 80
777 3614 780 3617 -
831 3573 1004 3647 Vale,
1037 3574 1130 3636 mi
1156 3575 1354 3651 Batte,
1387 3579 1450 3637 et
1476 3575 1626 3636 haec
1654 3596 1693 3637 a
1722 3595 1821 3637 me
1849 3595 1977 3637 non
2007 3578 2316 3637 commote
2345 3578 2454 3636 aut
2487 3579 2727 3637 πανικῶς
2761 3574 3017 3652 scripta,
3047 3574 3156 3634 sed

747 3671 823 3731 vt
862 3689 979 3747 par
1011 3673 1146 3733 erat
1181 3673 1350 3749 apud
1388 3672 1714 3735 hominem
1741 3692 1941 3734 vnum
1980 3691 2057 3734 ex
2098 3672 2392 3734 omnibus
2427 3672 2886 3734 amicissimum
2920 3671 3162 3750 simpli·

687 3786 691 3791 ·
751 3767 1019 3845 cissime‚
1061 3768 1132 3830 in
1167 3768 1398 3831 bonam
1435 3775 1682 3850 partem
1716 3771 1995 3850 accipies·
2084 3770 2361 3832 Puerum
2401 3771 2792 3832 Ludouicum
2833 3769 3157 3844 tractabis

737 3884 887 3929 non
939 3868 1011 3929 vt
1065 3866 1424 3931 Adrianum
1477 3890 1758 3932 scurram
1819 3871 1891 3932 in
1931 3888 2056 3949 quo
2095 3868 2462 3930 detrimenti
2503 3868 2667 3930 nihil
2706 3871 2950 3946 poterat
3000 3869 3156 3933 fieri.

749 3964 864 4026 sed
901 3968 968 4026 vt
1009 3965 1265 4028 meliore
1301 3971 1513 4030 mente
1548 3972 1771 4030 natum
1805 3971 1871 4029 et
1905 3967 2140 4029 multas
2174 3968 2250 4028 ad
2281 3986 2381 4030 res
2408 3966 2821 4028 vtilissimum
2848 3966 2972 4026 tibi
2998 3966 3161 4028 futu·

822 4150 901 4198 51.
937 4137 1044 4186 scis
1064 4152 1198 4200 quos
1219 4137 1396 4189 dicam
1420 4145 1535 4192 aad.
1564 4145 1629 4189 H.
1818 4153 1896 4201 53.
1930 4143 1991 4189 vt
2016 4176 2030 4189 .
2055 4175 2070 4189 .
2093 4174 2107 4187 .
2131 4137 2411 4202 gloriosius
2431 4142 2544 4188 aad.
2570 4142 2625 4187 Γ.
2818 4154 2999 4199 70-72.
3030 4143 3092 4190 et
3114 4143 3162 4188 si

739 4238 770 4263 ⁴.
796 4237 811 4252 .
836 4239 850 4252 .
873 4205 1188 4266 recepturus
1213 4220 1301 4256 om.
1326 4210 1381 4257 F.
1614 4218 1691 4266 73.
1731 4204 1942 4254 nobiles
1964 4209 2040 4253 E:
2071 4205 2346 4267 angelatos
2366 4207 2431 4254 Η.
2668 4218 2744 4265 75.
2783 4205 3063 4267 angelotoa
3084 4209 3132 4255 Ε
3148 4222 3163 4253 :

756 4267 1032 4332 angelatos
1052 4273 1106 4319 F.

822 4401 904 4451 ⁶8.
939 4401 1028 4467 N.]
1055 4401 1291 4465 Perhaps
1313 4417 1371 4452 aa
1393 4403 1455 4452 in
1477 4402 1513 4452 1.
1536 4403 1617 4462 46.
2078 4418 2155 4465 73.
2194 4401 2427 4467 nobiles]
2463 4403 2544 4453 Cf.
2574 4404 2672 4467 Ep.
2694 4418 2805 4465 139.
2836 4418 2913 4466 ¹3·

824 4480 1003 4531 70—72.
1033 4469 1092 4516 et
1123 4469 1170 4517 ai
1206 4502 1220 4518 .
1263 4503 1279 4519 .
1327 4504 1341 4517 .
1384 4464 1721 4531 recepturus]
1771 4465 1909 4516 This
2075 4482 2156 4531 75.
2189 4468 2491 4533 angelotos]
2570 4470 2806 4533 Angelot
2882 4484 2993 4518 was
3066 4469 3168 4519 the

756 4546 991 4596 pasage,
1069 4531 1252 4582 which
1342 4532 1546 4581 reveals
1629 4530 1906 4582 Erasmus·
2008 4533 2234 4596 popular
2256 4547 2431 4583 name.

758 4600 1044 4660 necessity,
1073 4612 1182 4647 was
1217 4597 1444 4648 omitted
1481 4599 1540 4646 in
1573 4597 1906 4660 Subsequent
2074 4600 2154 4659 76.
2191 4597 2449 4662 Ioannes]
2476 4600 2574 4663 Ep.
2603 4601 2710 4648 128.
2745 4615 2785 4648 1.

757 4661 1009 4730 editions.
2076 4665 2157 4727 83.
2194 4664 2526 4730 Adrianum]
2555 4666 2656 4728 Ep.
2677 4665 2758 4715 ao.
2792 4679 2860 4729 53
2880 4683 2935 4715 n.
