3355 5380
697 421 815 482 254
1405 420 1781 481 LETTERS
1822 420 1928 481 oF
1970 417 2370 480 ERASMUS
2904 412 3098 497 [1499

694 576 879 639 video
934 578 1305 638 memoriam
1359 580 1641 637 tenacem
1689 578 1754 636 et
1809 561 2061 636 nostrae
2115 575 2539 636 altercationis
2593 573 2844 634 fidelem
2901 591 3106 632 recen-

696 677 954 752 sionem,
986 677 1056 736 in
1082 695 1155 737 ea
1182 694 1443 736 acumen
1470 674 1640 735 istud
1669 677 1855 735 tuum
1892 694 2018 750 quo
2046 673 2143 733 vis
2170 676 2304 733 tam
2332 673 2511 733 facile
2549 673 2884 749 penetrans
2910 688 3104 746 quam

641 799 668 847 5
695 773 995 850 feliciter;
1035 774 1105 835 in
1142 773 1359 835 eadem
1397 772 1586 833 etiam
1613 771 1837 833 stilum
1879 770 2249 849 philosopho
2275 771 2559 849 dignum,
2590 772 2825 847 aptum,
2861 787 3103 842 verum,

694 872 1176 951 significantem,
1234 872 1599 932 educentem
1640 871 1710 929 in
1752 869 1958 929 lucem
1994 888 2108 930 res
2153 869 2333 946 ipsas,
2381 872 2444 928 et
2492 869 2738 929 easdem
2794 870 3108 944 quatenus

634 962 677 996 κ
695 972 995 1031 materiae
1046 970 1390 1031 acrimonia
1449 969 1687 1046 patitur
1746 965 2194 1027 dulcorantem.
2310 967 2533 1043 Itaque
2586 970 2650 1026 et
2720 965 2932 1026 docuit
3002 983 3108 1023 me

694 1073 806 1132 tua
859 1068 1119 1147 epistola
1169 1067 1559 1129 lectitantem
1612 1065 1798 1127 valde
1850 1069 1916 1127 et
1971 1065 2319 1126 delectauit.
2435 1066 2676 1125 Tamen
2743 1082 3106 1142 quanquam

693 1170 761 1228 et
813 1167 1203 1247 argument-is
1249 1168 1599 1244 impetuosa
1647 1168 1758 1239 est,
1811 1168 1874 1225 et
1922 1167 2134 1241 postea
2175 1163 2480 1241 exemplis
2527 1163 2892 1241 potentibus
2938 1165 3109 1222 certe

611 1292 672 1328 ιο
694 1268 829 1326 tam
865 1265 1136 1343 pondere
1174 1285 1363 1342 quam
1399 1283 1663 1325 numero
1700 1262 1993 1337 violenta,
2025 1266 2244 1323 tamen
2280 1281 2486 1323 meam
2524 1261 2688 1322 mihi
2716 1261 3101 1338 opinionem,

696 1381 888 1439 quam
931 1380 1009 1420 ex
1048 1363 1441 1439 Hieronymo
1495 1361 1623 1422 alte
1669 1360 1910 1433 imbibi,
1963 1360 2129 1421 nihil
2183 1361 2387 1422 adhuc
2441 1380 2555 1421 nec
2611 1362 2936 1437 extorquet
2990 1378 3110 1419 nee

696 1459 1017 1522 diminuit.
1104 1461 1249 1521 Non
1302 1460 1472 1538 quod
1527 1478 1749 1519 sumus
1798 1459 2078 1536 proterui
2134 1479 2250 1519 nos
2304 1462 2367 1520 et
2422 1459 2710 1537 improba
2764 1457 3110 1535 pertinacia

695 1556 1020 1633 indurati3
1060 1557 1169 1618 sed
1207 1558 1373 1635 quod
1411 1557 1602 1635 (haud
1639 1558 1768 1617 scio
1806 1576 1887 1617 an
1921 1557 2108 1633 recte)
2146 1560 2358 1618 tamen
2396 1558 2560 1634 quod
2595 1557 2696 1617 vel
2731 1565 2970 1624 verum,
3000 1555 3108 1616 vel

696 1654 860 1733 quod
909 1656 1315 1716 verisimilius
1360 1659 1474 1730 est,
1522 1676 1642 1716 nos
1684 1655 1860 1733 sequi
1904 1658 1968 1716 et
2010 1656 2174 1716 tueri
2217 1655 2610 1718 arbitramur.
2718 1655 3112 1733 Quapropter

611 1782 669 1833 ¹5
696 1774 825 1815 non
861 1774 1193 1831 possumus
1218 1758 1353 1814 tam
1389 1754 1727 1815 admittere
1761 1773 1921 1830 quae
1952 1756 2167 1814 contra
2208 1753 2481 1828 adducis,
2519 1772 2878 1831 quanquam
2919 1750 3111 1812 valde

695 1851 978 1926 suadent,
1033 1872 1223 1929 quam
1267 1852 1425 1912 velle
1466 1852 1768 1913 refellere.
1856 1851 2143 1929 Impellit
2191 1853 2361 1912 enim
2409 1871 2524 1913 nos
2575 1852 2711 1930 ipsa
2757 1850 2990 1913 veritas
3032 1854 3109 1911 vt

696 1950 864 2010 acuti
907 1953 973 2011 et
1019 1950 1367 2027 eloquentis
1410 1951 1690 2011 hominis
1737 1950 2175 2027 disputatione,
2225 1951 2426 2029 magis
2468 1950 2702 2011 diserta
2746 1953 2810 2010 et
2854 1949 3111 2027 copiosa

697 2067 887 2124 quam
930 2067 1098 2122 vera,
1138 2068 1278 2110 eam
1318 2048 1497 2109 obrui
1538 2049 1800 2126 indigne
1840 2053 1905 2111 et
1945 2049 2216 2127 opprimi
2256 2068 2383 2108 non
2433 2049 2763 2126 patiamur.
2853 2047 2938 2107 In
2982 2066 3110 2124 qua

695 2145 1101 2221 defendenda,
1126 2149 1197 2207 vt
1224 2167 1342 2208 nos
1370 2148 1717 2225 opinamur,
1737 2147 2106 2208 inuocamus
2123 2147 2405 2207 eiusdem
2428 2147 2711 2206 numinis
2731 2144 3107 2221 subsidium,

587 2273 672 2308 ’πο
697 2243 878 2305 cuius
901 2247 973 2305 tu
1003 2243 1080 2305 ad
1111 2246 1595 2323 oppugnandam
1624 2247 1956 2306 veritatem
1985 2246 2218 2306 videris
2247 2246 2429 2305 nobis
2459 2246 2798 2305 inuocasse.

778 2340 1017 2403 Verum
1050 2363 1221 2403 nunc
1253 2343 1533 2404 nolimus
1573 2364 1720 2404 cum
1752 2346 2047 2405 vniuersa
2083 2347 2197 2406 tua
2237 2344 2497 2423 epistola
2538 2342 2848 2420 congredi.
2938 2342 3110 2404 Nam

697 2442 776 2503 ad
819 2445 1071 2504 tantum
1111 2441 1419 2521 praelium
1463 2442 1670 2503 subito
1703 2445 1765 2502 et
1798 2443 2017 2504 statim
2051 2463 2167 2503 nec
2205 2443 2411 2504 ocium
2439 2463 2554 2503 nec
2586 2443 2752 2502 vires
2778 2440 3106 2502 habemus.

698 2539 818 2601 Sed
848 2540 1088 2617 primae
1124 2541 1259 2600 eius
1284 2540 1483 2617 partis
1509 2543 1572 2600 et
1606 2541 1787 2618 quasi
1813 2542 1969 2602 aciei
1997 2544 2062 2602 et
2089 2542 2329 2617 frontis,
2362 2561 2520 2618 quae
2548 2540 2708 2600 mihi
2736 2539 3004 2613 videtur,
3037 2542 3112 2600 vt

695 2658 809 2716 par
835 2639 950 2713 est,
983 2635 1136 2698 belli
1163 2658 1299 2700 eoee
1324 2637 1606 2714 validior,
1640 2640 2167 2718 expugnationem
2196 2640 2649 2719 aggrediamur.
2735 2639 2830 2699 Tu
2869 2639 3114 2701 interea

610 2765 670 2812 ²5
696 2738 1008 2815 patienter
1047 2732 1215 2813 audi,
1251 2758 1321 2798 ac
1364 2758 1482 2798 nos
1524 2738 1712 2798 ambo
1746 2737 2187 2800 collidentibus
2228 2738 2396 2799 inter
2425 2759 2493 2799 se
2535 2739 2830 2813 silicibus,
2870 2739 2927 2799 si
2965 2739 3113 2816 quis

694 2835 860 2914 ignis
887 2835 1253 2911 excutiatur,
1286 2856 1434 2896 eum
1461 2836 1645 2897 auide
1670 2836 2231 2913 apprehendamus.
2291 2837 2642 2897 Veritatem
2668 2837 2839 2897 enim
2867 2836 3113 2913 quaeri·

698 2954 855 3007 mua,
882 2953 1010 2994 non
1033 2934 1352 3011 opinionis
1371 2934 1819 3009 defensionem,
1840 2954 1999 3011 quae
2025 2935 2237 2996 forsan
2264 2939 2637 3011 argumento
2657 2936 3111 3013 argumentum

698 3032 1055 3108 recutiente,
1086 3035 1158 3093 vt
1186 3032 1354 3111 ignis
1381 3052 1457 3092 ex
1484 3032 1649 3093 ferro
1675 3051 1713 3092 a
1739 3033 1904 3093 ferro
1932 3053 2238 3110 percusso,
2271 3034 2540 3093 elucebit
2542 3076 2871 3095 ......

778 3129 938 3189 Vale
965 3129 1216 3190 interea.
2455 3149 2459 3154 ⁴

1421 3255 1657 3323 ¹¹⁰111.
1750 3258 1848 3323 To
1896 3259 2087 3326 JOHN
2133 3260 2382 3328 Conn'r.

769 3369 969 3426 Gouda
994 3370 1111 3426 MS.
1142 3386 1293 3440 1324.
1321 3371 1390 3426 θ’.
1417 3385 1481 3441 15
1487 3386 1538 3440 3.
1999 3361 2002 3362 ⁷
2657 3372 2888 3428 Oxford.

2529 3458 2811 3533 <October
2839 3459 3042 3547 1499.)

964 3593 1341 3642 RESPONSIO
1390 3594 1656 3641 ERAsm
1705 3595 1802 3642 AD
1848 3595 2137 3645 IOANNIS
2183 3597 2431 3645 OOLE'TI
2478 3597 2839 3648 LITTERAS.

781 3706 1048 3781 Qvanno
1086 3710 1195 3768 tua
1227 3708 1296 3767 in
1333 3727 1436 3769 me
1474 3707 1833 3784 refellendo,
1868 3709 2085 3770 Colete
2128 3711 2506 3787 doctissime,
2537 3711 2797 3772 libertas
2833 3730 3114 3774 summo·

697 3825 842 3882 pere
895 3824 998 3865 me
1045 3805 1399 3879 delectauit,
1446 3805 1728 3866 vicissim
1775 3806 1886 3869 abs
1934 3809 1996 3867 te
2042 3812 2186 3886 peto
2236 3829 2315 3871 ne
2362 3810 2512 3887 quid
2568 3813 2632 3871 te
2685 3829 2826 3870 mea
2881 3809 2951 3870 in
3006 3829 3117 3871 me

698 3901 1089 3964 defendendo
1145 3902 1517 3979 simplicitas
1564 3903 1858 3964 offendat.
1975 3903 2051 3966 Id
2117 3907 2284 3984 quod
2350 3907 2572 3968 faciam
2637 3927 2828 3987 quam
2891 3910 3117 3985 potero

698 4000 1077 4076 breuissime,
1124 3999 1423 4078 quoniam
1469 4002 1816 4062 verbositas
1867 4021 1996 4062 non
2052 4002 2309 4065 aliunde
2361 4004 2483 4066 tibi
2536 4024 2726 4082 quam
2778 4004 2859 4066 ab
2905 4004 3114 4065 animi

641 4118 669 4167 5
697 4099 1030 4161 sterilitate
1085 4097 1390 4175 proficisci
1444 4098 1713 4159 videtur.
1827 4098 1962 4174 Qua
2022 4100 2276 4177 quidem
2343 4101 2413 4161 in
2468 4122 2534 4163 re
2591 4122 2671 4162 ne
2725 4105 2797 4163 tu
2854 4122 3114 4164 mecum

698 4198 1102 4259 vehementer
1140 4197 1357 4257 sentis.

778 4295 1099 4373 Principio
1140 4296 1305 4373 quod
1347 4297 1754 4371 constructae,
1785 4299 1857 4356 vt
1884 4315 2083 4372 vocas,
2116 4298 2270 4359 aciei
2311 4318 2486 4360 meae
2526 4300 2802 4361 frontem
2834 4301 3117 4378 primam

696 4395 1026 4474 dissipasse
1067 4395 1132 4453 te
1171 4392 1409 4466 scribis,
1450 4391 1672 4452 multis
1712 4392 1917 4455 modis
1957 4393 2097 4455 falli
2130 4395 2294 4458 mihi
2334 4396 2585 4459 videris.
2674 4398 2894 4476 Neque
2935 4399 3119 4460 enim

696 4499 905 4557 tecum
947 4495 1020 4555 vt
1062 4491 1401 4568 imperator
1440 4508 1587 4550 cum
1632 4490 2008 4568 imperatore
2053 4512 2129 4554 ex
2178 4513 2374 4572 aequo
2418 4495 2836 4574 confligimus,
2875 4497 2989 4558 sed
3037 4500 3119 4558 vt

613 4618 671 4654 10
697 4592 1017 4669 tyrunculi
1044 4590 1430 4668 inspectante
1450 4590 1513 4648 te
1540 4591 1603 4649 et
1631 4587 1851 4664 iudice,
1872 4589 1991 4652 hoc
2018 4594 2114 4653 est
2142 4592 2413 4654 miliciae
2437 4596 2756 4673 magistro,
2779 4596 2857 4657 ad
2887 4595 3117 4675 palum

1023 4736 1072 4783 3.
1105 4719 1266 4770 video
1285 4735 1352 4782 γε
1386 4717 1502 4768 vidi
1526 4719 1567 4767 δ.
1766 4734 1848 4781 27.
1889 4720 2261 4773 defensionem
2284 4738 2352 4787 γε
2385 4724 2734 4776 offensionem
2758 4726 2801 4776 δ.
