3355 5380
246 384 443 470 ¹⁴88]
935 442 1032 507 11.
1118 438 1214 504 To
1263 437 1656 504 Sssnvums
1700 438 2024 507 Roossnus
2594 389 2671 445 85

331 640 441 697 LB.
467 641 617 711 App.
647 656 783 711 490.
2289 600 2597 760 ((οεῗέἒὸζ

999 775 1308 826 ERAsuvs
1352 775 1694 824 SERVATIO
1738 775 1863 823 SVO
1907 776 1962 824 8.

351 917 635 979 Mutuus
660 917 877 978 forsan
907 914 1053 995 quid
1082 913 1409 990 obstiterit,
1437 912 1680 974 Seruati
1706 913 1813 990 mi,
1842 934 1964 991 quo
1992 917 2168 975 tanto
2197 916 2497 994 temporis
2522 916 2671 978 orbe

274 1016 433 1076 nihil
486 1016 568 1077 sd
626 1020 691 1077 te
744 1018 1099 1077 litterarum
1152 1013 1444 1087 dederim,
1505 1015 1569 1073 et
1621 1012 1879 1073 fortasse
1940 1016 2049 1073 aut
2108 1014 2448 1091 pristinum
2509 1015 2673 1076 mihi

268 1116 572 1177 excidisse
606 1115 1001 1193 propositum
1026 1115 1135 1174 aut
1164 1130 1379 1172 meum
1413 1112 1483 1172 in
1521 1113 1584 1170 te
1620 1130 1897 1171 amorem
1934 1111 2283 1190 elanguisse
2321 1112 2664 1191 suspicaris.

271 1213 587 1275 Neutrum
623 1217 836 1275 autem
876 1210 1192 1273 obstitisse
1231 1212 1416 1287 putes
1452 1208 1686 1286 velim3
1730 1229 1933 1286 neque
1971 1210 2142 1270 enim
2183 1210 2432 1271 animus
2472 1210 2672 1272 defuit

268 1313 380 1372 sed
434 1312 655 1388 otium,
717 1330 849 1371 non
902 1310 1190 1371 voluntas
1244 1307 1353 1368 sed
1409 1307 1685 1368 facultas·
1789 1306 2038 1368 Vellem
2093 1327 2231 1369 eam
2286 1308 2447 1368 mihi
2501 1308 2669 1370 vitae
2696 1327 2725 1378 5

268 1409 629 1472 libertatem
662 1409 792 1470 fata
832 1408 1105 1469 sinerent
1142 1424 1330 1484 quam
1368 1408 1592 1466 natura
1632 1405 1940 1482 contulit;
1982 1406 2166 1486 longe
2202 1409 2280 1468 ad
2322 1407 2670 1468 docendum

270 1529 461 1586 quam
482 1510 564 1569 ad
591 1507 1020 1585 accipiendum
1047 1504 1390 1583 experirere
1416 1504 1840 1580 promtiorem.
1932 1504 2055 1564 Sed
2077 1504 2252 1565 vides
2278 1504 2410 1582 ipse
2437 1507 2671 1582 quanto

268 1607 558 1669 tumultu
585 1607 860 1668 fremant
891 1606 1117 1678 omnis,
1150 1602 1425 1681 quidque
1450 1601 1617 1662 inter
1651 1601 1768 1662 has
1793 1601 1959 1662 vitae
1990 1622 2321 1664 aerumnas
2358 1602 2473 1663 otii
2507 1602 2670 1663 mihi

267 1706 590 1785 reliquum
617 1705 703 1766 sit
729 1707 792 1765 te
818 1724 947 1765 non
974 1703 1164 1763 latere
1198 1701 1476 1762 arbitror.
1565 1699 1759 1760 Parce
1784 1700 2012 1777 itaque,
2047 1721 2275 1778 quaeso
2301 1704 2382 1776 te,
2417 1700 2669 1764 silentio

266 1809 504 1882 nostro,
557 1807 622 1865 et
669 1804 802 1882 ipse
851 1801 1017 1880 quod
1065 1803 1240 1880 potes
1288 1799 1356 1859 in
1400 1797 1609 1859 virum
1656 1799 1888 1859 euadas
1936 1797 2196 1860 elabora.
2283 1798 2412 1861 Vbi
2456 1800 2669 1859 autem
2698 1819 2760 1856 ιο

267 1902 548 1965 serenior
566 1903 818 1964 fortuna
845 1899 1180 1974 emerserit,
1207 1896 1594 1977 propositum
1616 1899 1967 1973 repetemus
1995 1917 2166 1974 opus,
2238 1895 2395 1957 Vale
2421 1915 2661 1974 meque,

268 2005 341 2061 vt
368 2000 541 2077 facis,
574 2019 733 2061 ama.

915 2238 1014 2303 12.
1102 2235 1200 2300 To
1245 2235 1555 2300 FRANms
1598 2233 2026 2302 Tnzonomo.

2294 2320 2568 2393 (moyn.)

342 2357 451 2413 LB.
478 2358 623 2429 App.
650 2359 775 2428 436.
2285 2408 2369 2480 (c.
2402 2407 2594 2480 1488.)

694 2562 1007 2612 ERASMVS
1051 2563 1554 2612 BOTERODAMVS
1601 2562 1980 2613 FRANCISCO
2024 2565 2147 2612 SVO
2192 2565 2244 2614 S.

350 2701 532 2777 Qvon
569 2721 676 2762 me
710 2703 782 2763 vt
816 2702 1049 2782 aliquid
1082 2704 1162 2764 ad
1205 2706 1269 2764 te
1301 2703 1444 2763 dem
1483 2701 1836 2762 litterarum
1874 2705 2200 2782 tantopere
2235 2723 2362 2763 non
2400 2702 2669 2764 hortaris

268 2799 473 2875 modo,
522 2819 746 2861 verum
795 2803 983 2862 etism
1032 2821 1208 2880 rogas
1255 2820 1532 2878 orasque,
1587 2803 1684 2860 est
1733 2800 1999 2878 quidem,
2054 2803 2146 2862 mi
2195 2800 2535 2876 Francisce,
2585 2821 2669 2862 ne

266 2898 558 2974 mentiar,
607 2917 737 2959 non
781 2899 1131 2977 imbenigni
1178 2899 1275 2959 tui
1324 2920 1468 2977 erga
1514 2917 1618 2959 me
1667 2899 1867 2959 animi
1912 2900 2238 2964 indicium.
2326 2900 2566 2960 Verum
2613 2899 2669 2960 si

268 3000 623 3074 temporum
676 3017 1010 3076 rerumque
1064 2998 1340 3058 conditio
1394 3001 1626 3078 tuaque
1679 2998 1834 3059 fides
1881 3017 2021 3058 meo
2070 2998 2139 3058 in
2187 3000 2252 3058 te
2299 3016 2410 3074 per
2454 2996 2670 3059 omnis

268 3096 712 3171 responderent
751 3096 965 3172 amori,
1009 3117 1136 3158 non
1178 3097 1464 3172 sinerem,
1508 3099 1601 3158 mi
1644 3097 1982 3173 Francisce,
2017 3116 2120 3158 me
2161 3096 2332 3157 hisce
2374 3096 2444 3156 in
2484 3096 2669 3156 rebus
2694 3114 2724 3165 5

264 3193 608 3267 admoneri,
656 3196 888 3256 nedum
934 3195 1152 3275 rogari.
1241 3197 1326 3256 Et
1375 3196 1631 3274 quidem
1680 3196 1838 3275 quiS,
1888 3197 2156 3272 obsecre,
2203 3196 2272 3256 in
2320 3196 2437 3256 huc
2491 3198 2669 3272 parte

263 3312 461 3370 aeque
507 3293 722 3368 facilis,
772 3314 962 3372 aeque
1008 3293 1277 3372 impiger
1325 3297 1515 3372 atque
1564 3316 1676 3372 ego
1697 3297 1729 3356 ‘1’
1811 3294 2029 3356 Fidem
2074 3293 2234 3355 habe
2281 3292 2458 3370 mihi,
2506 3293 2668 3354 nihil

263 3411 462 3470 aeque
505 3392 852 3453 iucundum
906 3392 1193 3454 ducerem
1247 3412 1436 3472 quam
1492 3414 1637 3454 cum
1683 3394 1940 3454 homine
1990 3393 2367 3454 amicissimo
2420 3393 2668 3454 assidua

261 3490 581 3551 scribendi
620 3490 1050 3551 vicissitudine
1091 3492 1416 3552 decertare.
1499 3491 1591 3552 At
1631 3512 1815 3567 nunc,
1863 3491 1954 3552 mi
1993 3491 2331 3567 Francisoe,
2367 3490 2664 3569 quoniam

262 3591 552 3666 suspecta
597 3593 693 3648 est
732 3588 892 3648 mihi
933 3588 1171 3667 (loquar
1218 3589 1387 3648 enim
1431 3589 1731 3665 seuerius)
1772 3587 1929 3649 fides
1969 3592 2092 3664 tua,
2140 3610 2333 3667 eaque
2377 3590 2663 3649 omnium
2693 3605 2755 3644 ιο

262 3706 478 3747 rerum
525 3685 909 3764 perturbatio
956 3690 1051 3748 est
1090 3688 1164 3747 vt
1209 3686 1336 3747 iam
1384 3707 1464 3747 ne
1510 3688 1817 3748 fidissimo
1864 3688 2114 3766 quidem
2159 3689 2299 3748 tuto
2341 3685 2664 3747 fidendum

262 3785 365 3860 sit,
417 3784 569 3862 quid
600 3785 763 3844 mihi
798 3784 1152 3846 faciendum
1185 3785 1551 3847 existimas?
1633 3786 1995 3847 Scribamne
2021 3805 2102 3845 an
2140 3786 2349 3863 potius
2377 3786 2664 3845 taceam?

260 3882 557 3943 Alterum
602 3882 813 3943 hercle
856 3884 1068 3959 tutius,
1123 3883 1390 3944 alterum
1434 3887 1644 3945 tamen
1690 3883 1951 3961 benigni
1997 3885 2197 3962 magis
2241 3882 2483 3961 ingenii
2528 3901 2663 3943 esse

262 3987 431 4058 puto.
536 3981 907 4059 Quanquam
961 3981 1169 4059 itaque
1215 3981 1506 4042 nonnihil
1562 3983 1856 4058 metuam,
1909 4001 1990 4042 ne
2046 3982 2195 4060 quid
2249 4002 2326 4043 ex
2380 4001 2453 4042 ea
2505 4001 2662 4059 quse

258 4081 419 4142 mihi
461 4084 671 4142 tecum
715 4081 814 4139 est
860 4079 1306 4140 consuetudine
1348 4084 1635 4141 nascatur
1673 4079 2069 4157 incommodi,
2117 4100 2228 4158 pro
2279 4080 2405 4141 mei
2444 4084 2660 4141 tamen
2688 4094 2748 4146 15

256 4199 400 4258 erga
425 4185 490 4241 te
516 4180 755 4242 amoris
787 4178 1142 4254 integritate
1168 4178 1484 4256 veterique
1511 4182 1724 4239 nostra
1758 4179 2029 4239 amicitis
2063 4179 2192 4239 tuis
2220 4178 2382 4239 votis
2419 4198 2658 4239 morem

259 4298 462 4355 gerere
488 4277 705 4340 statui.
798 4275 1012 4354 Neque
1041 4276 1216 4337 decet
1243 4277 1408 4337 inter
1432 4297 1565 4353 nos,
1598 4281 1705 4356 qui
1733 4278 2005 4338 fraterno
2032 4276 2287 4338 vinculo
2314 4276 2651 4353 iungimur,

258 4379 588 4458 quidquam
633 4377 749 4436 aut
791 4374 917 4434 odii
956 4378 1068 4436 aut
1106 4376 1446 4436 simultatis
1485 4375 1885 4438 intercedere.
1974 4375 2170 4436 Porro
2220 4394 2365 4435 oum
2411 4377 2483 4434 tu
2524 4393 2657 4434 sus·

254 4477 435 4538 uioris
460 4478 531 4538 in
561 4493 676 4536 me
705 4471 908 4533 animi
933 4471 1132 4533 factus
1159 4473 1365 4548 fueris,
1400 4473 1715 4534 suauiores
1742 4493 1980 4552 quoque
2007 4493 2184 4536 meae
2211 4472 2288 4534 ad
2319 4477 2382 4534 te
2409 4472 2655 4532 litterae

246 4575 437 4639 ibunt.
531 4573 719 4635 Vale.
2683 4580 2747 4616 20

960 4688 1036 4735 12.
1060 4701 1136 4748 ¹4·
1172 4687 1431 4736 nonnihil
1455 4692 1621 4747 scripsi
1642 4704 1656 4737 z
1689 4686 1836 4736 nihil
1858 4691 1957 4736 LB.
