3355 5380
300 394 489 479 1504]
980 397 1089 460 ΤΟ
1145 396 1578 462 NIGHOLAS
1635 398 2006 463 RUISTRE
2574 404 2690 461 397

297 554 606 633 flagitium
648 573 786 616 eam
827 554 1010 634 culpa
1050 555 1324 622 deterere
1363 555 1620 635 ingenii,
1666 556 2192 636 quemadmodum
2233 555 2323 617 ait
2366 555 2685 619 Horatius.
2724 578 2786 613 20

295 653 513 732 Neque
562 672 715 714 vero
766 653 1048 715 cuiusuis
1099 654 1392 733 penicillo
1445 654 1785 716 numinum
1838 655 2068 733 effigies
2115 655 2303 732 digne
2348 674 2694 733 repraesen-

290 755 524 813 tantur.
609 752 845 813 Adde
825 773 954 813 iam
992 754 1154 832 quod
1194 756 1260 815 et
1297 753 1454 816 alias
1493 753 1713 873 impar,
1759 754 1896 833 ipso
1937 754 2127 814 etiam
2168 756 2463 832 tempore,
2508 753 2694 816 sicuti

289 847 429 925 scis,
463 849 847 912 excludebat.

376 949 631 1009 Etenim
685 968 880 1027 quum
929 969 1067 1011 sero
1113 949 1277 1011 mihi
1320 952 1594 1012 venisset
1638 948 1717 1011 in
1757 953 2052 1027 mentem,
2104 952 2246 1011 tum
2286 951 2370 1036 *de
2416 968 2484 1011 re
2529 947 2695 1036 nihil

291 1052 575 1110 tenerem
613 1046 739 1108 nisi
774 1049 1083 1126 quantum
1122 1046 1371 1109 homini
1408 1069 1620 1110 rerum
1653 1047 2016 1110 huiusmodi
2054 1051 2417 1129 neutiquam
2453 1046 2695 1125 curioso
2725 1068 2784 1120 25

291 1165 656 1225 semperque
674 1144 856 1207 libris
876 1145 1278 1208 immussanti
1299 1146 1585 1225 publicus
1602 1167 1818 1209 rumor
1833 1148 2261 1226 suggessisset,
2279 1146 2698 1209 tumultuaria

296 1247 576 1325 primum
609 1265 796 1324 opera
830 1244 1167 1305 verborum
1206 1245 1384 1324 quasi
1412 1245 1661 1324 syluam
1689 1246 2007 1325 quandam
2034 1248 2289 1324 repente
2329 1243 2537 1307 corrui
2562 1268 2579 1321 ;
2624 1243 2727 1308 ac'

290 1346 468 1406 velut
505 1344 729 1423 primo,
762 1344 927 1404 sicut
957 1342 1151 1420 aiunt,
1182 1343 1351 1404 coelo
1377 1343 1576 1404 futuri
1613 1343 2021 1423 Panaegyrici
2052 1344 2206 1405 rude
2241 1343 2697 1407 simulachrum

290 1441 656 1504 deformaui.
741 1442 987 1503 Dehinc
1026 1442 1137 1502 vbi
1177 1443 1254 1503 de
1295 1462 1363 1502 re
1401 1441 1679 1503 multum
1720 1442 2027 1521 vestigata
2072 1461 2203 1504 non
2252 1441 2456 1504 multo
2499 1442 2698 1507 factus

291 1560 495 1601 essem
530 1539 907 1616 instructior,
949 1539 1414 1618 negligentibus
1448 1540 1602 1616 aliis,
1633 1540 1779 1601 aliis
1814 1539 2007 1600 etiam
2042 1540 2252 1601 studio
2285 1540 2692 1619 coelantibus,
2723 1560 2788 1611 30

288 1643 356 1699 et
396 1637 630 1700 seditio
670 1638 797 1698 iam
832 1637 1069 1716 passim
1106 1638 1541 1717 efflagitaretur
1573 1659 1613 1701 a
1647 1638 1962 1714 studiosis,
2005 1658 2207 1717 neque
2241 1637 2463 1701 liberet
2494 1642 2695 1702 totam

287 1736 495 1815 operis
534 1737 725 1797 telam
763 1738 1056 1811 retexere,
1092 1736 1520 1815 compluribus
1558 1736 1714 1797 locis
1749 1736 2067 1797 interfulsi
2104 1736 2424 1814 quaedam.
2509 1737 2696 1801 Vnde

288 1825 508 1896 vereor
562 1855 644 1896 ne
695 1835 1066 1913 peritiorum
1120 1855 1359 1914 vngues
1414 1835 1718 1896 orationis
1772 1833 2276 1913 inoequalitatem
2330 1837 2396 1898 et
2447 1831 2698 1899 hiantes

287 1932 521 1994 alicubi
576 1934 1016 1996 commissuras
1068 1933 1200 1995 sint
1254 1933 1719 2011 deprehensuri.
1823 1931 2037 2007 Porro,
2096 1951 2292 2010 quum
2345 1934 2509 1995 oculi
2563 1934 2696 1996 sint

286 2033 459 2094 vnici
499 2033 658 2094 bene
705 2034 1003 2095 narrandi
1045 2031 1347 2112 magistri,
1391 2033 1555 2094 mihi
1594 2052 1675 2092 ne
1713 2032 1931 2093 audire
1969 2032 2223 2111 quidem
2262 2032 2527 2112 contigit
2566 2034 2694 2096 nisi
2718 2052 2783 2106 35

285 2151 594 2245 perpauca
629 2133 931 2211 quaedam
969 2151 1158 2209 eaque
1193 2132 1598 2210 incomperta,
1629 2133 1704 2191 vt
1739 2130 1843 2192 hic
1877 2133 2051 2192 totus
2085 2130 2261 2193 locus
2294 2131 2485 2194 fuerit
2516 2132 2694 2213 quasi

285 2230 559 2291 summis
583 2231 848 2308 pedibus
879 2229 1345 2291 transiliendus.
1432 2228 1598 2290 Nam
1626 2228 1705 2290 de
1744 2228 2025 2308 principe
2059 2232 2124 2290 et
2156 2249 2380 2306 pamm
2414 2232 2696 2294 confessa

278 2328 607 2407 scripsisse
633 2328 939 2406 sacrilegii
970 2348 1166 2406 genus
1192 2331 1306 2390 est.

364 2427 717 2489 Accedebat
742 2427 866 2489 huc
902 2427 1067 2504 quod
1094 2446 1235 2488 mea
1268 2426 1653 2505 simplicitas,
1686 2428 1758 2487 vt
1793 2426 2065 2505 ingenue
2097 2364 2318 2504 dicam,
2348 2447 2386 2490 a
2411 2430 2547 2490 toto
2571 2427 2692 2492 hoc

281 2525 506 2605 scripti
542 2545 767 2603 genere
802 2525 1098 2587 nonnihil
1133 2525 1512 2601 abhorreret,
1552 2524 1643 2586 in
1658 2526 1824 2605 quod
1856 2545 2059 2587 vnum
2084 2525 2186 2588 vel
2222 2525 2500 2587 maxime
2526 2509 2691 2588 vide-
2719 2547 2786 2596 40

280 2628 427 2685 atur
467 2624 684 2685 honere
726 2623 1123 2685 Platonicum
1167 2624 1344 2702 illud,
1390 2625 1655 2703 τέταρτον
1697 2624 1989 2687 κολακείας
2027 2624 2240 2702 μόριον.
2318 2624 2691 2705 Quanquam

281 2725 407 2786 ista
450 2743 582 2785 non
628 2726 761 2784 tam
805 2724 1014 2787 αἴνεσις
1053 2743 1243 2802 quam
1290 2723 1616 2802 παραίνεσις
1630 2761 1645 2777 ·
1661 2725 1778 2784 est.
1866 2722 1993 2784 Nec
2038 2722 2164 2783 alia
2203 2742 2459 2801 prorsus
2496 2743 2691 2803 aeque
2726 2778 2732 2783 .

279 2824 499 2884 efficax
537 2822 915 2883 emendandi
956 2821 1273 2900 principes
1313 2823 1474 2885 ratio
1516 2841 1706 2900 quam
1751 2821 1809 2883 si
1852 2821 1944 2882 eis
1989 2820 2107 2897 sub
2150 2821 2451 2883 laudandi
2491 2824 2692 2902 specie
2729 2812 2735 2819 ⁶

282 2921 436 2995 boni
475 2920 779 2999 principis
819 2922 1134 2999 exemplar
1171 2921 1409 2999 offeras,
1449 2920 1637 2983 modo
1676 2919 1769 2981 sic
1804 2919 2072 2982 virtutes
2111 2919 2365 2996 tribuas,
2404 2919 2495 2981 sic
2528 2908 2693 2983 vicia

283 3019 593 3095 detrahas,
644 3023 719 3080 vt
767 3019 845 3079 ad
893 3018 1038 3080 illas
1081 3019 1412 3095 adhortari,
1466 3019 1546 3080 ab
1593 3019 1722 3080 hiis
1766 3018 2075 3083 deterrere
2119 3018 2387 3081 videare.
2474 3017 2691 3098 Neque
2714 3038 2777 3087 ⁴5

280 3119 459 3178 enim
504 3117 736 3178 medici
784 3116 1128 3195 quemlibet
1168 3118 1401 3194 eadem,
1440 3118 1561 3180 sed
1605 3137 1891 3197 quenque
1935 3117 2259 3196 aptissima
2299 3120 2522 3179 curant
2563 3117 2685 3180 via.

277 3215 425 3287 Hac
472 3215 765 3276 videlicet
813 3215 1086 3276 formula
1129 3215 1294 3295 tueri
1338 3236 1444 3277 me
1490 3219 1788 3295 poteram,
1842 3215 1972 3277 nisi
2017 3216 2088 3276 in
2135 3236 2281 3277 eum
2329 3215 2690 3294 Principem

284 3313 650 3389 incidissem
702 3313 774 3376 in
828 3334 953 3393 quo
1008 3313 1327 3376 laudando
1391 3334 1473 3375 ne
1535 3334 1785 3376 necesse
1851 3314 2108 3393 quidem
2170 3314 2295 3374 fuit
2357 3313 2690 3393 quicquam

275 3412 595 3491 affingere,
637 3412 755 3473 hac
790 3432 916 3474 vna
950 3412 1022 3474 in
1057 3433 1125 3473 re
1162 3412 1561 3493 fortunatus;
1606 3412 2054 3474 fortunatiores
2089 3416 2303 3473 tamen
2344 3412 2546 3474 futuri
2581 3414 2691 3492 qui

280 3510 453 3572 hunc
491 3511 704 3588 ipsum
742 3511 870 3572 iam
912 3530 1127 3572 senem
1169 3510 1561 3587 describent3
1616 3510 1799 3571 cuius
1840 3509 2100 3572 consilia
2131 3514 2213 3573 vt
2251 3510 2434 3572 nobis
2474 3510 2694 3574 diuina
2716 3526 2781 3577 50

269 3609 640 3688 benignitas
666 3610 869 3688 magis
894 3609 1218 3688 magisque
1243 3612 1562 3689 prosperet
1587 3627 1819 3687 precor.
1903 3588 2077 3691 Vale.

350 3772 435 3807 20.
471 3756 669 3820 flagitii
686 3772 739 3819 7.
866 3755 1329 3819 quemadmodum
1351 3756 1432 3805 ait
1454 3754 1722 3805 Horatius
1741 3759 1841 3803 add
1858 3769 1911 3817 7.
2108 3767 2187 3805 21.
2219 3767 2346 3803 vero
2366 3770 2432 3802 a:
2463 3754 2615 3803 enim
2633 3769 2688 3816 7.

273 3838 365 3873 22.
402 3824 517 3872 iam
539 3827 652 3875 add.
673 3838 728 3884 7.
905 3826 962 3871 et
981 3826 1092 3872 add.
1113 3838 1167 3885 7.
1300 3822 1416 3884 ipso
1436 3824 1550 3870 aad.
1574 3837 1625 3898 γ.
1753 3820 1915 3869 sicuti
1937 3820 2044 3869 scis
2063 3823 2177 3869 add.
2198 3836 2251 3883 7.
2387 3833 2469 3881 25.
2504 3834 2688 3869 rerum

278 3889 602 3938 huiusmodi
636 3892 751 3939 aad.
783 3904 835 3950 7.
1024 3888 1175 3937 neuti
1158 3901 1343 3950 iquam
1375 3902 1443 3936 α.
1485 3886 1716 3935 minime
1749 3900 1802 3946 7.
2076 3899 2154 3947 27.
2200 3884 2442 3948 primum
2478 3888 2595 3937 add.
2631 3901 2686 3948 7.

279 3955 366 4005 28.
400 3952 577 4004 veluti
599 3971 650 4016 7.
823 3953 969 4002 sicut
990 3954 1149 4002 aiunt
1168 3957 1284 4003 add.
1305 3970 1358 4015 7.
1522 3952 1699 4001 futuri
1720 3954 1832 4000 add.
1855 3966 1908 4013 7.
2151 3965 2232 4012 3ο.
2275 3949 2459 4000 studio
2490 3955 2606 4001 aad.
2632 3967 2686 4014 7.

273 4034 361 4083 31.
401 4036 435 4070 a
457 4019 720 4070 studiosis
742 4023 857 4067 add.
880 4035 932 4082 7.
1133 4032 1215 4079 32.
1256 4017 1535 4067 inter-fulsi
1556 4015 1821 4080 quaedam
1843 4032 1915 4080 7.
1949 4015 2228 4065 interfulsi
2208 4030 2312 4065 im
2345 4016 2496 4065 velut
2519 4016 2689 4065 inter·

276 4085 414 4135 fulsi
437 4087 492 4140 β.
707 4086 789 4147 36.
823 4088 971 4134 totus
993 4088 1106 4134 ada.
1131 4100 1182 4147 7.
1396 4096 1476 4146 39.
1510 4086 1572 4132 vt
1593 4083 1829 4145 ingenue
1860 4081 2040 4130 dicam
2068 4084 2246 4144 0647
2478 4097 2562 4144 4ο.
2596 4082 2686 4131 vel

275 4155 395 4202 aad.
419 4168 472 4214 7.
649 4164 729 4211 ⁴1·
765 4148 1107 4199 Platonicum
1129 4166 1195 4199 a:
1230 4148 1561 4198 Socraticum
1594 4164 1645 4209 7.
1777 4145 2015 4272 ⁷57⁰er
2035 4162 2097 4196 α·
2131 4096 2246 4208 τὴνγ
2243 4119 2364 4207 Jlrrro
2363 4145 2500 4210 μιὴν
2520 4145 2687 4210 τρίτου

277 4214 399 4266 ‹rm
425 4215 513 4277 τῆς
532 4232 585 4278 7.
832 4229 911 4277 43.
951 4215 1030 4264 eis
1051 4231 1142 4266 om.
1166 4232 1220 4279 7.
1441 4228 1522 4276 ⁴5·
1557 4214 1647 4262 his
1667 4214 2321 4305 B.1.prosperet
2339 4228 2400 4261 α.
2434 4226 2688 4276 prospera

275 4282 415 4332 velit
436 4296 553 4331 esse
573 4298 627 4343 7.
758 4281 910 4331 Bene
931 4281 1051 4330 vale
1072 4297 1122 4344 7.

344 4465 424 4500 20.
461 4446 748 4511 Horatius]
773 4450 856 4498 oa.
889 4461 930 4497 1.
956 4448 1004 4497 6.
1034 4461 1110 4496 12.
1623 4457 1707 4506 4¹·
1736 4442 2108 4509 Platonicum]
2136 4448 2267 4504 Gom.
2295 4444 2486 4503 463110.
