<?xml version="1.0" encoding="UTF-8"?>
<!DOCTYPE html PUBLIC "-//W3C//DTD XHTML 1.0 Transitional//EN"
    "http://www.w3.org/TR/xhtml1/DTD/xhtml1-transitional.dtd">
<html xmlns="http://www.w3.org/1999/xhtml" xml:lang="en" lang="en">
 <head>
  <title>
</title>
<meta http-equiv="Content-Type" content="text/html;charset=utf-8" />
  <meta name='ocr-system' content='tesseract 3.04.00' />
  <meta name='ocr-capabilities' content='ocr_page ocr_carea ocr_par ocr_line ocrx_word'/>
</head>
<body>
  <div class='ocr_page' id='page_1' title='image "./opusepistolarum00flowgoog_0451.png"; bbox 0 0 3355 5380; ppageno 0'>
   <div class='ocr_carea' id='block_1_1' title="bbox 351 410 2746 496">
    <p class='ocr_par' dir='ltr' id='par_1_1' title="bbox 351 410 2746 496">
     <span class='ocr_line' id='line_1_1' title="bbox 351 410 2746 496; baseline -0.002 -20"><span class='ocrx_word' id='word_1_1' title='bbox 351 410 536 496; x_wconf 75' lang='lat'><strong>1506]</strong></span> <span class='ocrx_word' id='word_1_2' title='bbox 1124 412 1233 476; x_wconf 75' lang='lat' dir='ltr'><strong>&#39;ro</strong></span> <span class='ocrx_word' id='word_1_3' title='bbox 1288 410 1688 477; x_wconf 79' lang='lat' dir='ltr'>RIOHARD</span> <span class='ocrx_word' id='word_1_4' title='bbox 1740 410 1968 474; x_wconf 73' lang='lat' dir='ltr'><strong>Foxn</strong></span> <span class='ocrx_word' id='word_1_5' title='bbox 2628 415 2746 472; x_wconf 75' lang='lat'><strong>417</strong></span> 
     </span>
    </p>
   </div>
   <div class='ocr_carea' id='block_1_2' title="bbox 342 566 2845 2996">
    <p class='ocr_par' dir='ltr' id='par_1_2' title="bbox 342 566 2845 2608">
     <span class='ocr_line' id='line_1_2' title="bbox 427 566 2837 644; baseline -0.004 -10"><span class='ocrx_word' id='word_1_6' title='bbox 427 574 625 635; x_wconf 88' lang='lat' dir='ltr'><strong>Porro</strong></span> <span class='ocrx_word' id='word_1_7' title='bbox 689 573 975 633; x_wconf 87' lang='lat' dir='ltr'><strong>nostrum</strong></span> <span class='ocrx_word' id='word_1_8' title='bbox 1033 570 1152 633; x_wconf 91' lang='lat' dir='ltr'><strong>hoc</strong></span> <span class='ocrx_word' id='word_1_9' title='bbox 1215 568 1683 644; x_wconf 90' lang='lat' dir='ltr'><strong>munusculum,</strong></span> <span class='ocrx_word' id='word_1_10' title='bbox 1745 568 1798 629; x_wconf 90' lang='lat' dir='ltr'><strong>si</strong></span> <span class='ocrx_word' id='word_1_11' title='bbox 1864 567 2041 629; x_wconf 90' lang='lat' dir='ltr'><strong>nulla</strong></span> <span class='ocrx_word' id='word_1_12' title='bbox 2105 566 2233 630; x_wconf 91' lang='lat' dir='ltr'><strong>alia</strong></span> <span class='ocrx_word' id='word_1_13' title='bbox 2294 567 2457 640; x_wconf 89' lang='lat' dir='ltr'><strong>licet,</strong></span> <span class='ocrx_word' id='word_1_14' title='bbox 2522 568 2748 632; x_wconf 86' lang='lat' dir='ltr'><strong>saltem</strong></span> <span class='ocrx_word' id='word_1_15' title='bbox 2778 588 2837 641; x_wconf 81' lang='lat'><strong>15</strong></span> 
     </span>
     <span class='ocr_line' id='line_1_3' title="bbox 345 665 2749 746; baseline -0.003 -11"><span class='ocrx_word' id='word_1_16' title='bbox 345 667 709 736; x_wconf 79' lang='lat' dir='ltr'><strong>Terentiani</strong></span> <span class='ocrx_word' id='word_1_17' title='bbox 775 668 1192 731; x_wconf 78' lang='lat' dir='ltr'><strong>Parmenonis</strong></span> <span class='ocrx_word' id='word_1_18' title='bbox 1258 666 1546 746; x_wconf 91' lang='lat' dir='ltr'><strong>exemplo</strong></span> <span class='ocrx_word' id='word_1_19' title='bbox 1612 667 1733 729; x_wconf 95' lang='lat' dir='ltr'><strong>hoc</strong></span> <span class='ocrx_word' id='word_1_20' title='bbox 1801 665 2061 728; x_wconf 89' lang='lat' dir='ltr'><strong>nomine</strong></span> <span class='ocrx_word' id='word_1_21' title='bbox 2130 665 2749 742; x_wconf 85' lang='lat' dir='ltr'><strong>commendabimus;</strong></span> 
     </span>
     <span class='ocr_line' id='line_1_4' title="bbox 346 765 2751 847; baseline -0.002 -17"><span class='ocrx_word' id='word_1_22' title='bbox 346 768 516 847; x_wconf 93' lang='lat' dir='ltr'><strong>quod</strong></span> <span class='ocrx_word' id='word_1_23' title='bbox 563 786 694 829; x_wconf 93' lang='lat' dir='ltr'><strong>non</strong></span> <span class='ocrx_word' id='word_1_24' title='bbox 746 786 824 828; x_wconf 92' lang='lat' dir='ltr'><strong>ex</strong></span> <span class='ocrx_word' id='word_1_25' title='bbox 870 766 1223 845; x_wconf 75' lang='lat' dir='ltr'><strong>Aethiopia,</strong></span> <span class='ocrx_word' id='word_1_26' title='bbox 1275 785 1495 829; x_wconf 81' lang='lat' dir='ltr'><strong>verum</strong></span> <span class='ocrx_word' id='word_1_27' title='bbox 1548 785 1583 826; x_wconf 91' lang='lat' dir='ltr'><strong>e</strong></span> <span class='ocrx_word' id='word_1_28' title='bbox 1631 765 1961 827; x_wconf 75' lang='lat' dir='ltr'><strong>Samosata</strong></span> <span class='ocrx_word' id='word_1_29' title='bbox 2013 784 2210 843; x_wconf 81' lang='lat' dir='ltr'><strong>vsque</strong></span> <span class='ocrx_word' id='word_1_30' title='bbox 2258 765 2551 828; x_wconf 78' lang='lat' dir='ltr'><strong>Graeciae</strong></span> <span class='ocrx_word' id='word_1_31' title='bbox 2598 766 2751 826; x_wconf 82' lang='lat' dir='ltr'><strong>vrbe</strong></span> 
     </span>
     <span class='ocr_line' id='line_1_5' title="bbox 347 861 2751 944; baseline -0.002 -16"><span class='ocrx_word' id='word_1_32' title='bbox 347 866 433 928; x_wconf 88' lang='lat' dir='ltr'><strong>sit</strong></span> <span class='ocrx_word' id='word_1_33' title='bbox 477 866 841 944; x_wconf 88' lang='lat' dir='ltr'><strong>profectum.</strong></span> <span class='ocrx_word' id='word_1_34' title='bbox 950 865 1066 927; x_wconf 87' lang='lat' dir='ltr'><strong>Est</strong></span> <span class='ocrx_word' id='word_1_35' title='bbox 1112 867 1326 927; x_wconf 91' lang='lat' dir='ltr'><strong>autem</strong></span> <span class='ocrx_word' id='word_1_36' title='bbox 1381 863 1667 942; x_wconf 80' lang='lat' dir='ltr'><strong>dialogus</strong></span> <span class='ocrx_word' id='word_1_37' title='bbox 1721 861 2001 939; x_wconf 67' lang='lat' dir='ltr'><strong>Luciam,</strong></span> <span class='ocrx_word' id='word_1_38' title='bbox 2054 864 2154 924; x_wconf 92' lang='lat' dir='ltr'><strong>cui</strong></span> <span class='ocrx_word' id='word_1_39' title='bbox 2207 862 2437 924; x_wconf 89' lang='lat' dir='ltr'><strong>titulus</strong></span> <span class='ocrx_word' id='word_1_40' title='bbox 2489 862 2751 925; x_wconf 80' lang='lat' dir='ltr'><strong>Toxaris</strong></span> 
     </span>
     <span class='ocr_line' id='line_1_6' title="bbox 347 959 2751 1043; baseline -0.002 -17"><span class='ocrx_word' id='word_1_41' title='bbox 347 970 482 1026; x_wconf 89' lang='lat' dir='ltr'><strong>siue</strong></span> <span class='ocrx_word' id='word_1_42' title='bbox 509 963 588 1026; x_wconf 91' lang='lat' dir='ltr'><strong>de</strong></span> <span class='ocrx_word' id='word_1_43' title='bbox 616 963 909 1040; x_wconf 89' lang='lat' dir='ltr'><strong>amicitia,</strong></span> <span class='ocrx_word' id='word_1_44' title='bbox 943 982 1131 1043; x_wconf 90' lang='lat' dir='ltr'><strong>quem</strong></span> <span class='ocrx_word' id='word_1_45' title='bbox 1157 982 1274 1025; x_wconf 85' lang='lat' dir='ltr'><strong>nos</strong></span> <span class='ocrx_word' id='word_1_46' title='bbox 1299 961 1516 1041; x_wconf 80' lang='lat' dir='ltr'><strong>paucis</strong></span> <span class='ocrx_word' id='word_1_47' title='bbox 1550 961 1653 1022; x_wconf 89' lang='lat' dir='ltr'><strong>his</strong></span> <span class='ocrx_word' id='word_1_48' title='bbox 1690 959 1911 1022; x_wconf 90' lang='lat' dir='ltr'><strong>diebus</strong></span> <span class='ocrx_word' id='word_1_49' title='bbox 1936 959 2240 1022; x_wconf 85' lang='lat' dir='ltr'><strong>Latinum</strong></span> <span class='ocrx_word' id='word_1_50' title='bbox 2264 961 2539 1023; x_wconf 82' lang='lat' dir='ltr'><strong>fecimus.</strong></span> <span class='ocrx_word' id='word_1_51' title='bbox 2626 960 2751 1036; x_wconf 82' lang='lat' dir='ltr'><strong>Qui</strong></span> 
     </span>
     <span class='ocr_line' id='line_1_7' title="bbox 348 1058 2844 1141; baseline -0.002 -17"><span class='ocrx_word' id='word_1_52' title='bbox 348 1062 604 1141; x_wconf 91' lang='lat' dir='ltr'><strong>quidem</strong></span> <span class='ocrx_word' id='word_1_53' title='bbox 630 1061 746 1141; x_wconf 79' lang='lat' dir='ltr'><strong>(vti</strong></span> <span class='ocrx_word' id='word_1_54' title='bbox 771 1063 975 1141; x_wconf 87' lang='lat' dir='ltr'><strong>spero)</strong></span> <span class='ocrx_word' id='word_1_55' title='bbox 1000 1082 1129 1123; x_wconf 93' lang='lat' dir='ltr'><strong>non</strong></span> <span class='ocrx_word' id='word_1_56' title='bbox 1156 1062 1417 1124; x_wconf 89' lang='lat' dir='ltr'><strong>omnino</strong></span> <span class='ocrx_word' id='word_1_57' title='bbox 1442 1061 1696 1121; x_wconf 89' lang='lat' dir='ltr'><strong>futurus</strong></span> <span class='ocrx_word' id='word_1_58' title='bbox 1719 1062 1814 1122; x_wconf 88' lang='lat' dir='ltr'><strong>est</strong></span> <span class='ocrx_word' id='word_1_59' title='bbox 1840 1058 2126 1137; x_wconf 82' lang='lat' dir='ltr'><strong>ingratus</strong></span> <span class='ocrx_word' id='word_1_60' title='bbox 2151 1060 2296 1120; x_wconf 86' lang='lat' dir='ltr'><strong>tuae</strong></span> <span class='ocrx_word' id='word_1_61' title='bbox 2322 1059 2744 1136; x_wconf 79' lang='lat' dir='ltr'><strong>excellentiae,</strong></span> <span class='ocrx_word' id='word_1_62' title='bbox 2780 1083 2844 1120; x_wconf 82' lang='lat'><strong>20</strong></span> 
     </span>
     <span class='ocr_line' id='line_1_8' title="bbox 346 1157 2754 1239; baseline -0 -19"><span class='ocrx_word' id='word_1_63' title='bbox 346 1160 452 1221; x_wconf 84' lang='lat' dir='ltr'><strong>vel</strong></span> <span class='ocrx_word' id='word_1_64' title='bbox 489 1158 570 1221; x_wconf 90' lang='lat' dir='ltr'><strong>ob</strong></span> <span class='ocrx_word' id='word_1_65' title='bbox 610 1160 675 1220; x_wconf 91' lang='lat' dir='ltr'><strong>id</strong></span> <span class='ocrx_word' id='word_1_66' title='bbox 713 1160 877 1239; x_wconf 88' lang='lat' dir='ltr'><strong>quod</strong></span> <span class='ocrx_word' id='word_1_67' title='bbox 911 1159 1259 1221; x_wconf 82' lang='lat' dir='ltr'><strong>amicitiam</strong></span> <span class='ocrx_word' id='word_1_68' title='bbox 1293 1157 1625 1237; x_wconf 86' lang='lat' dir='ltr'><strong>praedicat,</strong></span> <span class='ocrx_word' id='word_1_69' title='bbox 1656 1177 1791 1218; x_wconf 89' lang='lat' dir='ltr'><strong>rem</strong></span> <span class='ocrx_word' id='word_1_70' title='bbox 1831 1158 1986 1219; x_wconf 87' lang='lat' dir='ltr'><strong>adeo</strong></span> <span class='ocrx_word' id='word_1_71' title='bbox 2020 1159 2306 1220; x_wconf 87' lang='lat' dir='ltr'><strong>sanctam</strong></span> <span class='ocrx_word' id='word_1_72' title='bbox 2340 1161 2412 1219; x_wconf 85' lang='lat' dir='ltr'><strong>vt</strong></span> <span class='ocrx_word' id='word_1_73' title='bbox 2450 1157 2754 1219; x_wconf 84' lang='lat' dir='ltr'><strong>barbaris·</strong></span> 
     </span>
     <span class='ocr_line' id='line_1_9' title="bbox 347 1255 2754 1322; baseline -0.002 0"><span class='ocrx_word' id='word_1_74' title='bbox 347 1256 528 1322; x_wconf 82' lang='lat' dir='ltr'><strong>simis</strong></span> <span class='ocrx_word' id='word_1_75' title='bbox 572 1257 765 1319; x_wconf 88' lang='lat' dir='ltr'><strong>etiam</strong></span> <span class='ocrx_word' id='word_1_76' title='bbox 811 1256 1175 1320; x_wconf 90' lang='lat' dir='ltr'><strong>nationibus</strong></span> <span class='ocrx_word' id='word_1_77' title='bbox 1220 1257 1376 1318; x_wconf 90' lang='lat' dir='ltr'><strong>olim</strong></span> <span class='ocrx_word' id='word_1_78' title='bbox 1422 1255 1611 1317; x_wconf 78' lang='lat' dir='ltr'><strong>fuerit</strong></span> <span class='ocrx_word' id='word_1_79' title='bbox 1665 1256 2039 1319; x_wconf 82' lang='lat' dir='ltr'><strong>veneranda.</strong></span> <span class='ocrx_word' id='word_1_80' title='bbox 2145 1255 2331 1318; x_wconf 82' lang='lat' dir='ltr'><strong>Nunc</strong></span> <span class='ocrx_word' id='word_1_81' title='bbox 2375 1256 2754 1319; x_wconf 85' lang='lat' dir='ltr'><strong>Christianis</strong></span> 
     </span>
     <span class='ocr_line' id='line_1_10' title="bbox 347 1352 2753 1435; baseline 0 -17"><span class='ocrx_word' id='word_1_82' title='bbox 347 1375 546 1434; x_wconf 72' lang='lat' dir='ltr'><strong>Vsque</strong></span> <span class='ocrx_word' id='word_1_83' title='bbox 586 1357 742 1418; x_wconf 89' lang='lat' dir='ltr'><strong>adeo</strong></span> <span class='ocrx_word' id='word_1_84' title='bbox 785 1356 856 1417; x_wconf 91' lang='lat' dir='ltr'><strong>in</strong></span> <span class='ocrx_word' id='word_1_85' title='bbox 903 1354 1378 1418; x_wconf 83' lang='lat' dir='ltr'><strong>desuetudinem</strong></span> <span class='ocrx_word' id='word_1_86' title='bbox 1425 1352 1598 1429; x_wconf 89' lang='lat' dir='ltr'><strong>abiit,</strong></span> <span class='ocrx_word' id='word_1_87' title='bbox 1645 1357 1720 1415; x_wconf 84' lang='lat' dir='ltr'><strong>vt</strong></span> <span class='ocrx_word' id='word_1_88' title='bbox 1761 1373 1892 1414; x_wconf 91' lang='lat' dir='ltr'><strong>non</strong></span> <span class='ocrx_word' id='word_1_89' title='bbox 1939 1354 2145 1416; x_wconf 91' lang='lat' dir='ltr'><strong>dicam</strong></span> <span class='ocrx_word' id='word_1_90' title='bbox 2187 1354 2469 1435; x_wconf 81' lang='lat' dir='ltr'><strong>vestigia,</strong></span> <span class='ocrx_word' id='word_1_91' title='bbox 2517 1356 2627 1418; x_wconf 90' lang='lat' dir='ltr'><strong>sed</strong></span> <span class='ocrx_word' id='word_1_92' title='bbox 2671 1376 2753 1418; x_wconf 88' lang='lat' dir='ltr'><strong>ne</strong></span> 
     </span>
     <span class='ocr_line' id='line_1_11' title="bbox 345 1450 2753 1532; baseline 0.001 -17"><span class='ocrx_word' id='word_1_93' title='bbox 345 1473 581 1515; x_wconf 91' lang='lat' dir='ltr'><strong>nomen</strong></span> <span class='ocrx_word' id='word_1_94' title='bbox 623 1453 880 1532; x_wconf 87' lang='lat' dir='ltr'><strong>quidem</strong></span> <span class='ocrx_word' id='word_1_95' title='bbox 922 1454 1134 1532; x_wconf 92' lang='lat' dir='ltr'><strong>ipsum</strong></span> <span class='ocrx_word' id='word_1_96' title='bbox 1180 1455 1386 1528; x_wconf 86' lang='lat' dir='ltr'><strong>extet;</strong></span> <span class='ocrx_word' id='word_1_97' title='bbox 1442 1472 1640 1531; x_wconf 87' lang='lat' dir='ltr'><strong>quum</strong></span> <span class='ocrx_word' id='word_1_98' title='bbox 1686 1450 1852 1513; x_wconf 88' lang='lat' dir='ltr'><strong>nihil</strong></span> <span class='ocrx_word' id='word_1_99' title='bbox 1895 1451 2067 1513; x_wconf 87' lang='lat' dir='ltr'><strong>aliud</strong></span> <span class='ocrx_word' id='word_1_100' title='bbox 2110 1452 2195 1514; x_wconf 88' lang='lat' dir='ltr'><strong>sit</strong></span> <span class='ocrx_word' id='word_1_101' title='bbox 2237 1453 2753 1517; x_wconf 77' lang='lat' dir='ltr'><strong>christianismus</strong></span> 
     </span>
     <span class='ocr_line' id='line_1_12' title="bbox 343 1549 2841 1632; baseline -0.002 -18"><span class='ocrx_word' id='word_1_102' title='bbox 343 1571 537 1631; x_wconf 84' lang='lat' dir='ltr'><strong>quam</strong></span> <span class='ocrx_word' id='word_1_103' title='bbox 563 1572 711 1614; x_wconf 81' lang='lat' dir='ltr'><strong>vera</strong></span> <span class='ocrx_word' id='word_1_104' title='bbox 736 1552 1129 1632; x_wconf 86' lang='lat' dir='ltr'><strong>perfectaque</strong></span> <span class='ocrx_word' id='word_1_105' title='bbox 1156 1551 1447 1627; x_wconf 87' lang='lat' dir='ltr'><strong>amicitia,</strong></span> <span class='ocrx_word' id='word_1_106' title='bbox 1476 1570 1665 1630; x_wconf 90' lang='lat' dir='ltr'><strong>quam</strong></span> <span class='ocrx_word' id='word_1_107' title='bbox 1695 1550 1999 1611; x_wconf 90' lang='lat' dir='ltr'><strong>commori</strong></span> <span class='ocrx_word' id='word_1_108' title='bbox 2025 1549 2295 1628; x_wconf 88' lang='lat' dir='ltr'><strong>Christo,</strong></span> <span class='ocrx_word' id='word_1_109' title='bbox 2321 1572 2513 1631; x_wconf 90' lang='lat' dir='ltr'><strong>quam</strong></span> <span class='ocrx_word' id='word_1_110' title='bbox 2537 1554 2752 1616; x_wconf 82' lang='lat' dir='ltr'><strong>viuere</strong></span> <span class='ocrx_word' id='word_1_111' title='bbox 2781 1574 2841 1625; x_wconf 81' lang='lat'><strong>25</strong></span> 
     </span>
     <span class='ocr_line' id='line_1_13' title="bbox 346 1647 2752 1728; baseline -0 -14"><span class='ocrx_word' id='word_1_112' title='bbox 346 1649 418 1714; x_wconf 86' lang='lat' dir='ltr'><strong>in</strong></span> <span class='ocrx_word' id='word_1_113' title='bbox 472 1650 743 1726; x_wconf 86' lang='lat' dir='ltr'><strong>Christo,</strong></span> <span class='ocrx_word' id='word_1_114' title='bbox 800 1670 992 1728; x_wconf 89' lang='lat' dir='ltr'><strong>quam</strong></span> <span class='ocrx_word' id='word_1_115' title='bbox 1044 1669 1246 1713; x_wconf 80' lang='lat' dir='ltr'><strong>vnum</strong></span> <span class='ocrx_word' id='word_1_116' title='bbox 1307 1668 1546 1727; x_wconf 89' lang='lat' dir='ltr'><strong>corpus,</strong></span> <span class='ocrx_word' id='word_1_117' title='bbox 1604 1667 1732 1709; x_wconf 80' lang='lat' dir='ltr'><strong>vna</strong></span> <span class='ocrx_word' id='word_1_118' title='bbox 1789 1647 2003 1710; x_wconf 87' lang='lat' dir='ltr'><strong>anima</strong></span> <span class='ocrx_word' id='word_1_119' title='bbox 2064 1668 2199 1711; x_wconf 86' lang='lat' dir='ltr'><strong>esse</strong></span> <span class='ocrx_word' id='word_1_120' title='bbox 2252 1670 2399 1714; x_wconf 90' lang='lat' dir='ltr'><strong>cum</strong></span> <span class='ocrx_word' id='word_1_121' title='bbox 2452 1651 2752 1720; x_wconf 67' lang='lat' dir='ltr'><strong>Christoz</strong></span> 
     </span>
     <span class='ocr_line' id='line_1_14' title="bbox 347 1745 2752 1828; baseline -0 -17"><span class='ocrx_word' id='word_1_122' title='bbox 347 1749 683 1812; x_wconf 89' lang='lat' dir='ltr'><strong>hominum</strong></span> <span class='ocrx_word' id='word_1_123' title='bbox 709 1749 879 1811; x_wconf 88' lang='lat' dir='ltr'><strong>inter</strong></span> <span class='ocrx_word' id='word_1_124' title='bbox 904 1749 1075 1827; x_wconf 87' lang='lat' dir='ltr'><strong>ipsos</strong></span> <span class='ocrx_word' id='word_1_125' title='bbox 1100 1747 1250 1811; x_wconf 81' lang='lat' dir='ltr'><strong>talis</strong></span> <span class='ocrx_word' id='word_1_126' title='bbox 1270 1747 1573 1828; x_wconf 86' lang='lat' dir='ltr'><strong>quaedam</strong></span> <span class='ocrx_word' id='word_1_127' title='bbox 1595 1746 1952 1808; x_wconf 91' lang='lat' dir='ltr'><strong>communio</strong></span> <span class='ocrx_word' id='word_1_128' title='bbox 1971 1745 2176 1824; x_wconf 87' lang='lat' dir='ltr'><strong>qualis</strong></span> <span class='ocrx_word' id='word_1_129' title='bbox 2200 1751 2297 1809; x_wconf 89' lang='lat' dir='ltr'><strong>est</strong></span> <span class='ocrx_word' id='word_1_130' title='bbox 2322 1748 2752 1811; x_wconf 87' lang='lat' dir='ltr'><strong>membrorum</strong></span> 
     </span>
     <span class='ocr_line' id='line_1_15' title="bbox 344 1844 2755 1927; baseline 0 -18"><span class='ocrx_word' id='word_1_131' title='bbox 344 1848 514 1911; x_wconf 86' lang='lat' dir='ltr'><strong>inter</strong></span> <span class='ocrx_word' id='word_1_132' title='bbox 558 1867 627 1909; x_wconf 91' lang='lat' dir='ltr'><strong>se</strong></span> <span class='ocrx_word' id='word_1_133' title='bbox 674 1846 963 1926; x_wconf 89' lang='lat' dir='ltr'><strong>corporis.</strong></span> <span class='ocrx_word' id='word_1_134' title='bbox 1073 1847 1292 1926; x_wconf 82' lang='lat' dir='ltr'><strong>Neque</strong></span> <span class='ocrx_word' id='word_1_135' title='bbox 1343 1847 1559 1909; x_wconf 88' lang='lat' dir='ltr'><strong>minus</strong></span> <span class='ocrx_word' id='word_1_136' title='bbox 1610 1848 1829 1908; x_wconf 86' lang='lat' dir='ltr'><strong>tamen</strong></span> <span class='ocrx_word' id='word_1_137' title='bbox 1884 1844 2195 1908; x_wconf 90' lang='lat' dir='ltr'><strong>iucundus</strong></span> <span class='ocrx_word' id='word_1_138' title='bbox 2249 1867 2440 1926; x_wconf 88' lang='lat' dir='ltr'><strong>quam</strong></span> <span class='ocrx_word' id='word_1_139' title='bbox 2492 1848 2755 1927; x_wconf 75' lang='lat' dir='ltr'><strong>frugifer</strong></span> 
     </span>
     <span class='ocr_line' id='line_1_16' title="bbox 346 1943 2752 2024; baseline -0.001 -14"><span class='ocrx_word' id='word_1_140' title='bbox 346 1946 600 2010; x_wconf 77' lang='lat' dir='ltr'><strong>futurus</strong></span> <span class='ocrx_word' id='word_1_141' title='bbox 635 1951 743 2022; x_wconf 78' lang='lat' dir='ltr'><strong>est,</strong></span> <span class='ocrx_word' id='word_1_142' title='bbox 775 1946 832 2008; x_wconf 91' lang='lat' dir='ltr'><strong>si</strong></span> <span class='ocrx_word' id='word_1_143' title='bbox 862 1945 1009 2024; x_wconf 85' lang='lat' dir='ltr'><strong>quis</strong></span> <span class='ocrx_word' id='word_1_144' title='bbox 1041 1946 1232 2008; x_wconf 92' lang='lat' dir='ltr'><strong>modo</strong></span> <span class='ocrx_word' id='word_1_145' title='bbox 1269 1945 1563 2007; x_wconf 88' lang='lat' dir='ltr'><strong>decorum</strong></span> <span class='ocrx_word' id='word_1_146' title='bbox 1599 1943 1904 2018; x_wconf 89' lang='lat' dir='ltr'><strong>obseruet,</strong></span> <span class='ocrx_word' id='word_1_147' title='bbox 1934 1944 2100 2023; x_wconf 89' lang='lat' dir='ltr'><strong>quod</strong></span> <span class='ocrx_word' id='word_1_148' title='bbox 2135 1944 2207 2006; x_wconf 90' lang='lat' dir='ltr'><strong>in</strong></span> <span class='ocrx_word' id='word_1_149' title='bbox 2241 1945 2524 2022; x_wconf 86' lang='lat' dir='ltr'><strong>personis</strong></span> <span class='ocrx_word' id='word_1_150' title='bbox 2555 1945 2752 2008; x_wconf 88' lang='lat' dir='ltr'><strong>situm</strong></span> 
     </span>
     <span class='ocr_line' id='line_1_17' title="bbox 349 2042 2845 2122; baseline 0 -17"><span class='ocrx_word' id='word_1_151' title='bbox 349 2045 463 2105; x_wconf 90' lang='lat' dir='ltr'><strong>est.</strong></span> <span class='ocrx_word' id='word_1_152' title='bbox 555 2043 717 2105; x_wconf 83' lang='lat' dir='ltr'><strong>Nam</strong></span> <span class='ocrx_word' id='word_1_153' title='bbox 745 2043 1054 2122; x_wconf 83' lang='lat' dir='ltr'><strong>Mnesippi</strong></span> <span class='ocrx_word' id='word_1_154' title='bbox 1083 2043 1305 2106; x_wconf 86' lang='lat' dir='ltr'><strong>Graeci</strong></span> <span class='ocrx_word' id='word_1_155' title='bbox 1331 2062 1536 2104; x_wconf 90' lang='lat' dir='ltr'><strong>sermo</strong></span> <span class='ocrx_word' id='word_1_156' title='bbox 1555 2061 1748 2119; x_wconf 87' lang='lat' dir='ltr'><strong>quam</strong></span> <span class='ocrx_word' id='word_1_157' title='bbox 1776 2043 1949 2104; x_wconf 86' lang='lat' dir='ltr'><strong>totus</strong></span> <span class='ocrx_word' id='word_1_158' title='bbox 1976 2042 2427 2108; x_wconf 87' lang='lat' dir='ltr'><strong>Graecanicum</strong></span> <span class='ocrx_word' id='word_1_159' title='bbox 2452 2043 2752 2122; x_wconf 87' lang='lat' dir='ltr'><strong>quiddam</strong></span> <span class='ocrx_word' id='word_1_160' title='bbox 2778 2064 2845 2116; x_wconf 77' lang='lat'><strong>30</strong></span> 
     </span>
     <span class='ocr_line' id='line_1_18' title="bbox 345 2139 2831 2220; baseline 0 -17"><span class='ocrx_word' id='word_1_161' title='bbox 345 2141 550 2220; x_wconf 75' lang='lat' dir='ltr'><strong>sapit!</strong></span> <span class='ocrx_word' id='word_1_162' title='bbox 611 2141 822 2216; x_wconf 88' lang='lat' dir='ltr'><strong>comis,</strong></span> <span class='ocrx_word' id='word_1_163' title='bbox 872 2142 1129 2218; x_wconf 84' lang='lat' dir='ltr'><strong>facetus,</strong></span> <span class='ocrx_word' id='word_1_164' title='bbox 1182 2141 1465 2204; x_wconf 80' lang='lat' dir='ltr'><strong>festiuus.</strong></span> <span class='ocrx_word' id='word_1_165' title='bbox 1568 2139 1817 2215; x_wconf 82' lang='lat' dir='ltr'><strong>Contra,</strong></span> <span class='ocrx_word' id='word_1_166' title='bbox 1868 2139 2196 2201; x_wconf 80' lang='lat' dir='ltr'><strong>Toxaridis</strong></span> <span class='ocrx_word' id='word_1_167' title='bbox 2242 2141 2513 2220; x_wconf 83' lang='lat' dir='ltr'><strong>Scythae</strong></span> <span class='ocrx_word' id='word_1_168' title='bbox 2559 2141 2754 2204; x_wconf 88' lang='lat' dir='ltr'><strong>oratio</strong></span> <span class='ocrx_word' id='word_1_169' title='bbox 2825 2175 2831 2180; x_wconf 93' lang='lat'>·</span> 
     </span>
     <span class='ocr_line' id='line_1_19' title="bbox 351 2237 2749 2319; baseline -0 -17"><span class='ocrx_word' id='word_1_170' title='bbox 351 2260 544 2319; x_wconf 88' lang='lat' dir='ltr'><strong>quam</strong></span> <span class='ocrx_word' id='word_1_171' title='bbox 585 2243 720 2302; x_wconf 85' lang='lat' dir='ltr'><strong>tota</strong></span> <span class='ocrx_word' id='word_1_172' title='bbox 761 2240 1126 2319; x_wconf 86' lang='lat' dir='ltr'><strong>Scythicum</strong></span> <span class='ocrx_word' id='word_1_173' title='bbox 1164 2239 1466 2319; x_wconf 90' lang='lat' dir='ltr'><strong>quiddam</strong></span> <span class='ocrx_word' id='word_1_174' title='bbox 1507 2237 1740 2316; x_wconf 75' lang='lat' dir='ltr'><strong>spirat!</strong></span> <span class='ocrx_word' id='word_1_175' title='bbox 1803 2238 2087 2316; x_wconf 83' lang='lat' dir='ltr'><strong>simplex,</strong></span> <span class='ocrx_word' id='word_1_176' title='bbox 2130 2238 2471 2316; x_wconf 89' lang='lat' dir='ltr'><strong>incondita,</strong></span> <span class='ocrx_word' id='word_1_177' title='bbox 2515 2259 2749 2318; x_wconf 88' lang='lat' dir='ltr'><strong>aspera,</strong></span> 
     </span>
     <span class='ocr_line' id='line_1_20' title="bbox 349 2335 2753 2416; baseline -0.001 -14"><span class='ocrx_word' id='word_1_178' title='bbox 349 2338 584 2415; x_wconf 88' lang='lat' dir='ltr'><strong>sedula,</strong></span> <span class='ocrx_word' id='word_1_179' title='bbox 616 2341 793 2415; x_wconf 86' lang='lat' dir='ltr'><strong>seria,</strong></span> <span class='ocrx_word' id='word_1_180' title='bbox 826 2339 1022 2402; x_wconf 83' lang='lat' dir='ltr'><strong>fortis.</strong></span> <span class='ocrx_word' id='word_1_181' title='bbox 1112 2338 1281 2415; x_wconf 79' lang='lat' dir='ltr'><strong>Quin</strong></span> <span class='ocrx_word' id='word_1_182' title='bbox 1309 2338 1504 2399; x_wconf 88' lang='lat' dir='ltr'><strong>etiam</strong></span> <span class='ocrx_word' id='word_1_183' title='bbox 1532 2335 1828 2399; x_wconf 86' lang='lat' dir='ltr'><strong>dictionis</strong></span> <span class='ocrx_word' id='word_1_184' title='bbox 1863 2336 2202 2398; x_wconf 85' lang='lat' dir='ltr'><strong>discrimen</strong></span> <span class='ocrx_word' id='word_1_185' title='bbox 2228 2337 2529 2416; x_wconf 87' lang='lat' dir='ltr'><strong>quasique</strong></span> <span class='ocrx_word' id='word_1_186' title='bbox 2554 2338 2753 2400; x_wconf 90' lang='lat' dir='ltr'><strong>diuer-</strong></span> 
     </span>
     <span class='ocr_line' id='line_1_21' title="bbox 342 2434 2755 2512; baseline -0.002 -11"><span class='ocrx_word' id='word_1_187' title='bbox 342 2457 494 2501; x_wconf 80' lang='lat' dir='ltr'><strong>sum</strong></span> <span class='ocrx_word' id='word_1_188' title='bbox 521 2437 704 2500; x_wconf 88' lang='lat' dir='ltr'><strong>filum</strong></span> <span class='ocrx_word' id='word_1_189' title='bbox 730 2456 770 2499; x_wconf 89' lang='lat' dir='ltr'><strong>a</strong></span> <span class='ocrx_word' id='word_1_190' title='bbox 790 2436 1071 2501; x_wconf 85' lang='lat' dir='ltr'><strong>Luciano</strong></span> <span class='ocrx_word' id='word_1_191' title='bbox 1096 2437 1175 2499; x_wconf 90' lang='lat' dir='ltr'><strong>de</strong></span> <span class='ocrx_word' id='word_1_192' title='bbox 1212 2435 1524 2499; x_wconf 86' lang='lat' dir='ltr'><strong>industria</strong></span> <span class='ocrx_word' id='word_1_193' title='bbox 1557 2435 1917 2496; x_wconf 83' lang='lat' dir='ltr'><strong>affectatum</strong></span> <span class='ocrx_word' id='word_1_194' title='bbox 1950 2454 2064 2512; x_wconf 87' lang='lat' dir='ltr'><strong>pro</strong></span> <span class='ocrx_word' id='word_1_195' title='bbox 2090 2438 2307 2498; x_wconf 84' lang='lat' dir='ltr'><strong>nostra</strong></span> <span class='ocrx_word' id='word_1_196' title='bbox 2332 2434 2503 2497; x_wconf 82' lang='lat' dir='ltr'><strong>virili</strong></span> <span class='ocrx_word' id='word_1_197' title='bbox 2528 2436 2755 2496; x_wconf 87' lang='lat' dir='ltr'><strong>referre</strong></span> 
     </span>
     <span class='ocr_line' id='line_1_22' title="bbox 343 2536 2844 2608; baseline -0.002 -8"><span class='ocrx_word' id='word_1_198' title='bbox 343 2536 724 2600; x_wconf 87' lang='lat' dir='ltr'><strong>curauimus.</strong></span> <span class='ocrx_word' id='word_1_199' title='bbox 2779 2554 2844 2608; x_wconf 81' lang='lat'><strong>35</strong></span> 
     </span>
    </p>

    <p class='ocr_par' dir='ltr' id='par_1_3' title="bbox 349 2630 2756 2911">
     <span class='ocr_line' id='line_1_23' title="bbox 432 2630 2756 2715; baseline -0.002 -15"><span class='ocrx_word' id='word_1_200' title='bbox 432 2635 619 2700; x_wconf 86' lang='lat' dir='ltr'><strong>Hanc</strong></span> <span class='ocrx_word' id='word_1_201' title='bbox 672 2635 868 2714; x_wconf 83' lang='lat' dir='ltr'><strong>igitur</strong></span> <span class='ocrx_word' id='word_1_202' title='bbox 921 2635 1417 2715; x_wconf 86' lang='lat' dir='ltr'><strong>qualemcunque</strong></span> <span class='ocrx_word' id='word_1_203' title='bbox 1474 2630 1757 2694; x_wconf 83' lang='lat' dir='ltr'><strong>clientuli</strong></span> <span class='ocrx_word' id='word_1_204' title='bbox 1809 2630 1905 2693; x_wconf 91' lang='lat' dir='ltr'><strong>tui</strong></span> <span class='ocrx_word' id='word_1_205' title='bbox 1949 2631 2316 2708; x_wconf 87' lang='lat' dir='ltr'><strong>strenulam‚</strong></span> <span class='ocrx_word' id='word_1_206' title='bbox 2369 2631 2756 2711; x_wconf 82' lang='lat' dir='ltr'><strong>amplissime</strong></span> 
     </span>
     <span class='ocr_line' id='line_1_24' title="bbox 349 2731 2752 2813; baseline -0.002 -14"><span class='ocrx_word' id='word_1_207' title='bbox 349 2735 631 2812; x_wconf 89' lang='lat' dir='ltr'><strong>Praesul‚</strong></span> <span class='ocrx_word' id='word_1_208' title='bbox 676 2734 965 2798; x_wconf 80' lang='lat' dir='ltr'><strong>felicibus</strong></span> <span class='ocrx_word' id='word_1_209' title='bbox 1003 2734 1297 2813; x_wconf 88' lang='lat' dir='ltr'><strong>auspiciis</strong></span> <span class='ocrx_word' id='word_1_210' title='bbox 1335 2731 1577 2809; x_wconf 68' lang='lat' dir='ltr'><strong>accipez</strong></span> <span class='ocrx_word' id='word_1_211' title='bbox 1635 2732 1703 2793; x_wconf 83' lang='lat' dir='ltr'><strong>et</strong></span> <span class='ocrx_word' id='word_1_212' title='bbox 1743 2731 2095 2808; x_wconf 86' lang='lat' dir='ltr'><strong>Erasmum,</strong></span> <span class='ocrx_word' id='word_1_213' title='bbox 2143 2731 2328 2794; x_wconf 87' lang='lat' dir='ltr'><strong>sicuti</strong></span> <span class='ocrx_word' id='word_1_214' title='bbox 2379 2732 2752 2811; x_wconf 87' lang='lat' dir='ltr'><strong>iampridem</strong></span> 
     </span>
     <span class='ocr_line' id='line_1_25' title="bbox 349 2833 1527 2911; baseline -0.007 -13"><span class='ocrx_word' id='word_1_215' title='bbox 349 2834 519 2911; x_wconf 82' lang='lat' dir='ltr'><strong>facis,</strong></span> <span class='ocrx_word' id='word_1_216' title='bbox 549 2854 773 2910; x_wconf 88' lang='lat' dir='ltr'><strong>amare,</strong></span> <span class='ocrx_word' id='word_1_217' title='bbox 808 2853 1048 2909; x_wconf 87' lang='lat' dir='ltr'><strong>ornare,</strong></span> <span class='ocrx_word' id='word_1_218' title='bbox 1080 2833 1298 2894; x_wconf 88' lang='lat' dir='ltr'><strong>iuuare</strong></span> <span class='ocrx_word' id='word_1_219' title='bbox 1323 2850 1527 2909; x_wconf 83' lang='lat' dir='ltr'><strong>perge.</strong></span> 
     </span>
    </p>

    <p class='ocr_par' dir='ltr' id='par_1_4' title="bbox 437 2929 1781 2996">
     <span class='ocr_line' id='line_1_26' title="bbox 437 2929 1781 2996; baseline -0.005 0"><span class='ocrx_word' id='word_1_220' title='bbox 437 2933 598 2996; x_wconf 89' lang='lat' dir='ltr'><strong>Vale</strong></span> <span class='ocrx_word' id='word_1_221' title='bbox 625 2932 899 2995; x_wconf 87' lang='lat' dir='ltr'><strong>Londini</strong></span> <span class='ocrx_word' id='word_1_222' title='bbox 919 2930 1212 2995; x_wconf 83' lang='lat' dir='ltr'><strong>Calendis</strong></span> <span class='ocrx_word' id='word_1_223' title='bbox 1239 2929 1568 2992; x_wconf 84' lang='lat' dir='ltr'><strong>Ianuariis.</strong></span> <span class='ocrx_word' id='word_1_224' title='bbox 1598 2945 1781 2989; x_wconf 69' lang='lat' dir='ltr'><strong>unu.</strong></span> 
     </span>
    </p>
   </div>
   <div class='ocr_carea' id='block_1_3' title="bbox 985 3064 2119 3137">
    <p class='ocr_par' dir='ltr' id='par_1_5' title="bbox 985 3064 2119 3137">
     <span class='ocr_line' id='line_1_27' title="bbox 985 3064 2119 3137; baseline -0.001 -5"><span class='ocrx_word' id='word_1_225' title='bbox 985 3070 1130 3137; x_wconf 84' lang='lat'><strong>188.</strong></span> <span class='ocrx_word' id='word_1_226' title='bbox 1218 3067 1315 3134; x_wconf 87' lang='lat' dir='ltr'><strong>To</strong></span> <span class='ocrx_word' id='word_1_227' title='bbox 1363 3066 1712 3132; x_wconf 77' lang='lat' dir='ltr'>WILLIAM</span> <span class='ocrx_word' id='word_1_228' title='bbox 1759 3064 2119 3132; x_wconf 77' lang='lat' dir='ltr'><strong>WARHAM.</strong></span> 
     </span>
    </p>
   </div>
   <div class='ocr_carea' id='block_1_4' title="bbox 423 3202 2727 3365">
    <p class='ocr_par' dir='ltr' id='par_1_6' title="bbox 423 3202 2727 3365">
     <span class='ocr_line' id='line_1_28' title="bbox 423 3202 2727 3277; baseline -0.001 -14"><span class='ocrx_word' id='word_1_229' title='bbox 423 3203 717 3277; x_wconf 81' lang='lat' dir='ltr'><strong>Euripidis</strong></span> <span class='ocrx_word' id='word_1_230' title='bbox 741 3205 978 3263; x_wconf 82' lang='lat' dir='ltr'><strong>Hecuba.</strong></span> <span class='ocrx_word' id='word_1_231' title='bbox 1000 3208 1061 3264; x_wconf 87' lang='lat' dir='ltr'><strong>et</strong></span> <span class='ocrx_word' id='word_1_232' title='bbox 1086 3203 1390 3277; x_wconf 81' lang='lat' dir='ltr'><strong>Iphigenia</strong></span> <span class='ocrx_word' id='word_1_233' title='bbox 1412 3203 1483 3258; x_wconf 86' lang='lat' dir='ltr'><strong>f0.</strong></span> <span class='ocrx_word' id='word_1_234' title='bbox 1508 3202 1598 3263; x_wconf 74' lang='lat' dir='ltr'><strong>A2.</strong></span> <span class='ocrx_word' id='word_1_235' title='bbox 2295 3202 2551 3261; x_wconf 88' lang='lat' dir='ltr'><strong>London.</strong></span> <span class='ocrx_word' id='word_1_236' title='bbox 2724 3260 2727 3261; x_wconf 10' lang='grc' dir='ltr'><em>γ</em></span> 
     </span>
     <span class='ocr_line' id='line_1_29' title="bbox 426 3290 2681 3365; baseline -0.001 -15"><span class='ocrx_word' id='word_1_237' title='bbox 426 3293 606 3350; x_wconf 86' lang='lat' dir='ltr'><strong>Lond.</strong></span> <span class='ocrx_word' id='word_1_238' title='bbox 634 3291 786 3351; x_wconf 86' lang='lat' dir='ltr'><strong>xxix.</strong></span> <span class='ocrx_word' id='word_1_239' title='bbox 814 3309 916 3363; x_wconf 86' lang='lat'><strong>24:</strong></span> <span class='ocrx_word' id='word_1_240' title='bbox 952 3293 1065 3351; x_wconf 87' lang='lat' dir='ltr'><strong>LB.</strong></span> <span class='ocrx_word' id='word_1_241' title='bbox 1092 3292 1132 3351; x_wconf 90' lang='lat' dir='ltr'><strong>i.</strong></span> <span class='ocrx_word' id='word_1_242' title='bbox 1162 3309 1314 3365; x_wconf 86' lang='lat'><strong>1129.</strong></span> <span class='ocrx_word' id='word_1_243' title='bbox 2079 3306 2147 3360; x_wconf 87' lang='lat'><strong>24</strong></span> <span class='ocrx_word' id='word_1_244' title='bbox 2172 3290 2428 3362; x_wconf 76' lang='lat' dir='ltr'><strong>January</strong></span> <span class='ocrx_word' id='word_1_245' title='bbox 2451 3290 2681 3364; x_wconf 84' lang='grc'><strong>(1506).</strong></span> 
     </span>
    </p>
   </div>
   <div class='ocr_carea' id='block_1_5' title="bbox 347 3414 2756 4529">
    <p class='ocr_par' dir='ltr' id='par_1_7' title="bbox 347 3414 2754 3859">
     <span class='ocr_line' id='line_1_30' title="bbox 419 3414 2754 3482; baseline -0 -16"><span class='ocrx_word' id='word_1_246' title='bbox 419 3416 557 3482; x_wconf 86' lang='grc' dir='ltr'><strong>[Τ110</strong></span> <span class='ocrx_word' id='word_1_247' title='bbox 580 3414 787 3479; x_wconf 80' lang='lat' dir='ltr'><strong>preface</strong></span> <span class='ocrx_word' id='word_1_248' title='bbox 810 3419 868 3466; x_wconf 89' lang='lat' dir='ltr'><strong>to</strong></span> <span class='ocrx_word' id='word_1_249' title='bbox 890 3419 1082 3465; x_wconf 78' lang='lat' dir='ltr'><strong>Hecuba</strong></span> <span class='ocrx_word' id='word_1_250' title='bbox 1104 3417 1166 3464; x_wconf 92' lang='lat' dir='ltr'><strong>in</strong></span> <span class='ocrx_word' id='word_1_251' title='bbox 1187 3418 1443 3474; x_wconf 74' lang='lat' dir='ltr'><strong>Euripidis</strong></span> <span class='ocrx_word' id='word_1_252' title='bbox 1465 3450 1478 3464; x_wconf 97' lang='lat'><strong>.</strong></span> <span class='ocrx_word' id='word_1_253' title='bbox 1504 3448 1518 3463; x_wconf 94' lang='lat'><strong>.</strong></span> <span class='ocrx_word' id='word_1_254' title='bbox 1542 3448 1556 3463; x_wconf 97' lang='lat'><strong>.</strong></span> <span class='ocrx_word' id='word_1_255' title='bbox 1578 3416 1769 3463; x_wconf 76' lang='lat' dir='ltr'><strong>Hecuba</strong></span> <span class='ocrx_word' id='word_1_256' title='bbox 1789 3417 1833 3462; x_wconf 70' lang='lat' dir='ltr'><strong>ct</strong></span> <span class='ocrx_word' id='word_1_257' title='bbox 1850 3416 2131 3473; x_wconf 73' lang='lat' dir='ltr'><strong>Iphiqenia3</strong></span> <span class='ocrx_word' id='word_1_258' title='bbox 2163 3415 2532 3472; x_wconf 71' lang='lat' dir='ltr'><strong>Latinaefactae</strong></span> <span class='ocrx_word' id='word_1_259' title='bbox 2552 3416 2754 3465; x_wconf 63' lang='lat' dir='ltr'><strong>Era-cmo</strong></span> 
     </span>
     <span class='ocr_line' id='line_1_31' title="bbox 350 3477 2753 3545; baseline -0.002 -13"><span class='ocrx_word' id='word_1_260' title='bbox 350 3486 653 3532; x_wconf 64' lang='lat' dir='ltr'><strong>Romodamo</strong></span> <span class='ocrx_word' id='word_1_261' title='bbox 684 3487 937 3544; x_wconf 68' lang='lat' dir='ltr'><strong>interprete,</strong></span> <span class='ocrx_word' id='word_1_262' title='bbox 962 3482 1131 3545; x_wconf 84' lang='lat' dir='ltr'><strong>Paris,</strong></span> <span class='ocrx_word' id='word_1_263' title='bbox 1160 3481 1208 3532; x_wconf 82' lang='lat' dir='ltr'><strong>J.</strong></span> <span class='ocrx_word' id='word_1_264' title='bbox 1237 3480 1461 3539; x_wconf 82' lang='lat' dir='ltr'><strong>Badius,</strong></span> <span class='ocrx_word' id='word_1_265' title='bbox 1490 3493 1550 3541; x_wconf 88' lang='lat'><strong>13</strong></span> <span class='ocrx_word' id='word_1_266' title='bbox 1572 3479 1720 3541; x_wconf 84' lang='lat' dir='ltr'><strong>Sept.</strong></span> <span class='ocrx_word' id='word_1_267' title='bbox 1754 3479 1884 3540; x_wconf 87' lang='lat'><strong>1506</strong></span> <span class='ocrx_word' id='word_1_268' title='bbox 1906 3479 2004 3541; x_wconf 80' lang='lat' dir='ltr'><strong>(a),</strong></span> <span class='ocrx_word' id='word_1_269' title='bbox 2030 3478 2213 3527; x_wconf 87' lang='lat' dir='ltr'><strong>which</strong></span> <span class='ocrx_word' id='word_1_270' title='bbox 2244 3492 2356 3526; x_wconf 85' lang='lat' dir='ltr'><strong>was</strong></span> <span class='ocrx_word' id='word_1_271' title='bbox 2386 3477 2665 3540; x_wconf 72' lang='lat' dir='ltr'><strong>reprinted</strong></span> <span class='ocrx_word' id='word_1_272' title='bbox 2693 3481 2753 3528; x_wconf 88' lang='lat' dir='ltr'><strong>at</strong></span> 
     </span>
     <span class='ocr_line' id='line_1_32' title="bbox 348 3541 2752 3612; baseline -0.002 -14"><span class='ocrx_word' id='word_1_273' title='bbox 348 3548 553 3598; x_wconf 82' lang='lat' dir='ltr'><strong>Venice</strong></span> <span class='ocrx_word' id='word_1_274' title='bbox 576 3549 649 3612; x_wconf 82' lang='lat' dir='ltr'><strong>by</strong></span> <span class='ocrx_word' id='word_1_275' title='bbox 664 3548 843 3598; x_wconf 81' lang='lat' dir='ltr'><strong>Aldus</strong></span> <span class='ocrx_word' id='word_1_276' title='bbox 865 3549 927 3596; x_wconf 85' lang='lat' dir='ltr'><strong>in</strong></span> <span class='ocrx_word' id='word_1_277' title='bbox 949 3547 1074 3597; x_wconf 89' lang='lat' dir='ltr'><strong>Dec.</strong></span> <span class='ocrx_word' id='word_1_278' title='bbox 1100 3561 1224 3610; x_wconf 78' lang='grc'><strong>1507</strong></span> <span class='ocrx_word' id='word_1_279' title='bbox 1247 3547 1328 3611; x_wconf 85' lang='grc' dir='ltr'><strong>(β)</strong></span> <span class='ocrx_word' id='word_1_280' title='bbox 1348 3545 1528 3595; x_wconf 88' lang='lat' dir='ltr'><strong>under</strong></span> <span class='ocrx_word' id='word_1_281' title='bbox 1545 3541 1817 3594; x_wconf 86' lang='lat' dir='ltr'><strong>Erasmus&#39;</strong></span> <span class='ocrx_word' id='word_1_282' title='bbox 1838 3544 2180 3607; x_wconf 83' lang='lat' dir='ltr'><strong>supervision</strong></span> <span class='ocrx_word' id='word_1_283' title='bbox 2198 3543 2357 3608; x_wconf 81' lang='lat' dir='ltr'><strong>(Epp.</strong></span> <span class='ocrx_word' id='word_1_284' title='bbox 2375 3557 2492 3605; x_wconf 73' lang='grc'><strong>007,</strong></span> <span class='ocrx_word' id='word_1_285' title='bbox 2515 3545 2572 3609; x_wconf 82' lang='grc'><strong>8)</strong></span> <span class='ocrx_word' id='word_1_286' title='bbox 2593 3560 2606 3604; x_wconf 84' lang='grc'><strong>;</strong></span> <span class='ocrx_word' id='word_1_287' title='bbox 2639 3544 2752 3594; x_wconf 83' lang='lat' dir='ltr'><strong>and</strong></span> 
     </span>
     <span class='ocr_line' id='line_1_33' title="bbox 348 3609 2752 3677; baseline -0.002 -14"><span class='ocrx_word' id='word_1_288' title='bbox 348 3613 666 3664; x_wconf 76' lang='lat' dir='ltr'><strong>afterwards</strong></span> <span class='ocrx_word' id='word_1_289' title='bbox 689 3614 760 3677; x_wconf 80' lang='lat' dir='ltr'><strong>by</strong></span> <span class='ocrx_word' id='word_1_290' title='bbox 778 3613 987 3663; x_wconf 78' lang='lat' dir='ltr'><strong>Froben</strong></span> <span class='ocrx_word' id='word_1_291' title='bbox 1010 3614 1068 3662; x_wconf 88' lang='lat' dir='ltr'><strong>at</strong></span> <span class='ocrx_word' id='word_1_292' title='bbox 1084 3612 1260 3677; x_wconf 66' lang='lat' dir='ltr'><strong>Baelo,</strong></span> <span class='ocrx_word' id='word_1_293' title='bbox 1283 3612 1407 3661; x_wconf 81' lang='lat' dir='ltr'><strong>Feb.</strong></span> <span class='ocrx_word' id='word_1_294' title='bbox 1435 3611 1562 3673; x_wconf 88' lang='grc'><strong>1518</strong></span> <span class='ocrx_word' id='word_1_295' title='bbox 1582 3611 1681 3674; x_wconf 74' lang='grc' dir='ltr'><strong>(γ),</strong></span> <span class='ocrx_word' id='word_1_296' title='bbox 1704 3609 1826 3661; x_wconf 78' lang='lat' dir='ltr'><strong>Feb.</strong></span> <span class='ocrx_word' id='word_1_297' title='bbox 1850 3624 1975 3671; x_wconf 81' lang='lat'><strong>1524</strong></span> <span class='ocrx_word' id='word_1_298' title='bbox 1993 3610 2083 3673; x_wconf 75' lang='grc' dir='ltr'><strong>(ὅ),</strong></span> <span class='ocrx_word' id='word_1_299' title='bbox 2105 3609 2215 3659; x_wconf 88' lang='lat' dir='ltr'><strong>and</strong></span> <span class='ocrx_word' id='word_1_300' title='bbox 2231 3610 2362 3671; x_wconf 81' lang='lat' dir='ltr'><strong>Apr.</strong></span> <span class='ocrx_word' id='word_1_301' title='bbox 2389 3623 2533 3672; x_wconf 84' lang='grc'><strong>1530.</strong></span> <span class='ocrx_word' id='word_1_302' title='bbox 2574 3609 2752 3659; x_wconf 79' lang='lat' dir='ltr'><strong>There</strong></span> 
     </span>
     <span class='ocr_line' id='line_1_34' title="bbox 349 3675 2753 3741; baseline -0.001 -13"><span class='ocrx_word' id='word_1_303' title='bbox 349 3694 440 3728; x_wconf 84' lang='lat' dir='ltr'><strong>are</strong></span> <span class='ocrx_word' id='word_1_304' title='bbox 473 3680 624 3741; x_wconf 77' lang='lat' dir='ltr'><strong>signs</strong></span> <span class='ocrx_word' id='word_1_305' title='bbox 658 3677 717 3727; x_wconf 80' lang='lat' dir='ltr'><strong>of</strong></span> <span class='ocrx_word' id='word_1_306' title='bbox 743 3679 985 3728; x_wconf 78' lang='lat' dir='ltr'><strong>revision</strong></span> <span class='ocrx_word' id='word_1_307' title='bbox 1019 3679 1081 3726; x_wconf 90' lang='lat' dir='ltr'><strong>in</strong></span> <span class='ocrx_word' id='word_1_308' title='bbox 1113 3679 1210 3727; x_wconf 84' lang='lat' dir='ltr'><strong>the</strong></span> <span class='ocrx_word' id='word_1_309' title='bbox 1244 3676 1503 3727; x_wconf 85' lang='lat' dir='ltr'><strong>collected</strong></span> <span class='ocrx_word' id='word_1_310' title='bbox 1536 3676 1748 3724; x_wconf 87' lang='lat' dir='ltr'><strong>edition</strong></span> <span class='ocrx_word' id='word_1_311' title='bbox 1780 3676 1840 3724; x_wconf 80' lang='lat' dir='ltr'><strong>of</strong></span> <span class='ocrx_word' id='word_1_312' title='bbox 1872 3690 1998 3736; x_wconf 85' lang='lat'>1540</span> <span class='ocrx_word' id='word_1_313' title='bbox 2032 3675 2121 3738; x_wconf 69' lang='lat' dir='ltr'><strong>(e).</strong></span> <span class='ocrx_word' id='word_1_314' title='bbox 2190 3678 2303 3725; x_wconf 81' lang='lat' dir='ltr'><strong>Luc.</strong></span> <span class='ocrx_word' id='word_1_315' title='bbox 2328 3678 2441 3724; x_wconf 65' lang='lat' dir='ltr'><strong>Iud.</strong></span> <span class='ocrx_word' id='word_1_316' title='bbox 2473 3676 2753 3726; x_wconf 84' lang='lat' dir='ltr'><strong>mentions</strong></span> 
     </span>
     <span class='ocr_line' id='line_1_35' title="bbox 347 3739 2754 3857; baseline -0.002 -63"><span class='ocrx_word' id='word_1_317' title='bbox 347 3758 422 3795; x_wconf 85' lang='lat' dir='ltr'><strong>an</strong></span> <span class='ocrx_word' id='word_1_318' title='bbox 464 3744 677 3857; x_wconf 53' lang='grc' dir='ltr'><strong>οἀἰίὲ1011</strong></span> <span class='ocrx_word' id='word_1_319' title='bbox 720 3745 794 3807; x_wconf 81' lang='lat' dir='ltr'><strong>by</strong></span> <span class='ocrx_word' id='word_1_320' title='bbox 830 3743 1051 3806; x_wconf 81' lang='lat' dir='ltr'><strong>Badius,</strong></span> <span class='ocrx_word' id='word_1_321' title='bbox 1094 3749 1342 3807; x_wconf 63' lang='lat' dir='ltr'><strong>recognita,</strong></span> <span class='ocrx_word' id='word_1_322' title='bbox 1385 3743 1630 3791; x_wconf 81' lang='lat' dir='ltr'><strong>between</strong></span> <span class='ocrx_word' id='word_1_323' title='bbox 1667 3743 1705 3794; x_wconf 82' lang='grc' dir='ltr'><strong><em>β</em></strong></span> <span class='ocrx_word' id='word_1_324' title='bbox 1749 3740 1859 3791; x_wconf 77' lang='lat' dir='ltr'><strong>and</strong></span> <span class='ocrx_word' id='word_1_325' title='bbox 1895 3757 1968 3804; x_wconf 71' lang='lat'><strong>73</strong></span> <span class='ocrx_word' id='word_1_326' title='bbox 2019 3741 2118 3789; x_wconf 91' lang='lat' dir='ltr'><strong>but</strong></span> <span class='ocrx_word' id='word_1_327' title='bbox 2164 3739 2193 3789; x_wconf 91' lang='grc' dir='ltr'>Ι</span> <span class='ocrx_word' id='word_1_328' title='bbox 2236 3743 2436 3791; x_wconf 83' lang='lat' dir='ltr'><strong>cannot</strong></span> <span class='ocrx_word' id='word_1_329' title='bbox 2478 3741 2596 3790; x_wconf 76' lang='lat' dir='ltr'><strong>find</strong></span> <span class='ocrx_word' id='word_1_330' title='bbox 2641 3754 2754 3804; x_wconf 75' lang='lat' dir='ltr'><strong>any</strong></span> 
     </span>
     <span class='ocr_line' id='line_1_36' title="bbox 347 3809 679 3859; baseline 0 0"><span class='ocrx_word' id='word_1_331' title='bbox 347 3812 493 3859; x_wconf 86' lang='lat' dir='ltr'><strong>trace</strong></span> <span class='ocrx_word' id='word_1_332' title='bbox 528 3823 558 3857; x_wconf 96' lang='lat' dir='ltr'><strong>o</strong></span> <span class='ocrx_word' id='word_1_333' title='bbox 615 3809 679 3859; x_wconf 87' lang='lat' dir='ltr'><strong>it.</strong></span> 
     </span>
    </p>

    <p class='ocr_par' dir='ltr' id='par_1_8' title="bbox 348 3870 2753 4333">
     <span class='ocr_line' id='line_1_37' title="bbox 416 3870 2753 3938; baseline -0.001 -14"><span class='ocrx_word' id='word_1_334' title='bbox 416 3874 560 3938; x_wconf 83' lang='lat' dir='ltr'><strong>Only</strong></span> <span class='ocrx_word' id='word_1_335' title='bbox 598 3875 729 3935; x_wconf 89' lang='grc'><strong>1506</strong></span> <span class='ocrx_word' id='word_1_336' title='bbox 761 3874 811 3922; x_wconf 86' lang='lat' dir='ltr'><strong>is</strong></span> <span class='ocrx_word' id='word_1_337' title='bbox 851 3873 1099 3936; x_wconf 85' lang='lat' dir='ltr'><strong>possible,</strong></span> <span class='ocrx_word' id='word_1_338' title='bbox 1138 3874 1291 3923; x_wconf 89' lang='lat' dir='ltr'><strong>since</strong></span> <span class='ocrx_word' id='word_1_339' title='bbox 1323 3871 1589 3923; x_wconf 77' lang='lat' dir='ltr'><strong>warham</strong></span> <span class='ocrx_word' id='word_1_340' title='bbox 1623 3871 1722 3920; x_wconf 92' lang='lat' dir='ltr'><strong>did</strong></span> <span class='ocrx_word' id='word_1_341' title='bbox 1762 3873 1860 3920; x_wconf 85' lang='lat' dir='ltr'><strong>not</strong></span> <span class='ocrx_word' id='word_1_342' title='bbox 1893 3871 2114 3920; x_wconf 89' lang='lat' dir='ltr'><strong>become</strong></span> <span class='ocrx_word' id='word_1_343' title='bbox 2148 3870 2285 3933; x_wconf 81' lang='lat' dir='ltr'><strong>Abp.</strong></span> <span class='ocrx_word' id='word_1_344' title='bbox 2324 3871 2473 3921; x_wconf 89' lang='lat' dir='ltr'><strong>until</strong></span> <span class='ocrx_word' id='word_1_345' title='bbox 2510 3872 2607 3921; x_wconf 89' lang='lat' dir='ltr'><strong>the</strong></span> <span class='ocrx_word' id='word_1_346' title='bbox 2641 3870 2753 3922; x_wconf 87' lang='lat' dir='ltr'><strong>end</strong></span> 
     </span>
     <span class='ocr_line' id='line_1_38' title="bbox 349 3936 2746 4004; baseline -0.003 -13"><span class='ocrx_word' id='word_1_347' title='bbox 349 3941 411 3991; x_wconf 72' lang='lat' dir='ltr'><strong>of</strong></span> <span class='ocrx_word' id='word_1_348' title='bbox 438 3956 584 4004; x_wconf 87' lang='grc'><strong>1503,</strong></span> <span class='ocrx_word' id='word_1_349' title='bbox 607 3939 720 3990; x_wconf 85' lang='lat' dir='ltr'><strong>and</strong></span> <span class='ocrx_word' id='word_1_350' title='bbox 749 3939 1012 3989; x_wconf 61' lang='lat' dir='ltr'><strong>hamus</strong></span> <span class='ocrx_word' id='word_1_351' title='bbox 1042 3953 1154 3988; x_wconf 86' lang='lat' dir='ltr'><strong>was</strong></span> <span class='ocrx_word' id='word_1_352' title='bbox 1183 3940 1245 3988; x_wconf 90' lang='lat' dir='ltr'><strong>in</strong></span> <span class='ocrx_word' id='word_1_353' title='bbox 1275 3940 1540 4001; x_wconf 75' lang='lat' dir='ltr'><strong>Antwerp</strong></span> <span class='ocrx_word' id='word_1_354' title='bbox 1569 3939 1629 3987; x_wconf 89' lang='lat' dir='ltr'><strong>in</strong></span> <span class='ocrx_word' id='word_1_355' title='bbox 1660 3937 1904 3999; x_wconf 77' lang='lat' dir='ltr'><strong>January</strong></span> <span class='ocrx_word' id='word_1_356' title='bbox 1931 3951 2057 3999; x_wconf 84' lang='grc'><strong>1504</strong></span> <span class='ocrx_word' id='word_1_357' title='bbox 2088 3936 2198 3985; x_wconf 88' lang='lat' dir='ltr'><strong>and</strong></span> <span class='ocrx_word' id='word_1_358' title='bbox 2227 3937 2290 3985; x_wconf 88' lang='lat' dir='ltr'><strong>in</strong></span> <span class='ocrx_word' id='word_1_359' title='bbox 2321 3936 2476 3986; x_wconf 86' lang='lat' dir='ltr'><strong>Paris</strong></span> <span class='ocrx_word' id='word_1_360' title='bbox 2505 3938 2567 3987; x_wconf 89' lang='lat' dir='ltr'><strong>in</strong></span> <span class='ocrx_word' id='word_1_361' title='bbox 2601 3950 2746 3999; x_wconf 87' lang='grc'><strong>1505.</strong></span> 
     </span>
     <span class='ocr_line' id='line_1_39' title="bbox 348 4002 2751 4068; baseline -0.002 -10"><span class='ocrx_word' id='word_1_362' title='bbox 348 4006 453 4058; x_wconf 76' lang='lat' dir='ltr'><strong>For</strong></span> <span class='ocrx_word' id='word_1_363' title='bbox 491 4007 589 4057; x_wconf 86' lang='lat' dir='ltr'><strong>the</strong></span> <span class='ocrx_word' id='word_1_364' title='bbox 626 4006 986 4068; x_wconf 85' lang='lat' dir='ltr'><strong>composition</strong></span> <span class='ocrx_word' id='word_1_365' title='bbox 1022 4003 1082 4054; x_wconf 79' lang='lat' dir='ltr'><strong>of</strong></span> <span class='ocrx_word' id='word_1_366' title='bbox 1113 4005 1270 4055; x_wconf 84' lang='lat' dir='ltr'><strong>these</strong></span> <span class='ocrx_word' id='word_1_367' title='bbox 1308 4003 1664 4054; x_wconf 83' lang='lat' dir='ltr'><strong>translations</strong></span> <span class='ocrx_word' id='word_1_368' title='bbox 1702 4007 1760 4052; x_wconf 88' lang='lat' dir='ltr'><strong>at</strong></span> <span class='ocrx_word' id='word_1_369' title='bbox 1793 4003 2038 4052; x_wconf 80' lang='lat' dir='ltr'><strong>Louvain</strong></span> <span class='ocrx_word' id='word_1_370' title='bbox 2076 4002 2189 4053; x_wconf 91' lang='lat' dir='ltr'><strong>and</strong></span> <span class='ocrx_word' id='word_1_371' title='bbox 2224 4003 2373 4052; x_wconf 88' lang='lat' dir='ltr'><strong>their</strong></span> <span class='ocrx_word' id='word_1_372' title='bbox 2410 4004 2648 4052; x_wconf 83' lang='lat' dir='ltr'><strong>revision</strong></span> <span class='ocrx_word' id='word_1_373' title='bbox 2686 4004 2751 4053; x_wconf 87' lang='lat' dir='ltr'><strong>in</strong></span> 
     </span>
     <span class='ocr_line' id='line_1_40' title="bbox 349 4067 2750 4137; baseline -0.002 -15"><span class='ocrx_word' id='word_1_374' title='bbox 349 4072 604 4137; x_wconf 80' lang='lat' dir='ltr'><strong>England</strong></span> <span class='ocrx_word' id='word_1_375' title='bbox 648 4086 738 4121; x_wconf 85' lang='lat' dir='ltr'><strong>see</strong></span> <span class='ocrx_word' id='word_1_376' title='bbox 783 4070 881 4134; x_wconf 82' lang='lat' dir='ltr'><strong>Ep.</strong></span> <span class='ocrx_word' id='word_1_377' title='bbox 937 4071 1043 4133; x_wconf 84' lang='lat'><strong>158.</strong></span> <span class='ocrx_word' id='word_1_378' title='bbox 1089 4070 1124 4119; x_wconf 90' lang='grc'><strong>6</strong></span> <span class='ocrx_word' id='word_1_379' title='bbox 1146 4085 1237 4132; x_wconf 84' lang='lat' dir='ltr'><strong>n.;</strong></span> <span class='ocrx_word' id='word_1_380' title='bbox 1289 4069 1401 4120; x_wconf 88' lang='lat' dir='ltr'><strong>and</strong></span> <span class='ocrx_word' id='word_1_381' title='bbox 1445 4068 1529 4119; x_wconf 81' lang='lat' dir='ltr'><strong>for</strong></span> <span class='ocrx_word' id='word_1_382' title='bbox 1582 4069 1681 4118; x_wconf 89' lang='lat' dir='ltr'><strong>the</strong></span> <span class='ocrx_word' id='word_1_383' title='bbox 1735 4069 2155 4118; x_wconf 81' lang='lat' dir='ltr'><strong>circumstances</strong></span> <span class='ocrx_word' id='word_1_384' title='bbox 2204 4067 2383 4117; x_wconf 87' lang='lat' dir='ltr'><strong>under</strong></span> <span class='ocrx_word' id='word_1_385' title='bbox 2424 4068 2607 4117; x_wconf 83' lang='lat' dir='ltr'><strong>which</strong></span> <span class='ocrx_word' id='word_1_386' title='bbox 2653 4068 2750 4117; x_wconf 90' lang='lat' dir='ltr'><strong>the</strong></span> 
     </span>
     <span class='ocr_line' id='line_1_41' title="bbox 348 4132 2751 4199; baseline -0.001 -13"><span class='ocrx_word' id='word_1_387' title='bbox 348 4142 540 4188; x_wconf 75' lang='lat' dir='ltr'><strong>Hecuba</strong></span> <span class='ocrx_word' id='word_1_388' title='bbox 576 4152 692 4188; x_wconf 83' lang='lat' dir='ltr'><strong>was</strong></span> <span class='ocrx_word' id='word_1_389' title='bbox 726 4136 1017 4199; x_wconf 82' lang='lat' dir='ltr'><strong>presented</strong></span> <span class='ocrx_word' id='word_1_390' title='bbox 1049 4139 1108 4186; x_wconf 90' lang='lat' dir='ltr'><strong>to</strong></span> <span class='ocrx_word' id='word_1_391' title='bbox 1138 4136 1415 4195; x_wconf 79' lang='lat' dir='ltr'><strong>warham,</strong></span> <span class='ocrx_word' id='word_1_392' title='bbox 1449 4148 1539 4183; x_wconf 85' lang='lat' dir='ltr'><strong>see</strong></span> <span class='ocrx_word' id='word_1_393' title='bbox 1571 4137 1609 4185; x_wconf 87' lang='lat' dir='ltr'><strong>i.</strong></span> <span class='ocrx_word' id='word_1_394' title='bbox 1644 4149 1696 4196; x_wconf 91' lang='lat' dir='ltr'><strong>p.</strong></span> <span class='ocrx_word' id='word_1_395' title='bbox 1733 4146 1780 4194; x_wconf 83' lang='lat'><strong>5.</strong></span> <span class='ocrx_word' id='word_1_396' title='bbox 1854 4132 1909 4182; x_wconf 90' lang='lat' dir='ltr'><strong>It</strong></span> <span class='ocrx_word' id='word_1_397' title='bbox 1943 4148 2053 4182; x_wconf 89' lang='lat' dir='ltr'><strong>was</strong></span> <span class='ocrx_word' id='word_1_398' title='bbox 2097 4133 2253 4183; x_wconf 83' lang='lat' dir='ltr'><strong>acted</strong></span> <span class='ocrx_word' id='word_1_399' title='bbox 2299 4136 2358 4184; x_wconf 88' lang='lat' dir='ltr'><strong>at</strong></span> <span class='ocrx_word' id='word_1_400' title='bbox 2389 4134 2751 4184; x_wconf 80' lang='lat' dir='ltr'><strong>Standonck&#39;s</strong></span> 
     </span>
     <span class='ocr_line' id='line_1_42' title="bbox 349 4198 2747 4267; baseline -0.002 -13"><span class='ocrx_word' id='word_1_401' title='bbox 349 4205 549 4267; x_wconf 77' lang='lat' dir='ltr'><strong>college</strong></span> <span class='ocrx_word' id='word_1_402' title='bbox 571 4206 632 4253; x_wconf 89' lang='lat' dir='ltr'><strong>in</strong></span> <span class='ocrx_word' id='word_1_403' title='bbox 656 4203 899 4253; x_wconf 81' lang='lat' dir='ltr'><strong>Louvain</strong></span> <span class='ocrx_word' id='word_1_404' title='bbox 931 4202 1111 4253; x_wconf 87' lang='lat' dir='ltr'><strong>under</strong></span> <span class='ocrx_word' id='word_1_405' title='bbox 1139 4202 1238 4252; x_wconf 88' lang='lat' dir='ltr'><strong>the</strong></span> <span class='ocrx_word' id='word_1_406' title='bbox 1268 4201 1540 4250; x_wconf 88' lang='lat' dir='ltr'><strong>direction</strong></span> <span class='ocrx_word' id='word_1_407' title='bbox 1570 4198 1631 4248; x_wconf 80' lang='lat' dir='ltr'><strong>of</strong></span> <span class='ocrx_word' id='word_1_408' title='bbox 1646 4200 1858 4249; x_wconf 82' lang='lat' dir='ltr'><strong>Adrian</strong></span> <span class='ocrx_word' id='word_1_409' title='bbox 1889 4199 2130 4249; x_wconf 86' lang='lat' dir='ltr'><strong>Barland</strong></span> <span class='ocrx_word' id='word_1_410' title='bbox 2153 4200 2215 4248; x_wconf 86' lang='lat' dir='ltr'><strong>in</strong></span> <span class='ocrx_word' id='word_1_411' title='bbox 2246 4200 2558 4263; x_wconf 84' lang='lat' dir='ltr'><strong>September</strong></span> <span class='ocrx_word' id='word_1_412' title='bbox 2583 4201 2747 4262; x_wconf 72' lang='lat'><strong>15063</strong></span> 
     </span>
     <span class='ocr_line' id='line_1_43' title="bbox 351 4264 2132 4333; baseline -0.002 -15"><span class='ocrx_word' id='word_1_413' title='bbox 351 4283 437 4318; x_wconf 81' lang='lat' dir='ltr'><strong>see</strong></span> <span class='ocrx_word' id='word_1_414' title='bbox 458 4269 746 4319; x_wconf 83' lang='lat' dir='ltr'><strong>Barland’s</strong></span> <span class='ocrx_word' id='word_1_415' title='bbox 768 4271 971 4333; x_wconf 68' lang='lat' dir='ltr'><strong>Dialoqi,</strong></span> <span class='ocrx_word' id='word_1_416' title='bbox 995 4270 1274 4331; x_wconf 80' lang='lat' dir='ltr'><strong>Antwerp,</strong></span> <span class='ocrx_word' id='word_1_417' title='bbox 1302 4267 1373 4317; x_wconf 76' lang='lat' dir='ltr'><strong>M.</strong></span> <span class='ocrx_word' id='word_1_418' title='bbox 1402 4265 1614 4329; x_wconf 83' lang='lat' dir='ltr'><strong>Hillen,</strong></span> <span class='ocrx_word' id='word_1_419' title='bbox 1637 4267 1768 4328; x_wconf 82' lang='lat' dir='ltr'><strong>Apr.</strong></span> <span class='ocrx_word' id='word_1_420' title='bbox 1798 4278 1940 4327; x_wconf 83' lang='lat'><strong>1534,</strong></span> <span class='ocrx_word' id='word_1_421' title='bbox 1965 4264 2024 4316; x_wconf 59' lang='grc' dir='ltr'><strong>θ’.</strong></span> <span class='ocrx_word' id='word_1_422' title='bbox 2052 4264 2132 4315; x_wconf 78' lang='lat' dir='ltr'><strong>E&#39;.</strong></span> 
     </span>
    </p>

    <p class='ocr_par' dir='ltr' id='par_1_9' title="bbox 350 4328 2756 4529">
     <span class='ocr_line' id='line_1_44' title="bbox 414 4328 2756 4398; baseline -0.001 -15"><span class='ocrx_word' id='word_1_423' title='bbox 414 4334 664 4384; x_wconf 78' lang='lat' dir='ltr'><strong>william</strong></span> <span class='ocrx_word' id='word_1_424' title='bbox 698 4334 962 4384; x_wconf 78' lang='lat' dir='ltr'><strong>warham</strong></span> <span class='ocrx_word' id='word_1_425' title='bbox 1001 4336 1291 4398; x_wconf 62' lang='lat'>(14502-22</span> <span class='ocrx_word' id='word_1_426' title='bbox 1322 4333 1461 4395; x_wconf 78' lang='lat' dir='ltr'><strong>Aug.</strong></span> <span class='ocrx_word' id='word_1_427' title='bbox 1493 4334 1661 4393; x_wconf 74' lang='lat'><strong>1532),</strong></span> <span class='ocrx_word' id='word_1_428' title='bbox 1693 4345 1726 4379; x_wconf 88' lang='lat' dir='ltr'><strong>a</strong></span> <span class='ocrx_word' id='word_1_429' title='bbox 1757 4331 2095 4381; x_wconf 80' lang='lat' dir='ltr'><strong>churchman</strong></span> <span class='ocrx_word' id='word_1_430' title='bbox 2128 4329 2312 4379; x_wconf 87' lang='lat' dir='ltr'><strong>whose</strong></span> <span class='ocrx_word' id='word_1_431' title='bbox 2344 4328 2659 4393; x_wconf 78' lang='lat' dir='ltr'><strong>knowledge</strong></span> <span class='ocrx_word' id='word_1_432' title='bbox 2694 4330 2756 4380; x_wconf 77' lang='lat' dir='ltr'><strong>of</strong></span> 
     </span>
     <span class='ocr_line' id='line_1_45' title="bbox 350 4395 2743 4459; baseline -0.001 -11"><span class='ocrx_word' id='word_1_433' title='bbox 350 4398 456 4448; x_wconf 83' lang='lat' dir='ltr'><strong>law</strong></span> <span class='ocrx_word' id='word_1_434' title='bbox 478 4415 603 4449; x_wconf 84' lang='lat' dir='ltr'><strong>won</strong></span> <span class='ocrx_word' id='word_1_435' title='bbox 635 4399 720 4449; x_wconf 80' lang='lat' dir='ltr'><strong>for</strong></span> <span class='ocrx_word' id='word_1_436' title='bbox 752 4399 873 4449; x_wconf 87' lang='lat' dir='ltr'><strong>him</strong></span> <span class='ocrx_word' id='word_1_437' title='bbox 908 4400 1321 4451; x_wconf 80' lang='lat' dir='ltr'><strong>advancement.</strong></span> <span class='ocrx_word' id='word_1_438' title='bbox 1392 4398 1480 4447; x_wconf 84' lang='lat' dir='ltr'><strong>He</strong></span> <span class='ocrx_word' id='word_1_439' title='bbox 1512 4412 1626 4447; x_wconf 90' lang='lat' dir='ltr'><strong>was</strong></span> <span class='ocrx_word' id='word_1_440' title='bbox 1659 4397 1860 4447; x_wconf 72' lang='lat' dir='ltr'><strong>Master</strong></span> <span class='ocrx_word' id='word_1_441' title='bbox 1894 4396 1954 4446; x_wconf 72' lang='lat' dir='ltr'><strong>ot</strong></span> <span class='ocrx_word' id='word_1_442' title='bbox 1982 4397 2078 4446; x_wconf 84' lang='lat' dir='ltr'><strong>the</strong></span> <span class='ocrx_word' id='word_1_443' title='bbox 2112 4395 2262 4445; x_wconf 85' lang='lat' dir='ltr'><strong>Rolls</strong></span> <span class='ocrx_word' id='word_1_444' title='bbox 2300 4409 2609 4456; x_wconf 78' lang='lat'><strong>1494-1502,</strong></span> <span class='ocrx_word' id='word_1_445' title='bbox 2644 4395 2743 4459; x_wconf 88' lang='lat' dir='ltr'><strong>Bp.</strong></span> 
     </span>
     <span class='ocr_line' id='line_1_46' title="bbox 351 4459 2750 4529; baseline -0 -17"><span class='ocrx_word' id='word_1_446' title='bbox 351 4462 412 4512; x_wconf 79' lang='lat' dir='ltr'><strong>of</strong></span> <span class='ocrx_word' id='word_1_447' title='bbox 427 4464 651 4514; x_wconf 84' lang='lat' dir='ltr'><strong>London</strong></span> <span class='ocrx_word' id='word_1_448' title='bbox 679 4479 821 4528; x_wconf 87' lang='grc'><strong>1501,</strong></span> <span class='ocrx_word' id='word_1_449' title='bbox 847 4465 957 4514; x_wconf 89' lang='lat' dir='ltr'><strong>and</strong></span> <span class='ocrx_word' id='word_1_450' title='bbox 980 4467 1119 4529; x_wconf 86' lang='lat' dir='ltr'><strong>Abp.</strong></span> <span class='ocrx_word' id='word_1_451' title='bbox 1142 4464 1203 4515; x_wconf 71' lang='lat' dir='ltr'><strong>of</strong></span> <span class='ocrx_word' id='word_1_452' title='bbox 1218 4464 1560 4527; x_wconf 80' lang='lat' dir='ltr'><strong>Cantcrbury</strong></span> <span class='ocrx_word' id='word_1_453' title='bbox 1585 4476 1714 4525; x_wconf 84' lang='lat'><strong>1503</strong></span> <span class='ocrx_word' id='word_1_454' title='bbox 1738 4479 1752 4511; x_wconf 74' lang='grc' dir='ltr'><strong><em>ε</em></strong></span> <span class='ocrx_word' id='word_1_455' title='bbox 1783 4463 1845 4511; x_wconf 89' lang='lat' dir='ltr'><strong>in</strong></span> <span class='ocrx_word' id='word_1_456' title='bbox 1869 4462 2051 4511; x_wconf 87' lang='lat' dir='ltr'><strong>which</strong></span> <span class='ocrx_word' id='word_1_457' title='bbox 2074 4461 2316 4524; x_wconf 86' lang='lat' dir='ltr'><strong>position</strong></span> <span class='ocrx_word' id='word_1_458' title='bbox 2338 4460 2410 4508; x_wconf 90' lang='lat' dir='ltr'><strong>he</strong></span> <span class='ocrx_word' id='word_1_459' title='bbox 2435 4459 2581 4509; x_wconf 76' lang='lat' dir='ltr'><strong>lived</strong></span> <span class='ocrx_word' id='word_1_460' title='bbox 2604 4462 2661 4510; x_wconf 91' lang='lat' dir='ltr'><strong>to</strong></span> <span class='ocrx_word' id='word_1_461' title='bbox 2684 4461 2750 4511; x_wconf 86' lang='lat' dir='ltr'><strong>be</strong></span> 
     </span>
    </p>
   </div>
   <div class='ocr_carea' id='block_1_6' title="bbox 431 4592 2668 4665">
    <p class='ocr_par' dir='ltr' id='par_1_10' title="bbox 431 4592 2668 4665">
     <span class='ocr_line' id='line_1_47' title="bbox 431 4592 2668 4665; baseline -0.002 -18"><span class='ocrx_word' id='word_1_462' title='bbox 431 4614 511 4662; x_wconf 82' lang='lat'><strong>1⁷·</strong></span> <span class='ocrx_word' id='word_1_463' title='bbox 544 4599 795 4649; x_wconf 82' lang='lat' dir='ltr'><strong>Graeciae</strong></span> <span class='ocrx_word' id='word_1_464' title='bbox 822 4616 889 4650; x_wconf 72' lang='lat' dir='ltr'><strong>az</strong></span> <span class='ocrx_word' id='word_1_465' title='bbox 923 4598 1400 4665; x_wconf 77' lang='lat' dir='ltr'><strong>Commagenorum</strong></span> <span class='ocrx_word' id='word_1_466' title='bbox 1423 4601 1479 4654; x_wconf 81' lang='grc' dir='ltr'><strong>β.</strong></span> <span class='ocrx_word' id='word_1_467' title='bbox 1682 4610 1756 4662; x_wconf 86' lang='lat'><strong>19.</strong></span> <span class='ocrx_word' id='word_1_468' title='bbox 1791 4596 1941 4647; x_wconf 86' lang='lat' dir='ltr'><strong>hisce</strong></span> <span class='ocrx_word' id='word_1_469' title='bbox 1961 4597 2017 4650; x_wconf 81' lang='grc' dir='ltr'><strong>β.</strong></span> <span class='ocrx_word' id='word_1_470' title='bbox 2215 4607 2295 4655; x_wconf 79' lang='lat'><strong>29·</strong></span> <span class='ocrx_word' id='word_1_471' title='bbox 2332 4593 2458 4655; x_wconf 89' lang='lat' dir='ltr'><strong>quis</strong></span> <span class='ocrx_word' id='word_1_472' title='bbox 2477 4594 2594 4642; x_wconf 72' lang='lat' dir='ltr'><strong>aad.</strong></span> <span class='ocrx_word' id='word_1_473' title='bbox 2613 4592 2668 4647; x_wconf 81' lang='grc' dir='ltr'><strong>β.</strong></span> 
     </span>
    </p>
   </div>
   <div class='ocr_carea' id='block_1_7' title="bbox 1093 4720 2017 4786">
    <p class='ocr_par' dir='ltr' id='par_1_11' title="bbox 1093 4720 2017 4786">
     <span class='ocr_line' id='line_1_48' title="bbox 1093 4720 2017 4786; baseline -0.004 -15"><span class='ocrx_word' id='word_1_474' title='bbox 1093 4724 1166 4776; x_wconf 89' lang='lat'><strong>16.</strong></span> <span class='ocrx_word' id='word_1_475' title='bbox 1202 4720 1584 4786; x_wconf 86' lang='lat' dir='ltr'><strong>Parmenonis]</strong></span> <span class='ocrx_word' id='word_1_476' title='bbox 1606 4720 1722 4771; x_wconf 87' lang='lat' dir='ltr'><strong>Ter.</strong></span> <span class='ocrx_word' id='word_1_477' title='bbox 1748 4724 1878 4770; x_wconf 75' lang='lat' dir='ltr'><strong>Eun.</strong></span> <span class='ocrx_word' id='word_1_478' title='bbox 1907 4720 2017 4781; x_wconf 88' lang='grc'><strong>165.</strong></span> 
     </span>
    </p>
   </div>
  </div>
 </body>
</html>
