3355 5380
254 407 274 447 ι
289 383 438 468 497]
874 388 983 449 ΤΟ
1038 388 1512 453 CHRISTIAN
1570 390 2032 453 NORTHOFF
2529 394 2643 453 169

252 544 442 606 Henry
476 546 786 608 remaining
817 546 1021 595 behind
1055 545 1192 596 with
1227 547 1534 610 Augustino
1569 547 1690 611 (Ep.
1712 548 1803 660 611)
1827 548 1915 598 tin
1949 549 2072 598 Feb.
2106 548 2373 613 1498(1·2p.
2399 550 2644 612 70).1n

247 610 402 672 April
434 623 564 672 1500
585 610 682 659 the
712 610 959 660 brothers
987 611 1184 661 visited
1220 612 1387 662 Rome
1420 612 1620 675 (Janig,
1645 628 1851 676 p.113;
1885 614 2063 663 where
2093 613 2224 677 they
2246 628 2336 663 are
2367 614 2643 665 described

246 689 306 724 ιι
330 675 640 725 ‘Henricua
662 675 922 762 Northpss,
949 677 1179 726 clericus
1206 677 1535 740 Lubicensis,
1560 681 1666 727 arti
1647 694 1762 728 mm
1794 680 2064 742 magister,
2089 682 2227 729 sacri
2329 680 2453 731 lacii
2476 686 2644 745 apost.

247 755 532 791 causarum
564 743 842 805 notarius(
875 743 984 792 and
1020 743 1353 793 ‘Gristianus
1391 744 1653 805 Northofl',
1693 745 1893 794 ciuiae
1864 748 1921 795 et
1952 747 2217 794 mercator
2296 747 2566 796 ubicensis
2583 748 2643 811 ',)

247 806 343 855 but
370 807 513 856 after
534 806 658 856 that
688 807 718 856 1
748 807 888 858 have
918 811 1017 857 not
1049 807 1186 858 been
1221 809 1339 859 able
1362 812 1419 857 to
1441 812 1586 859 trace
1609 810 1760 859 their
1790 824 2010 860 career-s.
2077 811 2147 860 In
2178 810 2271 860 the
2306 811 2455 861 Paris
2479 813 2626 862 Univ

247 873 499 935 regi-tera
522 870 732 935 Henry'
732 887 760 922 ι
778 886 1033 923 ιιιιιιιιιιο
1052 887 1275 937 appears
1296 889 1355 923 as
1378 874 1696 925 Noerthoest
1718 874 1826 925 and
1852 875 2268 939 Noorthouen(c
2240 877 2305 926 cf.
2325 877 2418 940 Ep.
2440 891 2551 938 ¹41·
2570 881 2645 940 5).

311 937 555 988 Thesele
558 941 695 988 tters
716 940 774 987 to
797 938 1075 989 Christian
1105 955 1196 989 are
1224 939 1436 1003 plainly
1457 941 1652 990 earlier
1673 942 1813 991 than
1843 942 1940 1004 Ep.
1965 944 2046 995 61.
2117 943 2215 1004 Ep.
2239 955 2302 1003 54
2333 944 2381 992 is
2408 945 2557 1006 prior
2589 947 2646 993 to

250 1002 343 1066 Ep.
368 1018 453 1066 55,
475 1004 700 1054 because
722 1003 819 1054 the
841 1011 1072 1055 certam
1094 1005 1142 1055 is
1166 1007 1309 1055 nots
1283 1021 1340 1055 so
1362 1005 1444 1055 far
1464 1005 1784 1073 advanoed]

314 1118 629 1166 ERASMVS
674 1120 1093 1168 CHRISTIANO
1137 1119 1262 1168 SVO
1306 1121 1421 1176 QVI
1468 1121 1692 1171 OPERA
1738 1123 2118 1171 AVGVSTINI
2167 1123 2582 1173 SCRIPSERAT

1276 1225 1631 1278 FVOATIVS.

325 1329 617 1391 Sumo
644 1333 953 1408 quantum
978 1330 1164 1391 voles.
1251 1329 1353 1391 Ita
1378 1351 1483 1393 me
1518 1332 1669 1394 deus
1706 1335 1890 1408 amet,
1923 1331 2090 1393 haud
2115 1335 2505 1410 expectat-am
2538 1331 2649 1393 abs

246 1431 307 1488 te
335 1432 588 1489 tantum
615 1428 977 1507 elegantiae,
1005 1428 1108 1490 vel
1126 1428 1341 1506 potius
1358 1428 1789 1507 eloquentiae,
1773 1454 1789 1468 ·
1827 1451 1976 1492 nam
1994 1431 2342 1508 elegantem
2362 1430 2648 1490 futurum

244 1526 425 1588 facile
449 1527 758 1605 prospexi.
847 1527 1048 1603 Quare
1073 1529 1214 1588 tuae
1240 1526 1458 1588 literae
1483 1527 1795 1607 voluptati
1821 1529 2030 1590 mihi
2010 1549 2079 1589 ιιι
2116 1528 2339 1606 primis
2376 1526 2645 1588 fuerunt.

245 1624 520 1686 Proinde
558 1629 622 1687 te
664 1625 883 1686 hortor
922 1628 994 1685 vt
1031 1625 1153 1686 isto
1194 1645 1380 1687 cursu
1419 1646 1654 1706 pergas,
1698 1627 2056 1706 propediem
2099 1626 2198 1688 tui
2237 1624 2650 1705 praeceptoris

243 1722 614 1785 simillimus
650 1742 970 1785 euasurus.
1061 1723 1182 1784 Sed
1225 1744 1424 1803 genus
1464 1724 1720 1805 aliquod
1761 1726 2008 1788 dicendi
2052 1727 2355 1803 tanquam
2393 1723 2647 1803 signum
2677 1736 2706 1787 5

246 1819 363 1881 tibi
403 1840 717 1899 proponas
753 1840 988 1895 censeo,
1029 1840 1111 1882 ne
1147 1821 1320 1883 varia
1353 1822 1575 1901 suique
1617 1823 1948 1886 dissimilis
1980 1826 2268 1885 nascatur
2307 1822 2542 1897 oratio;
2584 1820 2650 1885 id

244 1923 460 1979 autem
486 1938 688 1997 genus
713 1920 1114 1998 potissimum
1151 1918 1526 1998 eligendum,
1556 1922 1634 1983 ad
1677 1923 1843 2001 quod
1884 1927 1950 1984 te
1987 1922 2387 2000 potissimum
2429 1924 2652 1983 natura

245 2018 615 2096 composuit.
699 2018 795 2080 De
835 2021 898 2079 te
945 2018 1363 2080 coniecturam
1404 2039 1652 2081 sumere
1700 2018 1863 2084 licet.
1948 2020 2197 2083 Videris
2242 2020 2321 2082 ad
2361 2019 2650 2081 Timonis

244 2116 503 2195 propius
569 2135 759 2196 quam
827 2116 905 2177 ad
968 2115 1285 2178 Ciceronis
1347 2118 1616 2179 formam
1680 2119 2007 2193 accedere;
2075 2117 2365 2197 equidem
2430 2114 2650 2179 malim

245 2214 581 2276 Ciceronis.
665 2214 956 2276 Atticum
975 2214 1095 2276 erit
1122 2216 1752 2293 praestantissimum.
1826 2217 1931 2279 Ab
1957 2217 2243 2280 Asiatico
2269 2215 2454 2293 longe
2481 2215 2650 2278 abes.
2683 2236 2742 2273 10

244 2313 573 2374 Rhodium
600 2312 761 2374 nihil
789 2316 884 2375 est
913 2313 1076 2391 quod
1101 2316 1294 2391 petas.
1366 2314 1682 2377 Punicum
1708 2316 1940 2378 referre
1964 2316 2212 2390 videris,
2233 2314 2337 2377 vel
2356 2314 2650 2376 Allobro-

241 2411 455 2490 gicum
481 2411 692 2490 potius
713 2434 728 2484 3
766 2411 930 2489 quod
952 2411 1205 2489 quidem
1224 2411 1410 2489 longe
1430 2414 2027 2491 temperatissimum
2046 2433 2177 2474 esse
2197 2414 2457 2488 constat,
2479 2413 2650 2476 vide-

242 2510 392 2571 licet
432 2529 513 2570 ex
540 2510 810 2570 Arabico
851 2511 915 2570 et
954 2509 1195 2571 Iberico
1235 2510 1441 2572 medie
1480 2512 1775 2587 mixtum,
1808 2511 2038 2574 Caleno
2063 2511 2320 2574 interim
2363 2511 2650 2573 rubetam

242 2608 703 2669 dissimulante.
791 2608 1028 2669 Verum
1055 2607 1265 2686 inepte
1293 2607 1442 2669 haec
1471 2611 1536 2670 te
1563 2611 1752 2672 doceo
1780 2630 1904 2685 sus,
1930 2629 2074 2671 cum
2101 2609 2220 2670 tibi
2247 2609 2529 2671 Minerua
2564 2609 2649 2671 sit

240 2708 436 2771 domi.
525 2708 763 2768 Verum
804 2707 876 2783 is,
906 2710 978 2769 vt
1012 2711 1107 2767 est
1140 2726 1306 2769 noua
1343 2708 1613 2786 quadam
1648 2709 2059 2784 humanitate,
2094 2707 2267 2770 dabit
2291 2707 2563 2781 veniam,
2592 2709 2648 2769 si
2679 2728 2735 2778 ¹⁵

242 2826 451 2867 meam
479 2805 703 2866 falcem
730 2806 801 2866 in
830 2804 1029 2884 ipsius
1062 2824 1330 2867 messem
1357 2807 1627 2882 misero;
1667 2808 1918 2868 mittam
1954 2808 2127 2868 enim
2155 2805 2418 2884 saepius.
2504 2805 2649 2866 Non

243 2905 530 2984 displicet
564 2904 740 2966 istud
777 2903 1056 2964 discendi
1091 2923 1306 2982 genus,
1336 2908 1408 2966 vt
1443 2904 1556 2967 ille
1591 2906 1937 2981 materiam,
1968 2909 2041 2968 tu
2078 2904 2268 2966 verba
2302 2902 2640 2964 ministres.

243 3003 425 3065 Idem
454 3003 611 3065 olim
641 3003 899 3064 Crassus
924 3002 1249 3078 factitauit,
1281 3005 1488 3065 orator
1511 3003 1677 3066 haud
1708 3004 2001 3084 vulgaris,
2034 3003 2141 3065 sed
2169 3002 2272 3064 hic
2297 3023 2375 3063 ex
2403 3000 2640 3079 priscis.

242 3102 392 3164 Vidi
417 3103 554 3180 ipse
594 3100 973 3161 corniculam
1001 3098 1430 3176 Horatianam,
1464 3101 1644 3163 cuius
1670 3105 1733 3163 te
1759 3102 2031 3164 similem
2068 3121 2203 3163 esse
2239 3100 2456 3162 nolim.
2543 3098 2645 3160 Ita

242 3201 446 3275 facies,
477 3201 535 3262 si
562 3198 973 3278 praeceptoris
1000 3216 1191 3276 quam
1216 3198 1583 3261 simillimus
1608 3220 1741 3262 esse
1768 3201 2100 3263 studueris.
2673 3216 2735 3253 ²0

322 3300 505 3377 Quod
535 3317 638 3359 me
664 3316 850 3371 amas,
878 3296 1041 3356 nihil
1069 3294 1290 3358 scribis
1315 3298 1504 3373 noui3
1544 3297 1816 3360 sciebam
1843 3299 2015 3361 enim
2042 3301 2242 3360 antea.
2308 3296 2404 3358 De
2429 3299 2645 3358 nostro

243 3396 604 3471 certamine,
634 3394 1003 3468 Christiane,
1034 3393 1198 3456 nihil
1235 3397 1332 3457 est
1359 3396 1524 3474 quod
1558 3395 1804 3460 labores
1831 3418 1848 3472 ;
1887 3399 1960 3459 tu
2002 3397 2168 3459 tanti
2201 3415 2284 3471 es,
2315 3394 2443 3457 nisi
2481 3394 2643 3456 mihi

242 3496 642 3574 Augustinus
693 3492 1005 3555 mentitus
1054 3494 1168 3570 est,
1218 3494 1384 3571 quod
1439 3514 1569 3557 non
1622 3496 1802 3558 solet.
1911 3496 2083 3557 Bene
2137 3494 2275 3556 vale
2328 3514 2476 3555 cnm
2528 3497 2644 3555 tuo

245 3592 534 3655 Daedalo.
625 3591 931 3654 Luteciae.
1012 3592 1205 3652 Anno
1236 3587 1328 3671 [ιι.
1359 3610 1524 3655 cccc.
1555 3590 1814 3674 xovm}

859 3789 962 3852 55.
1051 3780 1149 3852 Το
1192 3784 1585 3853 Cmusruu
1632 3788 2033 3854 Noarnorr.

311 3877 562 3947 Farrago
589 3896 644 3948 p.
674 3890 760 3944 99.
2220 3873 2393 3930 Paris.

310 3965 372 4022 F.
400 3984 458 4036 p.
490 3978 627 4034 257:
665 3960 804 4018 HN:
842 3961 1018 4019 Lond.
1046 3980 1092 4016 v.
1119 3975 1184 4029 7:
1221 3961 1332 4017 LB.
1364 3978 1445 4033 19.
2055 3962 2384 4036 (Spring·?)
2416 3978 2570 4033 1497.

947 4126 1257 4175 ERASMvs
1301 4125 1729 4176 OHRISTIANO
1775 4125 1830 4175 8.
1879 4125 1945 4176 D.

318 4236 550 4308 Sava,
577 4232 706 4294 mel
732 4232 1036 4302 Atticum.
1119 4231 1281 4293 Heri
1306 4229 1470 4293 nihil
1495 4232 1734 4309 scripsi,
1758 4234 1823 4292 et
1848 4232 2134 4293 consulto
2160 4231 2416 4310 quidem
2438 4253 2455 4307 ς
2491 4251 2640 4294 nam

242 4351 410 4394 eram
467 4330 936 4394 stomachosior.
1078 4330 1172 4391 Ne
1228 4350 1377 4410 roga
1429 4330 1497 4391 in
1552 4351 1758 4410 quem,
1805 4330 1876 4392 in
1932 4333 1993 4391 te
2046 4330 2322 4410 inquam.
2441 4334 2455 4362 ‘
2477 4329 2641 4408 Quid

307 4455 389 4503 5⁴.
406 4453 457 4501 8.
494 4451 741 4501 Timonis
763 4456 839 4501 E:
871 4451 1125 4501 QTironis
1422 4468 1497 4502 10.
1532 4453 1636 4501 erit
1659 4457 1735 4501 E:
1770 4455 1886 4503 erat
1908 4455 1964 4503 Γ.
2262 4466 2337 4515 ι3.
2376 4453 2556 4502 medio
2576 4454 2640 4499 H.

246 4532 321 4580 ι5.
355 4520 405 4568 ia
427 4521 544 4567 add.
572 4521 629 4568 F.
769 4533 842 4580 ¹9-
878 4518 967 4567 Ita
990 4517 1151 4568 facies
1175 4521 1250 4566 1:
1317 4518 1437 4568 Eris
1457 4519 1641 4569 autem
1662 4523 1719 4568 F.

304 4637 385 4684 64.
408 4648 490 4696 ι3.
525 4633 751 4697 Caleno]
779 4634 858 4684 of.
884 4635 1011 4685 Juv.
1040 4646 1083 4685 1.
1109 4636 1191 4698 ⁶9,
1221 4649 1300 4696 70·
1496 4639 1554 4696 ξς
1596 4647 1707 4696 ι54,
1745 4647 1796 4696 5.

308 4700 386 4747 ι8.
423 4698 676 4763 Onasus]
734 4699 813 4750 Gr.
854 4699 960 4751 Cic.
1008 4704 1064 4750 do
1105 4704 1306 4763 Onam,
1348 4715 1390 4750 1.
1561 4713 1637 4762 ¹9·
1672 4699 2034 4765 corniculam]
2061 4698 2189 4751 Hor.
2212 4703 2303 4759 lp.
2335 4714 2373 4748 t.
2401 4713 2449 4761 3.
2478 4712 2552 4760 ¹9·

338 4799 503 4831 annu
1407 4786 1453 4829 Π
