<?xml version="1.0" encoding="UTF-8"?>
<!DOCTYPE html PUBLIC "-//W3C//DTD XHTML 1.0 Transitional//EN"
    "http://www.w3.org/TR/xhtml1/DTD/xhtml1-transitional.dtd">
<html xmlns="http://www.w3.org/1999/xhtml" xml:lang="en" lang="en">
 <head>
  <title>
</title>
<meta http-equiv="Content-Type" content="text/html;charset=utf-8" />
  <meta name='ocr-system' content='tesseract 3.04.00' />
  <meta name='ocr-capabilities' content='ocr_page ocr_carea ocr_par ocr_line ocrx_word'/>
</head>
<body>
  <div class='ocr_page' id='page_1' title='image "./opusepistolarum00flowgoog_0310.png"; bbox 0 0 3355 5380; ppageno 0'>
   <div class='ocr_carea' id='block_1_1' title="bbox 614 351 3011 436">
    <p class='ocr_par' dir='ltr' id='par_1_1' title="bbox 614 351 3011 436">
     <span class='ocr_line' id='line_1_1' title="bbox 614 351 3011 436; baseline 0 -22"><span class='ocrx_word' id='word_1_1' title='bbox 614 357 735 414; x_wconf 84' lang='lat'>276</span> <span class='ocrx_word' id='word_1_2' title='bbox 1313 354 1691 417; x_wconf 75' lang='lat' dir='ltr'>LETTERS</span> <span class='ocrx_word' id='word_1_3' title='bbox 1746 355 1855 418; x_wconf 68' lang='lat' dir='ltr'>or</span> <span class='ocrx_word' id='word_1_4' title='bbox 1907 354 2310 418; x_wconf 70' lang='lat' dir='ltr'>saAsnms</span> <span class='ocrx_word' id='word_1_5' title='bbox 2822 351 3011 436; x_wconf 87' lang='lat'><strong>[1500</strong></span> 
     </span>
    </p>
   </div>
   <div class='ocr_carea' id='block_1_2' title="bbox 516 510 3025 4233">
    <p class='ocr_par' dir='ltr' id='par_1_2' title="bbox 608 510 3016 788">
     <span class='ocr_line' id='line_1_2' title="bbox 610 510 3012 590; baseline 0 -19"><span class='ocrx_word' id='word_1_6' title='bbox 610 511 1010 572; x_wconf 86' lang='lat' dir='ltr'>destinatum.</span> <span class='ocrx_word' id='word_1_7' title='bbox 1099 511 1234 589; x_wconf 85' lang='lat' dir='ltr'>Ego</span> <span class='ocrx_word' id='word_1_8' title='bbox 1266 513 1338 572; x_wconf 84' lang='lat' dir='ltr'>vt</span> <span class='ocrx_word' id='word_1_9' title='bbox 1373 531 1773 590; x_wconf 78' lang='lat' dir='ltr'>pergeremus</span> <span class='ocrx_word' id='word_1_10' title='bbox 1808 512 2119 574; x_wconf 89' lang='lat' dir='ltr'>hortabar.</span> <span class='ocrx_word' id='word_1_11' title='bbox 2205 510 2325 573; x_wconf 90' lang='lat' dir='ltr'>Ille</span> <span class='ocrx_word' id='word_1_12' title='bbox 2366 512 2630 573; x_wconf 86' lang='lat' dir='ltr'>latronis</span> <span class='ocrx_word' id='word_1_13' title='bbox 2668 510 3012 590; x_wconf 88' lang='lat' dir='ltr'>discipulus</span> 
     </span>
     <span class='ocr_line' id='line_1_3' title="bbox 610 609 3013 690; baseline 0.001 -21"><span class='ocrx_word' id='word_1_14' title='bbox 610 610 866 685; x_wconf 84' lang='lat' dir='ltr'>causari,</span> <span class='ocrx_word' id='word_1_15' title='bbox 918 629 1110 689; x_wconf 89' lang='lat' dir='ltr'>equos</span> <span class='ocrx_word' id='word_1_16' title='bbox 1156 629 1287 671; x_wconf 88' lang='lat' dir='ltr'>non</span> <span class='ocrx_word' id='word_1_17' title='bbox 1336 629 1470 671; x_wconf 85' lang='lat' dir='ltr'>esse</span> <span class='ocrx_word' id='word_1_18' title='bbox 1513 631 1703 689; x_wconf 87' lang='lat' dir='ltr'>supra</span> <span class='ocrx_word' id='word_1_19' title='bbox 1748 612 1914 673; x_wconf 84' lang='lat' dir='ltr'>vires</span> <span class='ocrx_word' id='word_1_20' title='bbox 1963 610 2405 690; x_wconf 86' lang='lat' dir='ltr'>defatigandos,</span> <span class='ocrx_word' id='word_1_21' title='bbox 2458 610 2657 671; x_wconf 88' lang='lat' dir='ltr'>satius</span> <span class='ocrx_word' id='word_1_22' title='bbox 2703 629 2840 671; x_wconf 87' lang='lat' dir='ltr'>esse</span> <span class='ocrx_word' id='word_1_23' title='bbox 2885 609 3013 671; x_wconf 87' lang='lat' dir='ltr'>illic</span> 
     </span>
     <span class='ocr_line' id='line_1_4' title="bbox 608 708 3016 788; baseline 0 -20"><span class='ocrx_word' id='word_1_24' title='bbox 608 711 970 786; x_wconf 86' lang='lat' dir='ltr'>pernoctare</span> <span class='ocrx_word' id='word_1_25' title='bbox 1015 728 1086 769; x_wconf 90' lang='lat' dir='ltr'>ac</span> <span class='ocrx_word' id='word_1_26' title='bbox 1140 709 1440 786; x_wconf 77' lang='lat' dir='ltr'>postridie</span> <span class='ocrx_word' id='word_1_27' title='bbox 1483 710 1548 770; x_wconf 91' lang='lat' dir='ltr'>id</span> <span class='ocrx_word' id='word_1_28' title='bbox 1597 710 1910 788; x_wconf 91' lang='lat' dir='ltr'>dispendii</span> <span class='ocrx_word' id='word_1_29' title='bbox 1961 709 2298 787; x_wconf 88' lang='lat' dir='ltr'>anticipata</span> <span class='ocrx_word' id='word_1_30' title='bbox 2351 709 2489 769; x_wconf 91' lang='lat' dir='ltr'>luce</span> <span class='ocrx_word' id='word_1_31' title='bbox 2541 709 2787 770; x_wconf 88' lang='lat' dir='ltr'>sarcire.</span> <span class='ocrx_word' id='word_1_32' title='bbox 2872 708 3016 770; x_wconf 83' lang='lat' dir='ltr'>Non</span> 
     </span>
    </p>

    <p class='ocr_par' dir='ltr' id='par_1_3' title="bbox 524 805 3018 1281">
     <span class='ocr_line' id='line_1_5' title="bbox 524 805 3015 886; baseline -0.002 -15"><span class='ocrx_word' id='word_1_33' title='bbox 524 833 582 884; x_wconf 81' lang='lat'>25</span> <span class='ocrx_word' id='word_1_34' title='bbox 609 807 1033 883; x_wconf 81' lang='lat' dir='ltr'>repugnabam</span> <span class='ocrx_word' id='word_1_35' title='bbox 1080 826 1472 886; x_wconf 81' lang='lat' dir='ltr'>magnopere,</span> <span class='ocrx_word' id='word_1_36' title='bbox 1519 807 1684 869; x_wconf 90' lang='lat' dir='ltr'>nihil</span> <span class='ocrx_word' id='word_1_37' title='bbox 1729 808 2079 869; x_wconf 81' lang='lat' dir='ltr'>etiamdum</span> <span class='ocrx_word' id='word_1_38' title='bbox 2125 806 2379 868; x_wconf 88' lang='lat' dir='ltr'>sceleris</span> <span class='ocrx_word' id='word_1_39' title='bbox 2424 807 2766 885; x_wconf 88' lang='lat' dir='ltr'>suspicans.</span> <span class='ocrx_word' id='word_1_40' title='bbox 2874 805 3015 867; x_wconf 88' lang='lat' dir='ltr'>Iam</span> 
     </span>
     <span class='ocr_line' id='line_1_6' title="bbox 609 904 3017 983; baseline 0.001 -19"><span class='ocrx_word' id='word_1_41' title='bbox 609 904 1062 983; x_wconf 86' lang='lat' dir='ltr'>propemodum</span> <span class='ocrx_word' id='word_1_42' title='bbox 1130 926 1626 981; x_wconf 88' lang='lat' dir='ltr'>coenaueramus,</span> <span class='ocrx_word' id='word_1_43' title='bbox 1698 926 1844 968; x_wconf 92' lang='lat' dir='ltr'>cum</span> <span class='ocrx_word' id='word_1_44' title='bbox 1913 907 2208 969; x_wconf 86' lang='lat' dir='ltr'>ministra</span> <span class='ocrx_word' id='word_1_45' title='bbox 2272 906 2567 967; x_wconf 90' lang='lat' dir='ltr'>iuuenem</span> <span class='ocrx_word' id='word_1_46' title='bbox 2635 905 2822 968; x_wconf 90' lang='lat' dir='ltr'>illum</span> <span class='ocrx_word' id='word_1_47' title='bbox 2890 925 3017 966; x_wconf 81' lang='lat' dir='ltr'>vna</span> 
     </span>
     <span class='ocr_line' id='line_1_7' title="bbox 612 1002 3014 1084; baseline 0 -21"><span class='ocrx_word' id='word_1_48' title='bbox 612 1002 939 1065; x_wconf 88' lang='lat' dir='ltr'>nobiscum</span> <span class='ocrx_word' id='word_1_49' title='bbox 978 1005 1450 1067; x_wconf 89' lang='lat' dir='ltr'>accumbentem</span> <span class='ocrx_word' id='word_1_50' title='bbox 1491 1026 1529 1067; x_wconf 90' lang='lat' dir='ltr'>a</span> <span class='ocrx_word' id='word_1_51' title='bbox 1568 1007 1860 1068; x_wconf 87' lang='lat' dir='ltr'>conuiuio</span> <span class='ocrx_word' id='word_1_52' title='bbox 1901 1008 2165 1080; x_wconf 87' lang='lat' dir='ltr'>seuocat,</span> <span class='ocrx_word' id='word_1_53' title='bbox 2195 1005 2378 1066; x_wconf 90' lang='lat' dir='ltr'>alteri</span> <span class='ocrx_word' id='word_1_54' title='bbox 2415 1024 2577 1084; x_wconf 88' lang='lat' dir='ltr'>equo</span> <span class='ocrx_word' id='word_1_55' title='bbox 2618 1004 2829 1065; x_wconf 89' lang='lat' dir='ltr'>nescio</span> <span class='ocrx_word' id='word_1_56' title='bbox 2863 1002 3014 1082; x_wconf 88' lang='lat' dir='ltr'>quid</span> 
     </span>
     <span class='ocr_line' id='line_1_8' title="bbox 611 1101 3015 1166; baseline -0 -3"><span class='ocrx_word' id='word_1_57' title='bbox 611 1102 767 1163; x_wconf 87' lang='lat' dir='ltr'>mali</span> <span class='ocrx_word' id='word_1_58' title='bbox 827 1121 962 1163; x_wconf 84' lang='lat' dir='ltr'>esse</span> <span class='ocrx_word' id='word_1_59' title='bbox 1024 1102 1340 1165; x_wconf 90' lang='lat' dir='ltr'>dictitans.</span> <span class='ocrx_word' id='word_1_60' title='bbox 1433 1104 1720 1166; x_wconf 80' lang='lat' dir='ltr'>Discedit</span> <span class='ocrx_word' id='word_1_61' title='bbox 1779 1104 2139 1166; x_wconf 84' lang='lat' dir='ltr'>adolescens</span> <span class='ocrx_word' id='word_1_62' title='bbox 2192 1103 2301 1164; x_wconf 88' lang='lat' dir='ltr'>sed</span> <span class='ocrx_word' id='word_1_63' title='bbox 2354 1122 2430 1163; x_wconf 90' lang='lat' dir='ltr'>eo</span> <span class='ocrx_word' id='word_1_64' title='bbox 2482 1102 2665 1164; x_wconf 85' lang='lat' dir='ltr'>vultu</span> <span class='ocrx_word' id='word_1_65' title='bbox 2719 1106 2793 1164; x_wconf 83' lang='lat' dir='ltr'>vt</span> <span class='ocrx_word' id='word_1_66' title='bbox 2845 1101 3015 1164; x_wconf 90' lang='lat' dir='ltr'>aliud</span> 
     </span>
     <span class='ocr_line' id='line_1_9' title="bbox 611 1199 3018 1281; baseline -0 -20"><span class='ocrx_word' id='word_1_67' title='bbox 611 1200 981 1262; x_wconf 89' lang='lat' dir='ltr'>nunciatum</span> <span class='ocrx_word' id='word_1_68' title='bbox 1029 1200 1429 1281; x_wconf 79' lang='lat' dir='ltr'>intelligeres.</span> <span class='ocrx_word' id='word_1_69' title='bbox 1538 1204 1674 1281; x_wconf 89' lang='lat' dir='ltr'>Ego</span> <span class='ocrx_word' id='word_1_70' title='bbox 1721 1204 2023 1264; x_wconf 90' lang='lat' dir='ltr'>continuo</span> <span class='ocrx_word' id='word_1_71' title='bbox 2069 1201 2346 1281; x_wconf 89' lang='lat' dir='ltr'>puellam</span> <span class='ocrx_word' id='word_1_72' title='bbox 2391 1220 2708 1277; x_wconf 79' lang='lat' dir='ltr'>reuocanS,</span> <span class='ocrx_word' id='word_1_73' title='bbox 2766 1202 2783 1231; x_wconf 87' lang='lat'>‘</span> <span class='ocrx_word' id='word_1_74' title='bbox 2800 1199 2983 1261; x_wconf 86' lang='lat' dir='ltr'>Heus</span> <span class='ocrx_word' id='word_1_75' title='bbox 3003 1201 3018 1225; x_wconf 94' lang='lat'><em>’</em></span> 
     </span>
    </p>

    <p class='ocr_par' dir='ltr' id='par_1_4' title="bbox 520 1297 3018 1755">
     <span class='ocr_line' id='line_1_10' title="bbox 520 1297 3015 1380; baseline -0 -21"><span class='ocrx_word' id='word_1_76' title='bbox 520 1323 585 1372; x_wconf 79' lang='lat'>30</span> <span class='ocrx_word' id='word_1_77' title='bbox 609 1300 873 1378; x_wconf 89' lang='lat' dir='ltr'>inquam</span> <span class='ocrx_word' id='word_1_78' title='bbox 915 1301 932 1331; x_wconf 90' lang='lat'>‘</span> <span class='ocrx_word' id='word_1_79' title='bbox 947 1300 1094 1376; x_wconf 88' lang='lat' dir='ltr'>filia,</span> <span class='ocrx_word' id='word_1_80' title='bbox 1132 1303 1271 1362; x_wconf 82' lang='lat' dir='ltr'>vter</span> <span class='ocrx_word' id='word_1_81' title='bbox 1304 1321 1608 1380; x_wconf 87' lang='lat' dir='ltr'>equorum</span> <span class='ocrx_word' id='word_1_82' title='bbox 1643 1304 1809 1363; x_wconf 93' lang='lat' dir='ltr'>male</span> <span class='ocrx_word' id='word_1_83' title='bbox 1842 1302 2050 1375; x_wconf 90' lang='lat' dir='ltr'>habet,</span> <span class='ocrx_word' id='word_1_84' title='bbox 2080 1320 2340 1362; x_wconf 86' lang='lat' dir='ltr'>meusne</span> <span class='ocrx_word' id='word_1_85' title='bbox 2379 1319 2460 1362; x_wconf 88' lang='lat' dir='ltr'>an</span> <span class='ocrx_word' id='word_1_86' title='bbox 2496 1299 2686 1361; x_wconf 91' lang='lat' dir='ltr'>huius</span> <span class='ocrx_word' id='word_1_87' title='bbox 2703 1300 2737 1360; x_wconf 78' lang='lat'>⁸?</span> <span class='ocrx_word' id='word_1_88' title='bbox 2753 1297 2771 1324; x_wconf 90' lang='lat'><em>’</em></span> <span class='ocrx_word' id='word_1_89' title='bbox 2851 1297 3015 1358; x_wconf 85' lang='lat' dir='ltr'>Nam</span> 
     </span>
     <span class='ocr_line' id='line_1_11' title="bbox 608 1395 3018 1478; baseline -0.001 -19"><span class='ocrx_word' id='word_1_90' title='bbox 608 1397 822 1459; x_wconf 87' lang='lat' dir='ltr'>aderat</span> <span class='ocrx_word' id='word_1_91' title='bbox 848 1398 1097 1477; x_wconf 84' lang='lat' dir='ltr'>Anglus</span> <span class='ocrx_word' id='word_1_92' title='bbox 1123 1399 1371 1461; x_wconf 89' lang='lat' dir='ltr'>itineris</span> <span class='ocrx_word' id='word_1_93' title='bbox 1397 1399 1524 1461; x_wconf 91' lang='lat' dir='ltr'>mei</span> <span class='ocrx_word' id='word_1_94' title='bbox 1552 1420 1775 1461; x_wconf 74' lang='lat' dir='ltr'>comeS.</span> <span class='ocrx_word' id='word_1_95' title='bbox 1854 1403 1870 1433; x_wconf 89' lang='lat'>‘</span> <span class='ocrx_word' id='word_1_96' title='bbox 1887 1400 1972 1461; x_wconf 84' lang='lat' dir='ltr'>Et</span> <span class='ocrx_word' id='word_1_97' title='bbox 2000 1398 2155 1478; x_wconf 89' lang='lat' dir='ltr'>quid</span> <span class='ocrx_word' id='word_1_98' title='bbox 2181 1400 2440 1461; x_wconf 90' lang='lat' dir='ltr'>tandem</span> <span class='ocrx_word' id='word_1_99' title='bbox 2466 1401 2562 1460; x_wconf 86' lang='lat' dir='ltr'>est</span> <span class='ocrx_word' id='word_1_100' title='bbox 2589 1396 2792 1459; x_wconf 77' lang='lat' dir='ltr'>mali?</span> <span class='ocrx_word' id='word_1_101' title='bbox 2810 1396 2826 1421; x_wconf 86' lang='lat'><strong>’</strong></span> <span class='ocrx_word' id='word_1_102' title='bbox 2891 1395 3018 1457; x_wconf 87' lang='lat' dir='ltr'>Illa</span> 
     </span>
     <span class='ocr_line' id='line_1_12' title="bbox 609 1493 3017 1575; baseline 0 -19"><span class='ocrx_word' id='word_1_103' title='bbox 609 1493 1055 1558; x_wconf 84' lang='lat' dir='ltr'>conscientiam</span> <span class='ocrx_word' id='word_1_104' title='bbox 1077 1502 1439 1561; x_wconf 76' lang='lat' dir='ltr'>constanter</span> <span class='ocrx_word' id='word_1_105' title='bbox 1460 1498 1856 1561; x_wconf 86' lang='lat' dir='ltr'>dissimulare</span> <span class='ocrx_word' id='word_1_106' title='bbox 1874 1518 2002 1560; x_wconf 90' lang='lat' dir='ltr'>non</span> <span class='ocrx_word' id='word_1_107' title='bbox 2026 1499 2239 1561; x_wconf 87' lang='lat' dir='ltr'>valens</span> <span class='ocrx_word' id='word_1_108' title='bbox 2256 1496 2530 1572; x_wconf 85' lang='lat' dir='ltr'>subrisit,</span> <span class='ocrx_word' id='word_1_109' title='bbox 2555 1499 2619 1558; x_wconf 91' lang='lat' dir='ltr'>et</span> <span class='ocrx_word' id='word_1_110' title='bbox 2638 1496 3017 1575; x_wconf 84' lang='lat' dir='ltr'>figmentum</span> 
     </span>
     <span class='ocr_line' id='line_1_13' title="bbox 610 1593 3017 1677; baseline 0 -24"><span class='ocrx_word' id='word_1_111' title='bbox 610 1596 890 1656; x_wconf 84' lang='lat' dir='ltr'>confessa</span> <span class='ocrx_word' id='word_1_112' title='bbox 912 1596 1161 1658; x_wconf 81' lang='lat' dir='ltr'>venisse</span> <span class='ocrx_word' id='word_1_113' title='bbox 1194 1601 1420 1658; x_wconf 90' lang='lat' dir='ltr'>notum</span> <span class='ocrx_word' id='word_1_114' title='bbox 1459 1598 1770 1677; x_wconf 86' lang='lat' dir='ltr'>quendam</span> <span class='ocrx_word' id='word_1_115' title='bbox 1806 1598 2023 1672; x_wconf 88' lang='lat' dir='ltr'>aiebat,</span> <span class='ocrx_word' id='word_1_116' title='bbox 2057 1598 2170 1677; x_wconf 88' lang='lat' dir='ltr'>qui</span> <span class='ocrx_word' id='word_1_117' title='bbox 2194 1599 2491 1659; x_wconf 89' lang='lat' dir='ltr'>iuuenem</span> <span class='ocrx_word' id='word_1_118' title='bbox 2526 1595 2605 1656; x_wconf 89' lang='lat' dir='ltr'>ad</span> <span class='ocrx_word' id='word_1_119' title='bbox 2634 1593 3017 1674; x_wconf 85' lang='lat' dir='ltr'>colloquium</span> 
     </span>
     <span class='ocr_line' id='line_1_14' title="bbox 610 1697 942 1755; baseline -0.003 -2"><span class='ocrx_word' id='word_1_120' title='bbox 610 1697 942 1755; x_wconf 86' lang='lat' dir='ltr'>euocasset.</span> 
     </span>
    </p>

    <p class='ocr_par' dir='ltr' id='par_1_5' title="bbox 520 1789 3022 2267">
     <span class='ocr_line' id='line_1_15' title="bbox 520 1789 3017 1874; baseline -0.001 -22"><span class='ocrx_word' id='word_1_121' title='bbox 520 1810 581 1861; x_wconf 81' lang='lat'>35</span> <span class='ocrx_word' id='word_1_122' title='bbox 693 1791 824 1853; x_wconf 84' lang='lat' dir='ltr'>Nec</span> <span class='ocrx_word' id='word_1_123' title='bbox 878 1792 969 1854; x_wconf 87' lang='lat' dir='ltr'>ita</span> <span class='ocrx_word' id='word_1_124' title='bbox 1022 1794 1226 1855; x_wconf 90' lang='lat' dir='ltr'>multo</span> <span class='ocrx_word' id='word_1_125' title='bbox 1279 1796 1422 1872; x_wconf 84' lang='lat' dir='ltr'>post</span> <span class='ocrx_word' id='word_1_126' title='bbox 1472 1794 1709 1856; x_wconf 90' lang='lat' dir='ltr'>locator</span> <span class='ocrx_word' id='word_1_127' title='bbox 1764 1795 1913 1873; x_wconf 88' lang='lat' dir='ltr'>ipse,</span> <span class='ocrx_word' id='word_1_128' title='bbox 1965 1796 2073 1873; x_wconf 90' lang='lat' dir='ltr'>qui</span> <span class='ocrx_word' id='word_1_129' title='bbox 2126 1792 2375 1874; x_wconf 87' lang='lat' dir='ltr'>iugulos</span> <span class='ocrx_word' id='word_1_130' title='bbox 2428 1795 2680 1855; x_wconf 88' lang='lat' dir='ltr'>nostros</span> <span class='ocrx_word' id='word_1_131' title='bbox 2726 1789 3017 1851; x_wconf 80' lang='lat' dir='ltr'>victimae</span> 
     </span>
     <span class='ocr_line' id='line_1_16' title="bbox 610 1887 3018 1971; baseline -0.001 -21"><span class='ocrx_word' id='word_1_132' title='bbox 610 1889 969 1966; x_wconf 87' lang='lat' dir='ltr'>destinarat,</span> <span class='ocrx_word' id='word_1_133' title='bbox 1014 1892 1420 1952; x_wconf 89' lang='lat' dir='ltr'>coenaculum</span> <span class='ocrx_word' id='word_1_134' title='bbox 1461 1891 1827 1971; x_wconf 86' lang='lat' dir='ltr'>ingreditur.</span> <span class='ocrx_word' id='word_1_135' title='bbox 1917 1892 2050 1954; x_wconf 81' lang='lat' dir='ltr'>Nos</span> <span class='ocrx_word' id='word_1_136' title='bbox 2097 1891 2407 1966; x_wconf 88' lang='lat' dir='ltr'>admirari,</span> <span class='ocrx_word' id='word_1_137' title='bbox 2456 1908 2669 1969; x_wconf 83' lang='lat' dir='ltr'>rogare</span> <span class='ocrx_word' id='word_1_138' title='bbox 2715 1887 3018 1967; x_wconf 88' lang='lat' dir='ltr'>quidnam</span> 
     </span>
     <span class='ocr_line' id='line_1_17' title="bbox 608 1984 3017 2070; baseline -0.001 -22"><span class='ocrx_word' id='word_1_139' title='bbox 608 1987 945 2063; x_wconf 86' lang='lat' dir='ltr'>accidisset,</span> <span class='ocrx_word' id='word_1_140' title='bbox 990 1990 1157 2066; x_wconf 89' lang='lat' dir='ltr'>quod</span> <span class='ocrx_word' id='word_1_141' title='bbox 1212 1994 1345 2052; x_wconf 89' lang='lat' dir='ltr'>tam</span> <span class='ocrx_word' id='word_1_142' title='bbox 1400 1990 1831 2069; x_wconf 88' lang='lat' dir='ltr'>inexpectatus</span> <span class='ocrx_word' id='word_1_143' title='bbox 1884 1993 2070 2070; x_wconf 88' lang='lat' dir='ltr'>atque</span> <span class='ocrx_word' id='word_1_144' title='bbox 2122 1990 2503 2070; x_wconf 85' lang='lat' dir='ltr'>improuisus</span> <span class='ocrx_word' id='word_1_145' title='bbox 2545 1987 2806 2049; x_wconf 86' lang='lat' dir='ltr'>adesset.</span> <span class='ocrx_word' id='word_1_146' title='bbox 2905 1984 3017 2046; x_wconf 85' lang='lat' dir='ltr'>Ait</span> 
     </span>
     <span class='ocr_line' id='line_1_18' title="bbox 607 2084 3018 2165; baseline -0.001 -18"><span class='ocrx_word' id='word_1_147' title='bbox 607 2105 673 2147; x_wconf 89' lang='lat' dir='ltr'>se</span> <span class='ocrx_word' id='word_1_148' title='bbox 700 2106 834 2146; x_wconf 90' lang='lat' dir='ltr'>rem</span> <span class='ocrx_word' id='word_1_149' title='bbox 861 2085 1097 2148; x_wconf 86' lang='lat' dir='ltr'>adferre</span> <span class='ocrx_word' id='word_1_150' title='bbox 1122 2087 1414 2163; x_wconf 87' lang='lat' dir='ltr'>flebilem,</span> <span class='ocrx_word' id='word_1_151' title='bbox 1440 2089 1639 2150; x_wconf 88' lang='lat' dir='ltr'>filiam</span> <span class='ocrx_word' id='word_1_152' title='bbox 1666 2109 1866 2165; x_wconf 90' lang='lat' dir='ltr'>suam,</span> <span class='ocrx_word' id='word_1_153' title='bbox 1893 2089 2029 2150; x_wconf 89' lang='lat' dir='ltr'>eius</span> <span class='ocrx_word' id='word_1_154' title='bbox 2054 2089 2306 2151; x_wconf 88' lang='lat' dir='ltr'>iuuenis</span> <span class='ocrx_word' id='word_1_155' title='bbox 2332 2107 2608 2162; x_wconf 71' lang='lat' dir='ltr'>onrem,</span> <span class='ocrx_word' id='word_1_156' title='bbox 2637 2085 2727 2147; x_wconf 88' lang='lat' dir='ltr'>ita</span> <span class='ocrx_word' id='word_1_157' title='bbox 2751 2084 2832 2145; x_wconf 91' lang='lat' dir='ltr'>ab</span> <span class='ocrx_word' id='word_1_158' title='bbox 2861 2103 3018 2162; x_wconf 88' lang='lat' dir='ltr'>equo</span> 
     </span>
     <span class='ocr_line' id='line_1_19' title="bbox 608 2182 3022 2267; baseline -0.001 -22"><span class='ocrx_word' id='word_1_159' title='bbox 608 2183 884 2245; x_wconf 87' lang='lat' dir='ltr'>calcibus</span> <span class='ocrx_word' id='word_1_160' title='bbox 908 2204 1265 2262; x_wconf 84' lang='lat' dir='ltr'>percussam</span> <span class='ocrx_word' id='word_1_161' title='bbox 1286 2189 1359 2247; x_wconf 77' lang='lat' dir='ltr'>vt</span> <span class='ocrx_word' id='word_1_162' title='bbox 1385 2186 1514 2247; x_wconf 88' lang='lat' dir='ltr'>iam</span> <span class='ocrx_word' id='word_1_163' title='bbox 1540 2188 1820 2248; x_wconf 87' lang='lat' dir='ltr'>animam</span> <span class='ocrx_word' id='word_1_164' title='bbox 1840 2189 2296 2267; x_wconf 90' lang='lat' dir='ltr'>propemodum</span> <span class='ocrx_word' id='word_1_165' title='bbox 2321 2189 2562 2266; x_wconf 78' lang='lat' dir='ltr'>ageret3</span> <span class='ocrx_word' id='word_1_166' title='bbox 2602 2182 3022 2245; x_wconf 88' lang='lat' dir='ltr'>tumultuario</span> 
     </span>
    </p>

    <p class='ocr_par' dir='ltr' id='par_1_6' title="bbox 516 2280 3025 2757">
     <span class='ocr_line' id='line_1_20' title="bbox 516 2280 3021 2359; baseline -0.002 -11"><span class='ocrx_word' id='word_1_167' title='bbox 516 2299 583 2348; x_wconf 82' lang='lat'>40</span> <span class='ocrx_word' id='word_1_168' title='bbox 607 2280 832 2343; x_wconf 89' lang='lat' dir='ltr'>itinere</span> <span class='ocrx_word' id='word_1_169' title='bbox 873 2301 1008 2345; x_wconf 89' lang='lat' dir='ltr'>sese</span> <span class='ocrx_word' id='word_1_170' title='bbox 1054 2286 1410 2359; x_wconf 87' lang='lat' dir='ltr'>accurrisse,</span> <span class='ocrx_word' id='word_1_171' title='bbox 1456 2288 1529 2346; x_wconf 77' lang='lat' dir='ltr'>vt</span> <span class='ocrx_word' id='word_1_172' title='bbox 1568 2305 1717 2346; x_wconf 91' lang='lat' dir='ltr'>eum</span> <span class='ocrx_word' id='word_1_173' title='bbox 1765 2286 2027 2346; x_wconf 89' lang='lat' dir='ltr'>domum</span> <span class='ocrx_word' id='word_1_174' title='bbox 2070 2288 2402 2347; x_wconf 88' lang='lat' dir='ltr'>reuocaret.</span> <span class='ocrx_word' id='word_1_175' title='bbox 2491 2282 2652 2344; x_wconf 84' lang='lat' dir='ltr'>Mihi</span> <span class='ocrx_word' id='word_1_176' title='bbox 2700 2282 2829 2344; x_wconf 87' lang='lat' dir='ltr'>iam</span> <span class='ocrx_word' id='word_1_177' title='bbox 2877 2283 3021 2343; x_wconf 88' lang='lat' dir='ltr'>tum</span> 
     </span>
     <span class='ocr_line' id='line_1_21' title="bbox 606 2380 3025 2462; baseline -0.001 -20"><span class='ocrx_word' id='word_1_178' title='bbox 606 2384 1038 2443; x_wconf 89' lang='lat' dir='ltr'>commentum</span> <span class='ocrx_word' id='word_1_179' title='bbox 1081 2382 1327 2444; x_wconf 89' lang='lat' dir='ltr'>obolere</span> <span class='ocrx_word' id='word_1_180' title='bbox 1368 2385 1585 2462; x_wconf 87' lang='lat' dir='ltr'>coepit.</span> <span class='ocrx_word' id='word_1_181' title='bbox 1668 2383 2017 2462; x_wconf 87' lang='lat' dir='ltr'>Vtriusque</span> <span class='ocrx_word' id='word_1_182' title='bbox 2057 2384 2308 2446; x_wconf 84' lang='lat' dir='ltr'>vultum</span> <span class='ocrx_word' id='word_1_183' title='bbox 2350 2385 2416 2444; x_wconf 93' lang='lat' dir='ltr'>et</span> <span class='ocrx_word' id='word_1_184' title='bbox 2454 2385 2671 2461; x_wconf 89' lang='lat' dir='ltr'>gestus</span> <span class='ocrx_word' id='word_1_185' title='bbox 2709 2380 3025 2441; x_wconf 88' lang='lat' dir='ltr'>curiosius</span> 
     </span>
     <span class='ocr_line' id='line_1_22' title="bbox 609 2478 3016 2561; baseline -0.001 -21"><span class='ocrx_word' id='word_1_186' title='bbox 609 2479 888 2541; x_wconf 89' lang='lat' dir='ltr'>obseruo.</span> <span class='ocrx_word' id='word_1_187' title='bbox 991 2479 1072 2541; x_wconf 91' lang='lat' dir='ltr'>In</span> <span class='ocrx_word' id='word_1_188' title='bbox 1118 2480 1384 2543; x_wconf 90' lang='lat' dir='ltr'>locatore</span> <span class='ocrx_word' id='word_1_189' title='bbox 1433 2480 1603 2542; x_wconf 89' lang='lat' dir='ltr'>illico</span> <span class='ocrx_word' id='word_1_190' title='bbox 1645 2482 2139 2544; x_wconf 83' lang='lat' dir='ltr'>inconstantiam</span> <span class='ocrx_word' id='word_1_191' title='bbox 2193 2480 2508 2561; x_wconf 88' lang='lat' dir='ltr'>quandam</span> <span class='ocrx_word' id='word_1_192' title='bbox 2564 2478 3016 2550; x_wconf 87' lang='lat' dir='ltr'>animaduerto,</span> 
     </span>
     <span class='ocr_line' id='line_1_23' title="bbox 607 2577 3022 2658; baseline -0.001 -20"><span class='ocrx_word' id='word_1_193' title='bbox 607 2579 674 2638; x_wconf 90' lang='lat' dir='ltr'>in</span> <span class='ocrx_word' id='word_1_194' title='bbox 713 2579 940 2639; x_wconf 89' lang='lat' dir='ltr'>iuuene</span> <span class='ocrx_word' id='word_1_195' title='bbox 976 2583 1296 2656; x_wconf 86' lang='lat' dir='ltr'>stuporem</span> <span class='ocrx_word' id='word_1_196' title='bbox 1325 2580 1434 2658; x_wconf 89' lang='lat' dir='ltr'>qui</span> <span class='ocrx_word' id='word_1_197' title='bbox 1466 2600 1502 2640; x_wconf 90' lang='lat' dir='ltr'>e</span> <span class='ocrx_word' id='word_1_198' title='bbox 1534 2579 1787 2658; x_wconf 88' lang='lat' dir='ltr'>regione</span> <span class='ocrx_word' id='word_1_199' title='bbox 1827 2580 2266 2657; x_wconf 83' lang='lat' dir='ltr'>accumbebat3</span> <span class='ocrx_word' id='word_1_200' title='bbox 2327 2598 2401 2640; x_wconf 90' lang='lat' dir='ltr'>ac</span> <span class='ocrx_word' id='word_1_201' title='bbox 2435 2597 2684 2641; x_wconf 87' lang='lat' dir='ltr'>mecum</span> <span class='ocrx_word' id='word_1_202' title='bbox 2725 2577 3022 2656; x_wconf 87' lang='lat' dir='ltr'>protinus</span> 
     </span>
     <span class='ocr_line' id='line_1_24' title="bbox 609 2672 3022 2757; baseline -0.002 -18"><span class='ocrx_word' id='word_1_203' title='bbox 609 2676 1085 2740; x_wconf 85' lang='lat' dir='ltr'>Ciceronianum</span> <span class='ocrx_word' id='word_1_204' title='bbox 1126 2677 1303 2755; x_wconf 89' lang='lat' dir='ltr'>illud,</span> <span class='ocrx_word' id='word_1_205' title='bbox 1345 2678 1488 2740; x_wconf 83' lang='lat' dir='ltr'>Nisi</span> <span class='ocrx_word' id='word_1_206' title='bbox 1530 2678 1815 2756; x_wconf 87' lang='lat' dir='ltr'>fingeres,</span> <span class='ocrx_word' id='word_1_207' title='bbox 1857 2698 1988 2741; x_wconf 90' lang='lat' dir='ltr'>non</span> <span class='ocrx_word' id='word_1_208' title='bbox 2030 2679 2120 2741; x_wconf 90' lang='lat' dir='ltr'>sic</span> <span class='ocrx_word' id='word_1_209' title='bbox 2158 2698 2387 2757; x_wconf 86' lang='lat' dir='ltr'>ageres.</span> <span class='ocrx_word' id='word_1_210' title='bbox 2472 2676 2614 2739; x_wconf 90' lang='lat' dir='ltr'>Iam</span> <span class='ocrx_word' id='word_1_211' title='bbox 2656 2675 2819 2737; x_wconf 87' lang='lat' dir='ltr'>mihi</span> <span class='ocrx_word' id='word_1_212' title='bbox 2855 2672 3022 2736; x_wconf 89' lang='lat' dir='ltr'>nihil</span> 
     </span>
    </p>

    <p class='ocr_par' dir='ltr' id='par_1_7' title="bbox 516 2772 3022 3249">
     <span class='ocr_line' id='line_1_25' title="bbox 516 2772 3022 2855; baseline -0.001 -17"><span class='ocrx_word' id='word_1_213' title='bbox 516 2787 580 2838; x_wconf 85' lang='grc'>45</span> <span class='ocrx_word' id='word_1_214' title='bbox 607 2776 920 2853; x_wconf 89' lang='lat' dir='ltr'>agendum</span> <span class='ocrx_word' id='word_1_215' title='bbox 961 2775 1275 2855; x_wconf 82' lang='lat' dir='ltr'>putabam,</span> <span class='ocrx_word' id='word_1_216' title='bbox 1318 2776 1444 2839; x_wconf 89' lang='lat' dir='ltr'>nisi</span> <span class='ocrx_word' id='word_1_217' title='bbox 1482 2781 1555 2839; x_wconf 81' lang='lat' dir='ltr'>vt</span> <span class='ocrx_word' id='word_1_218' title='bbox 1594 2778 1675 2839; x_wconf 90' lang='lat' dir='ltr'>ab</span> <span class='ocrx_word' id='word_1_219' title='bbox 1716 2778 1974 2839; x_wconf 87' lang='lat' dir='ltr'>homine</span> <span class='ocrx_word' id='word_1_220' title='bbox 2013 2777 2386 2851; x_wconf 76' lang='lat' dir='ltr'>absolueret,</span> <span class='ocrx_word' id='word_1_221' title='bbox 2431 2778 2661 2855; x_wconf 87' lang='lat' dir='ltr'>quippe</span> <span class='ocrx_word' id='word_1_222' title='bbox 2700 2775 2812 2855; x_wconf 92' lang='lat' dir='ltr'>qui</span> <span class='ocrx_word' id='word_1_223' title='bbox 2856 2772 3022 2835; x_wconf 87' lang='lat' dir='ltr'>nihil</span> 
     </span>
     <span class='ocr_line' id='line_1_26' title="bbox 606 2873 3022 2955; baseline -0.001 -20"><span class='ocrx_word' id='word_1_224' title='bbox 606 2893 871 2955; x_wconf 81' lang='lat' dir='ltr'>vsquam</span> <span class='ocrx_word' id='word_1_225' title='bbox 897 2874 1177 2937; x_wconf 84' lang='lat' dir='ltr'>viderem</span> <span class='ocrx_word' id='word_1_226' title='bbox 1205 2876 1372 2954; x_wconf 89' lang='lat' dir='ltr'>quod</span> <span class='ocrx_word' id='word_1_227' title='bbox 1409 2894 1538 2937; x_wconf 89' lang='lat' dir='ltr'>non</span> <span class='ocrx_word' id='word_1_228' title='bbox 1574 2873 1977 2937; x_wconf 87' lang='lat' dir='ltr'>latrocinium</span> <span class='ocrx_word' id='word_1_229' title='bbox 2019 2877 2277 2954; x_wconf 89' lang='lat' dir='ltr'>saperet.</span> <span class='ocrx_word' id='word_1_230' title='bbox 2363 2875 2702 2953; x_wconf 87' lang='lat' dir='ltr'>Augebant</span> <span class='ocrx_word' id='word_1_231' title='bbox 2733 2875 3022 2934; x_wconf 87' lang='lat' dir='ltr'>anteacta</span> 
     </span>
     <span class='ocr_line' id='line_1_27' title="bbox 606 2969 3022 3054; baseline -0.001 -21"><span class='ocrx_word' id='word_1_232' title='bbox 606 2973 1041 3051; x_wconf 88' lang='lat' dir='ltr'>suspicionem,</span> <span class='ocrx_word' id='word_1_233' title='bbox 1075 2973 1241 3051; x_wconf 89' lang='lat' dir='ltr'>quod</span> <span class='ocrx_word' id='word_1_234' title='bbox 1269 2994 1466 3054; x_wconf 89' lang='lat' dir='ltr'>quum</span> <span class='ocrx_word' id='word_1_235' title='bbox 1492 2973 1831 3035; x_wconf 88' lang='lat' dir='ltr'>Ambianis</span> <span class='ocrx_word' id='word_1_236' title='bbox 1869 2974 1945 3035; x_wconf 90' lang='lat' dir='ltr'>de</span> <span class='ocrx_word' id='word_1_237' title='bbox 1979 2973 2263 3035; x_wconf 90' lang='lat' dir='ltr'>mercede</span> <span class='ocrx_word' id='word_1_238' title='bbox 2291 2973 2706 3046; x_wconf 87' lang='lat' dir='ltr'>conuenisset,</span> <span class='ocrx_word' id='word_1_239' title='bbox 2733 2969 2846 3032; x_wconf 92' lang='lat' dir='ltr'>ille</span> <span class='ocrx_word' id='word_1_240' title='bbox 2872 2970 3022 3032; x_wconf 88' lang='lat' dir='ltr'>data</span> 
     </span>
     <span class='ocr_line' id='line_1_28' title="bbox 606 3068 3021 3151; baseline -0 -21"><span class='ocrx_word' id='word_1_241' title='bbox 606 3089 792 3149; x_wconf 89' lang='lat' dir='ltr'>opera</span> <span class='ocrx_word' id='word_1_242' title='bbox 857 3090 962 3132; x_wconf 88' lang='lat' dir='ltr'>me</span> <span class='ocrx_word' id='word_1_243' title='bbox 1031 3070 1276 3150; x_wconf 82' lang='lat' dir='ltr'>rogauit</span> <span class='ocrx_word' id='word_1_244' title='bbox 1335 3090 1643 3151; x_wconf 85' lang='lat' dir='ltr'>quasnam</span> <span class='ocrx_word' id='word_1_245' title='bbox 1700 3075 1865 3133; x_wconf 88' lang='lat' dir='ltr'>esset</span> <span class='ocrx_word' id='word_1_246' title='bbox 1934 3072 2232 3151; x_wconf 88' lang='lat' dir='ltr'>pecunias</span> <span class='ocrx_word' id='word_1_247' title='bbox 2298 3073 2681 3149; x_wconf 86' lang='lat' dir='ltr'>accepturus.</span> <span class='ocrx_word' id='word_1_248' title='bbox 2792 3068 3021 3131; x_wconf 86' lang='lat' dir='ltr'>Subito</span> 
     </span>
     <span class='ocr_line' id='line_1_29' title="bbox 605 3166 3022 3249; baseline -0.001 -19"><span class='ocrx_word' id='word_1_249' title='bbox 605 3168 880 3243; x_wconf 85' lang='lat' dir='ltr'>aderant,</span> <span class='ocrx_word' id='word_1_250' title='bbox 941 3188 1055 3231; x_wconf 90' lang='lat' dir='ltr'>nec</span> <span class='ocrx_word' id='word_1_251' title='bbox 1121 3169 1253 3231; x_wconf 88' lang='lat' dir='ltr'>scio</span> <span class='ocrx_word' id='word_1_252' title='bbox 1307 3170 1476 3231; x_wconf 82' lang='lat' dir='ltr'>vnde</span> <span class='ocrx_word' id='word_1_253' title='bbox 1541 3173 1944 3247; x_wconf 86' lang='lat' dir='ltr'>emerserant,</span> <span class='ocrx_word' id='word_1_254' title='bbox 2010 3169 2122 3249; x_wconf 89' lang='lat' dir='ltr'>qui</span> <span class='ocrx_word' id='word_1_255' title='bbox 2175 3168 2576 3231; x_wconf 89' lang='lat' dir='ltr'>sermonibus</span> <span class='ocrx_word' id='word_1_256' title='bbox 2627 3166 3022 3229; x_wconf 87' lang='lat' dir='ltr'>adiuuabant</span> 
     </span>
    </p>

    <p class='ocr_par' dir='ltr' id='par_1_8' title="bbox 519 3264 3025 3741">
     <span class='ocr_line' id='line_1_30' title="bbox 519 3264 3017 3347; baseline -0.002 -16"><span class='ocrx_word' id='word_1_257' title='bbox 519 3281 583 3331; x_wconf 83' lang='lat'>50</span> <span class='ocrx_word' id='word_1_258' title='bbox 606 3264 904 3326; x_wconf 87' lang='lat' dir='ltr'>fabulam.</span> <span class='ocrx_word' id='word_1_259' title='bbox 992 3266 1154 3327; x_wconf 82' lang='lat' dir='ltr'>Mihi</span> <span class='ocrx_word' id='word_1_260' title='bbox 1193 3267 1537 3329; x_wconf 90' lang='lat' dir='ltr'>laudabant</span> <span class='ocrx_word' id='word_1_261' title='bbox 1574 3267 1929 3342; x_wconf 87' lang='lat' dir='ltr'>locatorem,</span> <span class='ocrx_word' id='word_1_262' title='bbox 1966 3266 2449 3347; x_wconf 88' lang='lat' dir='ltr'>gratulabantur</span> <span class='ocrx_word' id='word_1_263' title='bbox 2487 3266 2566 3328; x_wconf 91' lang='lat' dir='ltr'>de</span> <span class='ocrx_word' id='word_1_264' title='bbox 2607 3264 2725 3326; x_wconf 88' lang='lat' dir='ltr'>tali</span> <span class='ocrx_word' id='word_1_265' title='bbox 2763 3265 3017 3339; x_wconf 85' lang='lat' dir='ltr'>comite,</span> 
     </span>
     <span class='ocr_line' id='line_1_31' title="bbox 608 3364 3022 3446; baseline 0.001 -23"><span class='ocrx_word' id='word_1_266' title='bbox 608 3382 711 3424; x_wconf 91' lang='lat' dir='ltr'>me</span> <span class='ocrx_word' id='word_1_267' title='bbox 742 3364 1022 3425; x_wconf 80' lang='lat' dir='ltr'>vicissim</span> <span class='ocrx_word' id='word_1_268' title='bbox 1062 3364 1322 3427; x_wconf 90' lang='lat' dir='ltr'>locatori</span> <span class='ocrx_word' id='word_1_269' title='bbox 1363 3367 1906 3430; x_wconf 87' lang='lat' dir='ltr'>commendabant.</span> <span class='ocrx_word' id='word_1_270' title='bbox 1994 3366 2277 3446; x_wconf 88' lang='lat' dir='ltr'>Rogabat</span> <span class='ocrx_word' id='word_1_271' title='bbox 2316 3365 2512 3428; x_wconf 81' lang='lat' dir='ltr'>semel</span> <span class='ocrx_word' id='word_1_272' title='bbox 2552 3367 2741 3443; x_wconf 88' lang='lat' dir='ltr'>atque</span> <span class='ocrx_word' id='word_1_273' title='bbox 2780 3365 3022 3426; x_wconf 87' lang='lat' dir='ltr'>iterum</span> 
     </span>
     <span class='ocr_line' id='line_1_32' title="bbox 605 3458 3022 3543; baseline 0 -22"><span class='ocrx_word' id='word_1_274' title='bbox 605 3458 845 3523; x_wconf 90' lang='lat' dir='ltr'>locator</span> <span class='ocrx_word' id='word_1_275' title='bbox 877 3481 1138 3540; x_wconf 86' lang='lat' dir='ltr'>ecquem</span> <span class='ocrx_word' id='word_1_276' title='bbox 1174 3462 1472 3526; x_wconf 88' lang='lat' dir='ltr'>haberem</span> <span class='ocrx_word' id='word_1_277' title='bbox 1508 3464 1920 3543; x_wconf 88' lang='lat' dir='ltr'>postulatum,</span> <span class='ocrx_word' id='word_1_278' title='bbox 1953 3463 2019 3526; x_wconf 89' lang='lat' dir='ltr'>id</span> <span class='ocrx_word' id='word_1_279' title='bbox 2052 3467 2151 3527; x_wconf 91' lang='lat' dir='ltr'>est</span> <span class='ocrx_word' id='word_1_280' title='bbox 2182 3465 2500 3526; x_wconf 88' lang='lat' dir='ltr'>nomisma</span> <span class='ocrx_word' id='word_1_281' title='bbox 2536 3462 2754 3523; x_wconf 88' lang='lat' dir='ltr'>rarius.</span> <span class='ocrx_word' id='word_1_282' title='bbox 2842 3461 3022 3541; x_wconf 82' lang='lat' dir='ltr'>Nego</span> 
     </span>
     <span class='ocr_line' id='line_1_33' title="bbox 605 3559 3025 3642; baseline 0.001 -21"><span class='ocrx_word' id='word_1_283' title='bbox 605 3559 764 3621; x_wconf 89' lang='lat' dir='ltr'>mihi</span> <span class='ocrx_word' id='word_1_284' title='bbox 804 3579 954 3623; x_wconf 87' lang='lat' dir='ltr'>esse.</span> <span class='ocrx_word' id='word_1_285' title='bbox 1039 3562 1416 3642; x_wconf 86' lang='lat' dir='ltr'>Deprompsi</span> <span class='ocrx_word' id='word_1_286' title='bbox 1455 3566 1775 3626; x_wconf 73' lang='lat' dir='ltr'>scutetum</span> <span class='ocrx_word' id='word_1_287' title='bbox 1813 3583 2015 3625; x_wconf 81' lang='lat' dir='ltr'>vnum</span> <span class='ocrx_word' id='word_1_288' title='bbox 2053 3566 2243 3642; x_wconf 91' lang='lat' dir='ltr'>atque</span> <span class='ocrx_word' id='word_1_289' title='bbox 2282 3562 2574 3638; x_wconf 87' lang='lat' dir='ltr'>alterum,</span> <span class='ocrx_word' id='word_1_290' title='bbox 2612 3560 2725 3639; x_wconf 92' lang='lat' dir='ltr'>qui</span> <span class='ocrx_word' id='word_1_291' title='bbox 2762 3560 3025 3623; x_wconf 79' lang='lat' dir='ltr'>tametsi</span> 
     </span>
     <span class='ocr_line' id='line_1_34' title="bbox 604 3657 3025 3741; baseline -0 -20"><span class='ocrx_word' id='word_1_292' title='bbox 604 3658 760 3721; x_wconf 87' lang='lat' dir='ltr'>satis</span> <span class='ocrx_word' id='word_1_293' title='bbox 812 3659 1243 3738; x_wconf 89' lang='lat' dir='ltr'>probarentur,</span> <span class='ocrx_word' id='word_1_294' title='bbox 1301 3665 1517 3724; x_wconf 90' lang='lat' dir='ltr'>tamen</span> <span class='ocrx_word' id='word_1_295' title='bbox 1577 3662 1875 3724; x_wconf 88' lang='lat' dir='ltr'>blandius</span> <span class='ocrx_word' id='word_1_296' title='bbox 1928 3660 2308 3741; x_wconf 86' lang='lat' dir='ltr'>efflagitabat</span> <span class='ocrx_word' id='word_1_297' title='bbox 2360 3665 2434 3722; x_wconf 81' lang='lat' dir='ltr'>vt</span> <span class='ocrx_word' id='word_1_298' title='bbox 2486 3680 2522 3720; x_wconf 91' lang='lat' dir='ltr'>e</span> <span class='ocrx_word' id='word_1_299' title='bbox 2577 3657 2801 3721; x_wconf 86' lang='lat' dir='ltr'>multis</span> <span class='ocrx_word' id='word_1_300' title='bbox 2861 3678 3025 3739; x_wconf 86' lang='lat' dir='ltr'>quos</span> 
     </span>
    </p>

    <p class='ocr_par' dir='ltr' id='par_1_9' title="bbox 516 3756 3024 4115">
     <span class='ocr_line' id='line_1_35' title="bbox 516 3756 3024 3840; baseline 0.002 -25"><span class='ocrx_word' id='word_1_301' title='bbox 516 3765 578 3816; x_wconf 78' lang='grc'>55</span> <span class='ocrx_word' id='word_1_302' title='bbox 605 3756 832 3818; x_wconf 85' lang='lat' dir='ltr'>habere</span> <span class='ocrx_word' id='word_1_303' title='bbox 872 3775 976 3817; x_wconf 88' lang='lat' dir='ltr'>me</span> <span class='ocrx_word' id='word_1_304' title='bbox 1016 3758 1294 3836; x_wconf 89' lang='lat' dir='ltr'>putabat,</span> <span class='ocrx_word' id='word_1_305' title='bbox 1339 3778 1544 3822; x_wconf 79' lang='lat' dir='ltr'>vnum</span> <span class='ocrx_word' id='word_1_306' title='bbox 1584 3761 1860 3840; x_wconf 87' lang='lat' dir='ltr'>aliquem</span> <span class='ocrx_word' id='word_1_307' title='bbox 1900 3759 2322 3821; x_wconf 88' lang='lat' dir='ltr'>bellissimum</span> <span class='ocrx_word' id='word_1_308' title='bbox 2363 3759 2594 3819; x_wconf 86' lang='lat' dir='ltr'>darem.</span> <span class='ocrx_word' id='word_1_309' title='bbox 2682 3757 2802 3819; x_wconf 76' lang='lat' dir='ltr'>Est</span> <span class='ocrx_word' id='word_1_310' title='bbox 2842 3756 3024 3821; x_wconf 84' lang='lat' dir='ltr'>enim</span> 
     </span>
     <span class='ocr_line' id='line_1_36' title="bbox 604 3854 3023 3937; baseline 0 -21"><span class='ocrx_word' id='word_1_311' title='bbox 604 3854 724 3916; x_wconf 91' lang='lat' dir='ltr'>hoc</span> <span class='ocrx_word' id='word_1_312' title='bbox 770 3854 962 3917; x_wconf 90' lang='lat' dir='ltr'>huius</span> <span class='ocrx_word' id='word_1_313' title='bbox 1009 3855 1521 3919; x_wconf 86' lang='lat' dir='ltr'>sceleratissimae</span> <span class='ocrx_word' id='word_1_314' title='bbox 1566 3859 1723 3919; x_wconf 89' lang='lat' dir='ltr'>artis</span> <span class='ocrx_word' id='word_1_315' title='bbox 1770 3863 1974 3936; x_wconf 87' lang='lat' dir='ltr'>caput,</span> <span class='ocrx_word' id='word_1_316' title='bbox 2017 3858 2343 3937; x_wconf 83' lang='lat' dir='ltr'>explorare</span> <span class='ocrx_word' id='word_1_317' title='bbox 2389 3858 2700 3935; x_wconf 85' lang='lat' dir='ltr'>quantum</span> <span class='ocrx_word' id='word_1_318' title='bbox 2750 3854 3023 3935; x_wconf 87' lang='lat' dir='ltr'>quisque</span> 
     </span>
     <span class='ocr_line' id='line_1_37' title="bbox 604 3952 3020 4036; baseline 0.002 -23"><span class='ocrx_word' id='word_1_319' title='bbox 604 3952 811 4013; x_wconf 82' lang='lat' dir='ltr'>viator</span> <span class='ocrx_word' id='word_1_320' title='bbox 837 3971 1049 4013; x_wconf 90' lang='lat' dir='ltr'>secum</span> <span class='ocrx_word' id='word_1_321' title='bbox 1076 3957 1300 4032; x_wconf 90' lang='lat' dir='ltr'>portet.</span> <span class='ocrx_word' id='word_1_322' title='bbox 1386 3956 1810 4018; x_wconf 87' lang='lat' dir='ltr'>Ostendebam</span> <span class='ocrx_word' id='word_1_323' title='bbox 1838 3976 1995 4036; x_wconf 90' lang='lat' dir='ltr'>quos</span> <span class='ocrx_word' id='word_1_324' title='bbox 2029 3960 2170 4018; x_wconf 92' lang='lat' dir='ltr'>tum</span> <span class='ocrx_word' id='word_1_325' title='bbox 2206 3956 2538 4032; x_wconf 85' lang='lat' dir='ltr'>habebam,</span> <span class='ocrx_word' id='word_1_326' title='bbox 2569 3975 2605 4015; x_wconf 90' lang='lat' dir='ltr'>e</span> <span class='ocrx_word' id='word_1_327' title='bbox 2641 3952 2872 4034; x_wconf 88' lang='lat' dir='ltr'>quibus</span> <span class='ocrx_word' id='word_1_328' title='bbox 2907 3952 3020 4017; x_wconf 78' lang='lat' dir='ltr'>ine</span> 
     </span>
     <span class='ocr_line' id='line_1_38' title="bbox 604 4049 1484 4115; baseline 0.003 -3"><span class='ocrx_word' id='word_1_329' title='bbox 604 4049 1028 4113; x_wconf 88' lang='lat' dir='ltr'>bellissimum</span> <span class='ocrx_word' id='word_1_330' title='bbox 1054 4052 1175 4114; x_wconf 90' lang='lat' dir='ltr'>sibi</span> <span class='ocrx_word' id='word_1_331' title='bbox 1204 4053 1484 4115; x_wconf 85' lang='lat' dir='ltr'>retinuit.</span> 
     </span>
    </p>

    <p class='ocr_par' dir='ltr' id='par_1_10' title="bbox 689 4148 3021 4233">
     <span class='ocr_line' id='line_1_39' title="bbox 689 4148 3021 4233; baseline 0.001 -24"><span class='ocrx_word' id='word_1_332' title='bbox 689 4148 1087 4211; x_wconf 89' lang='lat' dir='ltr'>Accedebant</span> <span class='ocrx_word' id='word_1_333' title='bbox 1114 4151 1193 4211; x_wconf 89' lang='lat' dir='ltr'>ad</span> <span class='ocrx_word' id='word_1_334' title='bbox 1220 4150 1511 4212; x_wconf 86' lang='lat' dir='ltr'>maleficii</span> <span class='ocrx_word' id='word_1_335' title='bbox 1549 4150 1974 4215; x_wconf 88' lang='lat' dir='ltr'>coniecturam</span> <span class='ocrx_word' id='word_1_336' title='bbox 2002 4152 2309 4233; x_wconf 82' lang='lat' dir='ltr'>quaedam</span> <span class='ocrx_word' id='word_1_337' title='bbox 2346 4174 2383 4214; x_wconf 88' lang='lat' dir='ltr'>a</span> <span class='ocrx_word' id='word_1_338' title='bbox 2420 4151 2651 4215; x_wconf 88' lang='lat' dir='ltr'>iuuene</span> <span class='ocrx_word' id='word_1_339' title='bbox 2688 4152 2759 4212; x_wconf 90' lang='lat' dir='ltr'>in</span> <span class='ocrx_word' id='word_1_340' title='bbox 2793 4150 3021 4213; x_wconf 85' lang='lat' dir='ltr'>itinere</span> 
     </span>
    </p>
   </div>
   <div class='ocr_carea' id='block_1_3' title="bbox 609 4296 3026 4597">
    <p class='ocr_par' dir='ltr' id='par_1_11' title="bbox 609 4296 3026 4597">
     <span class='ocr_line' id='line_1_40' title="bbox 674 4296 3023 4364; baseline 0.001 -18"><span class='ocrx_word' id='word_1_341' title='bbox 674 4310 756 4359; x_wconf 79' lang='lat'>23.</span> <span class='ocrx_word' id='word_1_342' title='bbox 793 4296 910 4347; x_wconf 87' lang='lat' dir='ltr'>illic</span> <span class='ocrx_word' id='word_1_343' title='bbox 932 4302 1005 4349; x_wconf 72' lang='lat' dir='ltr'>F:</span> <span class='ocrx_word' id='word_1_344' title='bbox 1039 4298 1126 4348; x_wconf 84' lang='lat' dir='ltr'>ini</span> <span class='ocrx_word' id='word_1_345' title='bbox 1148 4303 1210 4348; x_wconf 79' lang='grc' dir='ltr'>Ε.</span> <span class='ocrx_word' id='word_1_346' title='bbox 1430 4314 1510 4363; x_wconf 78' lang='lat'>25.</span> <span class='ocrx_word' id='word_1_347' title='bbox 1545 4300 1849 4351; x_wconf 87' lang='lat' dir='ltr'>etiamnum</span> <span class='ocrx_word' id='word_1_348' title='bbox 1871 4306 1937 4351; x_wconf 87' lang='lat' dir='ltr'>H.</span> <span class='ocrx_word' id='word_1_349' title='bbox 2154 4302 2239 4364; x_wconf 83' lang='grc'>38.</span> <span class='ocrx_word' id='word_1_350' title='bbox 2277 4315 2336 4350; x_wconf 86' lang='lat' dir='ltr'>se</span> <span class='ocrx_word' id='word_1_351' title='bbox 2357 4315 2449 4351; x_wconf 78' lang='lat' dir='ltr'>om.</span> <span class='ocrx_word' id='word_1_352' title='bbox 2472 4302 2534 4350; x_wconf 79' lang='lat' dir='ltr'>N.</span> <span class='ocrx_word' id='word_1_353' title='bbox 2775 4313 2857 4362; x_wconf 80' lang='grc' dir='ltr'>4ο.</span> <span class='ocrx_word' id='word_1_354' title='bbox 2895 4302 3023 4348; x_wconf 85' lang='lat' dir='ltr'>tum</span> 
     </span>
     <span class='ocr_line' id='line_1_41' title="bbox 609 4365 1902 4430; baseline 0.004 -18"><span class='ocrx_word' id='word_1_355' title='bbox 609 4367 685 4412; x_wconf 78' lang='lat' dir='ltr'>E:</span> <span class='ocrx_word' id='word_1_356' title='bbox 722 4367 856 4413; x_wconf 90' lang='lat' dir='ltr'>tunc</span> <span class='ocrx_word' id='word_1_357' title='bbox 878 4365 943 4413; x_wconf 82' lang='lat' dir='ltr'>N.</span> <span class='ocrx_word' id='word_1_358' title='bbox 1151 4365 1234 4425; x_wconf 81' lang='lat'>48.</span> <span class='ocrx_word' id='word_1_359' title='bbox 1270 4368 1481 4429; x_wconf 87' lang='lat' dir='ltr'>rogauit</span> <span class='ocrx_word' id='word_1_360' title='bbox 1501 4369 1555 4415; x_wconf 81' lang='grc' dir='ltr'><strong>Η</strong></span> <span class='ocrx_word' id='word_1_361' title='bbox 1572 4383 1587 4417; x_wconf 71' lang='grc' dir='ltr'><strong>ε</strong></span> <span class='ocrx_word' id='word_1_362' title='bbox 1620 4368 1823 4430; x_wconf 78' lang='lat' dir='ltr'>mgarit</span> <span class='ocrx_word' id='word_1_363' title='bbox 1843 4369 1902 4417; x_wconf 82' lang='grc' dir='ltr'>Ε.</span> 
     </span>
     <span class='ocr_line' id='line_1_42' title="bbox 674 4531 3026 4597; baseline -0.001 -14"><span class='ocrx_word' id='word_1_364' title='bbox 674 4550 756 4596; x_wconf 80' lang='grc'>44.</span> <span class='ocrx_word' id='word_1_365' title='bbox 795 4531 1236 4596; x_wconf 81' lang='lat' dir='ltr'>ciceronianum]</span> <span class='ocrx_word' id='word_1_366' title='bbox 1263 4535 1400 4582; x_wconf 70' lang='lat' dir='ltr'>Brut.</span> <span class='ocrx_word' id='word_1_367' title='bbox 1422 4533 1503 4583; x_wconf 84' lang='lat'>80.</span> <span class='ocrx_word' id='word_1_368' title='bbox 1530 4534 1644 4594; x_wconf 79' lang='lat'>278.</span> <span class='ocrx_word' id='word_1_369' title='bbox 1924 4546 2004 4595; x_wconf 78' lang='grc'>59.</span> <span class='ocrx_word' id='word_1_370' title='bbox 2042 4532 2414 4597; x_wconf 78' lang='lat' dir='ltr'>Accedebant]</span> <span class='ocrx_word' id='word_1_371' title='bbox 2442 4532 2588 4581; x_wconf 76' lang='lat' dir='ltr'>Here</span> <span class='ocrx_word' id='word_1_372' title='bbox 2608 4531 2708 4581; x_wconf 85' lang='lat' dir='ltr'>the</span> <span class='ocrx_word' id='word_1_373' title='bbox 2739 4531 3026 4581; x_wconf 75' lang='lat' dir='ltr'>narrative</span> 
     </span>
    </p>
   </div>
   <div class='ocr_carea' id='block_1_4' title="bbox 608 4597 3021 4728">
    <p class='ocr_par' dir='ltr' id='par_1_12' title="bbox 608 4597 3021 4728">
     <span class='ocr_line' id='line_1_43' title="bbox 673 4597 3021 4664; baseline -0.001 -15"><span class='ocrx_word' id='word_1_374' title='bbox 673 4614 754 4661; x_wconf 73' lang='lat'>52.</span> <span class='ocrx_word' id='word_1_375' title='bbox 792 4597 1152 4664; x_wconf 69' lang='lat' dir='ltr'>poematum]</span> <span class='ocrx_word' id='word_1_376' title='bbox 1196 4600 1246 4648; x_wconf 77' lang='lat' dir='ltr'>A</span> <span class='ocrx_word' id='word_1_377' title='bbox 1284 4599 1584 4662; x_wconf 81' lang='lat' dir='ltr'>particular</span> <span class='ocrx_word' id='word_1_378' title='bbox 1620 4598 1760 4648; x_wconf 81' lang='lat' dir='ltr'>kind</span> <span class='ocrx_word' id='word_1_379' title='bbox 1861 4603 2069 4648; x_wconf 69' lang='lat' dir='ltr'>reverto</span> <span class='ocrx_word' id='word_1_380' title='bbox 2090 4601 2147 4649; x_wconf 88' lang='lat' dir='ltr'>to</span> <span class='ocrx_word' id='word_1_381' title='bbox 2168 4612 2229 4659; x_wconf 83' lang='lat'>31</span> <span class='ocrx_word' id='word_1_382' title='bbox 2249 4599 2404 4658; x_wconf 59' lang='grc' dir='ltr'>ὃπως</span> <span class='ocrx_word' id='word_1_383' title='bbox 2437 4600 2485 4648; x_wconf 83' lang='lat' dir='ltr'>it</span> <span class='ocrx_word' id='word_1_384' title='bbox 2506 4598 2556 4646; x_wconf 86' lang='lat' dir='ltr'>is</span> <span class='ocrx_word' id='word_1_385' title='bbox 2577 4597 2829 4647; x_wconf 76' lang='lat' dir='ltr'>resumed</span> <span class='ocrx_word' id='word_1_386' title='bbox 2851 4597 3021 4660; x_wconf 80' lang='lat' dir='ltr'>again</span> 
     </span>
     <span class='ocr_line' id='line_1_44' title="bbox 608 4663 2119 4728; baseline 0.001 -14"><span class='ocrx_word' id='word_1_387' title='bbox 608 4665 668 4714; x_wconf 79' lang='lat' dir='ltr'>of</span> <span class='ocrx_word' id='word_1_388' title='bbox 684 4666 862 4728; x_wconf 81' lang='lat' dir='ltr'>florin,</span> <span class='ocrx_word' id='word_1_389' title='bbox 886 4667 1065 4716; x_wconf 80' lang='lat' dir='ltr'>worth</span> <span class='ocrx_word' id='word_1_390' title='bbox 1089 4665 1253 4714; x_wconf 85' lang='lat' dir='ltr'>about</span> <span class='ocrx_word' id='word_1_391' title='bbox 1276 4663 1310 4713; x_wconf 90' lang='grc'><strong>8</strong></span> <span class='ocrx_word' id='word_1_392' title='bbox 1332 4665 1525 4715; x_wconf 79' lang='lat' dir='ltr'>francs.</span> <span class='ocrx_word' id='word_1_393' title='bbox 1859 4668 1917 4714; x_wconf 89' lang='lat' dir='ltr'>at</span> <span class='ocrx_word' id='word_1_394' title='bbox 1942 4664 1976 4714; x_wconf 87' lang='lat' dir='ltr'>l.</span> <span class='ocrx_word' id='word_1_395' title='bbox 2010 4678 2119 4727; x_wconf 83' lang='lat'>103.</span> 
     </span>
    </p>
   </div>
   <div class='ocr_carea' id='block_1_5' title="bbox 3350 1466 3352 2169">
    <p class='ocr_par' dir='ltr' id='par_1_13' title="bbox 3350 1466 3352 2169">
     <span class='ocr_line' id='line_1_45' title="bbox 3350 1466 3352 2169; baseline 0 0"><span class='ocrx_word' id='word_1_396' title='bbox 3350 1466 3352 2169; x_wconf 95' lang='lat' dir='ltr'> </span> 
     </span>
    </p>
   </div>
   <div class='ocr_carea' id='block_1_6' title="bbox 3323 0 3355 4743">
    <p class='ocr_par' dir='ltr' id='par_1_14' title="bbox 3323 0 3355 4743">
     <span class='ocr_line' id='line_1_46' title="bbox 3323 0 3355 4743; baseline 0 0"><span class='ocrx_word' id='word_1_397' title='bbox 3323 0 3355 4743; x_wconf 95' lang='lat' dir='ltr'> </span> 
     </span>
    </p>
   </div>
  </div>
 </body>
</html>
