3355 5380
667 412 706 466 c
1371 405 1747 468 LETTERS
1802 407 1908 469 or
1963 405 2361 468 ERASMUS
2873 400 3058 487 [1523

667 565 887 640 agente
915 562 1321 639 prodiderunt
1346 562 1648 635 formuliS,
1685 582 1814 622 non
1842 561 1980 622 sine
2008 562 2210 622 famae
2238 581 2410 622 meae
2438 561 2690 636 iactura,
2724 562 2904 639 plura
2931 582 3068 639 pro·

670 661 861 722 dituri
889 661 956 720 ni
986 660 1298 721 redissem.
1366 661 1527 721 Nam
1555 680 1804 721 carmen
1834 680 2089 737 prorsus
2115 660 2547 737 extemporale,
2571 681 2692 739 quo
2718 661 3068 739 gratulatus

670 778 813 821 sum
856 758 1149 836 Philippo
1194 760 1472 836 primum
1516 780 1593 820 ex
1636 759 1950 836 Hispania
1996 760 2223 834 reduci,
2275 758 2411 835 ipse
2456 759 2668 820 curaui
2713 758 3063 819 aedendum

671 862 816 918 ante
870 877 1085 933 annos,
1143 858 1212 917 ni
1265 858 1461 932 fallor,
1519 857 1750 935 viginti
1803 862 1945 918 tres.
2052 856 2171 917 Sed
2229 858 2432 917 multo
2487 859 2660 934 prius
2714 858 3068 917 aedideram

619 982 647 1032 5
671 976 918 1016 carmen
945 955 1192 1016 heroico
1234 955 1594 1016 hexametro
1629 959 1693 1016 et
1728 954 1996 1016 iambico
2036 956 2319 1016 trimetro
2359 956 2631 1016 mixtum
2668 957 2747 1016 de
2778 955 3069 1016 laudibus

671 1055 833 1133 regis
869 1054 1134 1114 Henrici
1169 1054 1423 1130 septimi
1452 1055 1516 1113 et
1551 1053 1725 1113 illius
1760 1053 2116 1128 liberorum,
2149 1074 2264 1113 nec
2294 1074 2418 1114 non
2452 1054 2648 1131 ipsius
2681 1054 3063 1114 Britanniae.

675 1153 740 1213 Is
782 1155 913 1213 erat
951 1153 1124 1213 labor
1162 1151 1375 1229 tridui,
1420 1155 1485 1212 et
1531 1155 1744 1212 tamen
1791 1152 1981 1226 labor,
2033 1153 2197 1228 quod
2247 1153 2377 1213 iam
2426 1173 2624 1213 annos
2670 1153 2903 1232 aliquot
2950 1171 3066 1212 nec

670 1252 942 1329 legeram
984 1271 1099 1310 nec
1139 1252 1508 1328 scripseram
1548 1250 1753 1310 vllum
1794 1270 2062 1312 carmen.
2166 1251 2245 1311 Id
2296 1253 2526 1328 partim
2567 1253 2767 1328 pudor
2805 1273 2843 1311 a
2884 1251 3067 1311 nobis

671 1350 942 1423 extorsit,
976 1349 1206 1425 partim
1243 1348 1432 1408 dolor.
1515 1348 1911 1408 Pertraxerat
1949 1368 2052 1408 me
2089 1349 2363 1410 Thomas
2401 1350 2629 1423 Morus,
2664 1350 2766 1427 qui
2797 1352 2935 1410 tum
2964 1369 3069 1409 me

588 1470 648 1506 10
673 1447 742 1508 in
781 1448 1029 1524 praedio
1071 1446 1354 1506 Montioii
1388 1447 1677 1523 agentem
1716 1446 2035 1521 inuiserat,
2070 1450 2141 1507 vt
2167 1447 2367 1506 animi
2401 1467 2586 1507 causa
2611 1447 2680 1508 in
2707 1446 3070 1524 proximum

668 1547 881 1607 vicum
907 1544 1373 1622 expatiaremur.
1462 1543 1627 1604 Nam
1650 1544 1782 1605 illic
1812 1544 2240 1605 educabantur
2266 1565 2485 1605 omnes
2513 1545 2698 1606 liberi
2739 1545 2909 1623 regii,
2940 1564 3070 1604 vno

668 1645 940 1705 Arcturo
967 1644 1234 1719 excepto,
1266 1642 1376 1719 qui
1401 1645 1541 1702 tum
1577 1646 1711 1703 erat
1746 1646 1901 1704 natu
1939 1642 2266 1705 maximus.
2352 1644 2476 1704 Vbi
2511 1648 2771 1703 ventum
2799 1646 2961 1703 esset
2998 1644 3068 1703 in

671 1743 896 1815 aulam,
931 1741 1224 1801 conuenit
1265 1743 1398 1801 tota
1440 1760 1683 1818 pompa,
1716 1761 1844 1801 non
1881 1742 2088 1801 solum
2129 1741 2356 1801 domus
2395 1741 2568 1801 illius
2610 1761 2831 1801 verum
2872 1741 3068 1801 etiam

674 1839 1083 1905 Montioiicae.
1168 1838 1389 1899 Stabat
1444 1840 1513 1898 in
1563 1838 1769 1899 medio
1817 1839 2130 1900 Henricus
2172 1860 2371 1901 annos
2411 1843 2599 1900 natus
2646 1859 2896 1914 nouem,
2942 1839 3073 1899 iam

590 1960 647 2012 15
672 1941 813 1997 tum
852 1938 1130 1998 indolem
1170 1938 1485 2015 quandam
1526 1937 1762 2013 regiam
1802 1957 1950 2014 prae
1992 1958 2058 1997 se
2100 1938 2322 2011 ferens,
2359 1939 2478 1998 hoc
2515 1940 2611 1997 est
2652 1938 2853 1998 animi
2894 1938 3074 1997 celsi·

674 2034 960 2095 tudinem
987 2053 1130 2093 cum
1158 2034 1461 2111 singulari
1495 2036 1764 2112 quadam
1800 2035 2195 2096 humanitate
2232 2037 2647 2096 coniunctam.
2729 2038 2793 2096 A
2834 2036 3075 2097 dextris

674 2136 806 2194 erat
833 2134 1197 2210 Margareta,
1229 2132 1519 2192 vndecim
1556 2133 1754 2192 ferme
1790 2153 1991 2193 annos
2029 2137 2191 2207 nata,
2227 2154 2385 2210 quae
2419 2137 2562 2211 post
2597 2134 2812 2211 nupsit
2839 2135 3071 2195 Iacobo

673 2231 1001 2291 Scotorum
1056 2231 1203 2306 regi.
1305 2231 1368 2290 A
1414 2230 1687 2291 sinistris
1744 2230 1942 2290 Maria
1996 2231 2282 2306 lusitans,
2337 2251 2536 2292 annos
2588 2236 2738 2293 nata
2785 2236 3069 2311 quatuor.

675 2329 841 2389 Nam
906 2329 1272 2389 Edmondus
1325 2328 1528 2388 adhuc
1582 2328 1798 2389 infans
1851 2329 1920 2388 in
1976 2330 2147 2389 vlnis
2202 2330 2577 2406 gestabatur.
2658 2331 2871 2390 Morus
2926 2351 3074 2391 cum

590 2451 651 2486 20
673 2428 960 2489 Arnoldo
1028 2427 1227 2487 sodali
1294 2427 1563 2487 salutato
1631 2447 1821 2503 puero
1890 2427 2181 2504 HenricO,
2258 2447 2379 2504 quo
2447 2448 2586 2506 rege
2655 2449 2822 2489 nunc
2888 2429 3076 2489 floret

673 2525 1022 2599 Britannia,
1054 2524 1261 2585 nescio
1289 2524 1436 2603 quid
1466 2525 1840 2602 scriptorum
1872 2525 2116 2586 obtulit.
2202 2527 2349 2603 Ege,
2382 2526 2680 2604 quoniam
2707 2527 3077 2588 huiusmodi

673 2623 838 2683 nihil
895 2624 1313 2701 expectabam,
1371 2623 1534 2683 nihil
1587 2623 1828 2684 habens
1896 2624 2057 2703 quod
2113 2624 2487 2701 exhiberem,
2545 2624 2861 2703 pollicitus
2927 2644 3075 2685 sum

676 2722 884 2799 aliquo
940 2725 1118 2798 pacto
1166 2742 1378 2781 meum
1425 2741 1569 2799 erga
1622 2722 1831 2799 ipsum
1879 2723 2158 2782 studium
2206 2724 2539 2801 aliquando
2594 2724 3070 2785 declaraturum.

678 2819 945 2880 Interim
996 2820 1424 2881 subirascebar
1472 2821 1647 2881 Moro
1696 2822 1861 2898 quod
1906 2841 2033 2881 non
2081 2824 2591 2899 praemonuisset,
2638 2827 2701 2883 et
2749 2843 2822 2882 eo
2871 2822 3079 2899 magis

593 2947 654 2996 25
677 2919 839 2997 quod
870 2939 1024 2995 puer
1051 2919 1335 2996 epistolio
1368 2919 1539 2980 inter
1575 2920 2011 2997 prandendum
2040 2922 2118 2983 ad
2147 2940 2250 2979 me
2283 2921 2475 2981 misso
2512 2940 2726 2980 meum
2758 2921 3080 2981 calamum

676 3020 1051 3095 prouocaret.
1138 3017 1287 3078 Abii
1331 3018 1606 3091 domum,
1658 3037 1729 3077 ac
1778 3017 1879 3077 vel
1928 3018 2147 3078 inuitis
2201 3019 2413 3094 Musis,
2464 3039 2608 3079 cum
2665 3019 2891 3095 quibus
2947 3018 3079 3079 iam

678 3114 939 3192 longum
995 3115 1201 3174 fuerat
1250 3115 1607 3188 diuortium,
1656 3134 1908 3175 carmen
1955 3115 2125 3175 intra
2172 3116 2455 3177 triduum
2511 3117 2769 3177 absolui.
2852 3117 2954 3177 Sic
3010 3121 3080 3178 et

676 3210 848 3270 vltus
875 3229 1017 3270 sum
1045 3210 1325 3270 dolorem
1351 3230 1565 3270 meum
1594 3214 1656 3271 et
1683 3211 1987 3287 pudorem
2017 3211 2186 3272 sarsi.
2275 3214 2575 3273 Aeditum
2604 3217 2696 3274 est
2723 3217 2785 3275 et
2825 3235 3081 3277 carmen

677 3307 1037 3368 rudimenta
1078 3308 1496 3384 complectens
1534 3309 1810 3369 hominis
1858 3310 2214 3372 Christiani.
2304 3311 2380 3370 Id
2437 3312 2739 3390 scriptum
2785 3315 2882 3373 est
2928 3314 3080 3374 stilo

592 3436 655 3484 30
678 3406 1157 3482 simplicissime.
1244 3406 1346 3467 Sic
1393 3406 1564 3466 enim
1607 3408 1794 3467 iussit
1847 3408 2117 3469 Ioannes
2165 3410 2431 3484 Coletus,
2482 3410 2594 3488 qui
2638 3414 2778 3471 tum
2826 3413 3080 3490 magnis

679 3504 1019 3581 impendiis
1060 3524 1297 3564 nouum
1341 3505 1563 3565 ludum
1602 3505 1949 3566 literarium
1990 3507 2364 3582 instituerat,
2413 3510 2480 3568 in
2523 3529 2644 3587 quo
2683 3529 2813 3568 non
2859 3510 3078 3572 minus

677 3603 746 3663 in
788 3603 1016 3680 pietate
1060 3624 1248 3681 quam
1287 3604 1355 3663 in
1396 3604 1673 3665 doctrina
1701 3605 1945 3665 volebat
1986 3606 2234 3666 institui
2274 3607 2648 3685 formarique
2689 3609 3032 3685 puericiam
3062 3632 3078 3684 ;

679 3702 783 3763 vir
849 3703 1021 3763 enim
1092 3703 1393 3780 singulari
1466 3705 1801 3781 prudentia
1869 3706 2184 3782 praeditus
2250 3705 2477 3767 videns
2538 3707 2818 3767 seculum
2885 3727 3077 3768 suum

679 3800 1266 3877 deploratissimum,
1301 3805 1577 3862 teneram
1616 3806 1887 3864 aetatem
1927 3803 2172 3880 delegit,
2202 3806 2273 3864 vt
2310 3824 2547 3865 nouum
2585 3804 2820 3866 Christi
2848 3806 3078 3867 vinum

596 3926 656 3975 35
681 3901 864 3963 nouis
892 3902 1140 3962 vtribus
1168 3903 1601 3964 committeret.

761 3999 1020 4059 Vertere
1048 4019 1368 4077 coeperam
1397 4001 1746 4079 Podagram
1776 4000 2033 4061 Luciani
2063 4002 2349 4078 priorem,
2385 4022 2542 4080 opus
2569 4003 2730 4063 mire
2757 4003 3074 4080 festiuum,

1613 4175 1691 4208 12.
1726 4162 1864 4208 esset
1886 4177 1946 4210 a:
1982 4163 2063 4209 est
2085 4161 2138 4212 fl.

745 4342 793 4386 4.
828 4327 1028 4388 viginti
1078 4327 1213 4391 tres]
1263 4327 1535 4375 Erasmus'
1579 4341 1827 4389 memor-y
1927 4327 2194 4389 Margaret
2225 4342 2295 4375 on
2319 4341 2383 4388 29
2406 4328 2538 4377 Νον.
2569 4329 2708 4391 ¹⁴89·
2786 4328 2941 4391 Mary
2962 4343 3075 4377 was

681 4393 729 4440 is
749 4406 936 4454 wrong
959 4394 1031 4453 by
1053 4392 1173 4440 four
1195 4407 1363 4452 years.
1431 4393 1529 4440 See
1550 4392 1643 4454 Ep.
1681 4406 1789 4453 179.
1927 4393 2061 4440 born
2086 4406 2156 4439 on
2185 4394 2244 4439 18
2269 4393 2401 4442 Mar.
2423 4407 2566 4455 1495,
2584 4395 2694 4442 and
2719 4394 2977 4443 Edmund
3002 4409 3075 4444 on

748 4469 794 4516 5.
874 4458 1115 4516 carmen]
1194 4458 1296 4506 For
1371 4459 1484 4506 this
1561 4458 1823 4514 incident,
1929 4472 1990 4505 21
2020 4458 2144 4506 Feb.
2176 4460 2313 4519 1498.

681 4522 865 4571 which
904 4523 1029 4571 took
1065 4515 1213 4584 place
1259 4525 1316 4571 in
1363 4523 1456 4571 the
1502 4526 1732 4571 autumn
1774 4522 1834 4571 of
1993 4525 2073 4584 36.
2112 4522 2363 4585 Luciani]
2383 4523 2485 4571 For
2505 4524 2599 4572 the
2621 4525 2893 4573 attention
2910 4527 3074 4588 given

687 4602 827 4648 1499,
874 4602 961 4635 see
1002 4589 1097 4651 Ep.
1145 4603 1251 4650 104.
1322 4588 1447 4636 Two
1483 4590 1542 4636 of
1575 4590 1669 4637 the
1704 4604 1827 4651 ages
1928 4590 1985 4636 to
2043 4589 2246 4636 Lucian
2302 4591 2359 4637 at
2420 4590 2516 4637 the
2573 4590 2928 4639 Renaissance
2983 4606 3073 4639 see

681 4654 928 4768 ¹13³&ng
949 4655 1120 4701 below
1137 4669 1227 4769 age
1246 4655 1599 4768 incorrectbe
1616 4669 1647 4701 a
1666 4669 1827 4715 year,
1929 4655 2160 4732 Perster,
2192 4655 2252 4768 ἤδη
2286 4659 2460 4703 Archiv
2490 4657 2537 4715 s.
2562 4659 3071 4718 Liteeramryeschiente,

705 4734 765 4768 or
855 4734 990 4782 enry
1025 4735 1135 4768 was
1205 4735 1304 4769 orn
1337 4735 1408 4768 on
1446 4734 1477 4767 2
1546 4734 1653 4768 une
1683 4735 1822 4783 1491,
1929 4734 2034 4771 xiv.
2063 4735 2192 4783 337-
2228 4734 2272 4782 3.
