3355 5380
313 367 496 454 1501]
1040 374 1146 435 TO
1199 374 1478 437 JAMES
1530 373 2029 436 ANTHONISZ
2575 378 2693 434 359

301 530 513 607 potius
559 529 746 607 atque
786 529 1138 607 vtilitatem,
1184 531 1601 592 communiter
1642 532 1720 592 ad
1764 534 1828 591 te
1874 532 2188 609 hospitem
2232 551 2444 593 meum
2482 532 2699 594 huma·

301 624 638 687 nissimum
679 631 744 688 et
782 628 859 690 ad
900 628 1084 691 illum
1120 634 1456 707 patronum
1491 635 1555 692 et
1592 633 1963 706 studiorum,
1996 629 2062 690 id
2098 633 2194 692 est
2221 630 2383 691 vitae
2414 634 2694 692 autorem
2724 645 2789 696 30

301 745 496 800 meae,
525 727 851 803 pertinere.

383 824 557 884 Bene
585 825 834 901 valebis,
862 827 1254 890 ornatissime
1286 833 1656 908 praeceptor,
1695 831 1758 890 et
1794 827 1964 889 hunc
1999 827 2371 888 clientulum
2406 826 2523 888 tibi
2561 831 2694 889 toto

300 925 550 999 pectore
576 923 1033 986 deditissimum
1059 926 1148 988 ita
1170 931 1245 988 vt
1270 928 1434 989 soles
1458 928 1719 989 amabis.
1802 927 1896 987 De
1922 924 2281 987 tabellionis
2305 924 2496 986 huius
2521 925 2695 987 abitu

301 1021 380 1081 ad
431 1039 664 1082 nonam
714 1023 968 1083 demum
1015 1023 1236 1086 horam¹
1279 1025 1524 1104 vesperi
1575 1046 1718 1087 sum
1765 1025 1965 1086 factus
2018 1024 2256 1100 certior,
2306 1027 2372 1087 et
2424 1024 2533 1085 ille
2576 1025 2695 1086 sub

307 1119 698 1198 gallicinium
735 1121 992 1198 parabat
1024 1122 1171 1198 iter3
1214 1121 1373 1185 mihi
1398 1127 1527 1186 tres
1550 1121 1848 1203 epistolae
1872 1126 1938 1184 et
1964 1142 2102 1183 sera
2128 1125 2309 1184 nocte
2348 1127 2414 1185 et
2440 1123 2695 1202 largiter
2721 1136 2782 1186 35

302 1222 556 1281 coenato
607 1220 978 1297 scribendae,
1039 1225 1103 1282 et
1154 1222 1233 1284 ad
1285 1243 1392 1284 eos
1446 1223 1701 1301 quidem
1744 1223 1823 1283 ad
1899 1239 2054 1300 quos
2106 1241 2189 1281 ne
2233 1222 2694 1284 accuratissime

301 1319 555 1396 quidem
581 1319 735 1380 citra
759 1319 1104 1398 periculum
1140 1320 1327 1382 scribi
1363 1321 1540 1383 solet.
1626 1322 1749 1383 Sed
1786 1321 1948 1382 hanc
1982 1339 2190 1381 meam
2223 1320 2515 1381 fiduciam
2548 1323 2692 1381 tuae

301 1417 501 1496 ipsius
526 1416 904 1479 humanitati
933 1418 1292 1496 imputabis.

380 1516 480 1578 Ex
507 1517 853 1579 Tornehen.
886 1536 1011 1579 1111.
1047 1519 1201 1580 Idus
1226 1519 1440 1581 Iulias.
1531 1516 1754 1601 [Anno
1794 1539 1860 1581 ιι.
1876 1514 2252 1600 ccoc.xc1x.]

939 1710 1084 1771 154.
1172 1708 1269 1773 To
1315 1708 1568 1772 Hmmr
1612 1725 1699 1773 or
1750 1708 2054 1772 Essem.

370 1810 623 1881 Farrago
646 1829 701 1881 p.
730 1812 851 1878 276.
2195 1809 2570 1868 Tournehem.

371 1898 430 1953 F.
456 1915 513 1969 p.
541 1912 677 1969 392:
720 1896 859 1953 HN:
900 1897 1075 1954 Lond.
1102 1896 1180 1953 ix.
1205 1911 1305 1966 27:
1345 1896 1455 1955 LB.
1484 1898 1567 1970 56.
2133 1913 2198 1954 12
2223 1897 2356 1969 Jnly
2383 1896 2616 1971 (¹50¹)-

935 2018 1179 2083 [Plainly
1199 2021 1609 2082 contemporary
1629 2018 1768 2068 with
1786 2019 1889 2082 ΕΡ.
1917 2018 2053 2084 153.]

314 2151 738 2201 AMPLISsmo
775 2151 1114 2201 PRAESVLI
1150 2151 1635 2200 CAMEBACENSI
1667 2151 1985 2199 PATRONO
2016 2152 2137 2201 SVO
2167 2149 2484 2199 ERASMVS
2515 2151 2566 2201 Β.
2601 2154 2667 2201 D.

376 2275 569 2336 Dm
617 2273 776 2335 mihi
823 2274 1172 2336 maximum
1220 2275 1652 2353 optimumque
1705 2273 1937 2335 iratum
1988 2273 2271 2350 habeam,
2327 2273 2382 2334 si
2434 2274 2688 2337 fortuna

293 2373 576 2452 alioquin
637 2370 970 2450 insigniter
1030 2371 1278 2434 infensa
1340 2374 1574 2435 vulnus
1634 2391 1913 2450 vnquam
1975 2371 2188 2432 animo
2249 2391 2390 2434 meo
2454 2371 2687 2434 inflixit

292 2470 590 2546 acerbius,
647 2490 836 2549 quam
905 2471 1067 2548 quod
1133 2471 1418 2549 proximo
1483 2489 1811 2548 congressu
1881 2469 2340 2530 humanissima
2406 2473 2517 2532 tua
2582 2491 2685 2532 me

290 2568 636 2647 paternitas
687 2567 1159 2647 ingratitudinis
1203 2569 1669 2644 subincusauit;
1726 2567 1829 2629 vel
1881 2567 2045 2646 quod
2101 2567 2222 2629 tibi
2275 2569 2389 2629 vni
2440 2568 2686 2648 probari

297 2666 518 2730 malim
544 2686 736 2747 quam
771 2666 1153 2747 reliquorum
1192 2668 1412 2729 multis
1445 2666 1723 2742 milibus,
1756 2664 1856 2727 vel
1887 2665 2051 2744 quod
2090 2665 2159 2727 in
2186 2666 2411 2745 primis
2452 2668 2531 2730 ab
2558 2688 2685 2737 vno
2712 2696 2741 2747 5

291 2768 414 2829 isto
435 2765 594 2827 vitio
613 2785 742 2826 non
764 2764 969 2828 solum
994 2766 1299 2841 instituto,
1325 2766 1432 2828 sed
1452 2765 1706 2843 ingenio
1731 2768 2073 2842 naturaque
2101 2785 2346 2844 semper
2363 2767 2684 2831 abhorrui:

289 2864 582 2942 nihilque
629 2864 698 2924 in
745 2883 955 2926 rerum
1001 2870 1228 2927 natura
1271 2863 1511 2941 tetrius,
1565 2863 1728 2924 nihil
1775 2862 2035 2937 foedius,
2087 2863 2251 2926 nihil
2297 2865 2684 2928 execratione

283 2961 544 3042 publica
580 2961 835 3040 dignius
871 2962 1228 3025 existimaui
1275 2982 1463 3040 quam
1502 2961 1877 3024 beneficium
1915 2964 2252 3039 acceptum,
2290 2984 2417 3025 non
2459 2963 2681 3025 saltem

285 3061 616 3124 voluntate
640 3061 1082 3140 memoriaque,
1115 3062 1462 3139 rependere.
1524 3062 1727 3137 Quam
1753 3059 2041 3139 equidem
2073 3060 2565 3139 obiurgationem
2595 3064 2684 3125 ita

285 3160 428 3233 tuli,
452 3179 583 3221 non
600 3162 673 3221 vt
687 3158 767 3221 ab
794 3159 1051 3221 inimico
1070 3161 1289 3236 laeena,
1312 3161 1420 3221 sed
1442 3162 1512 3222 vt
1531 3179 1568 3220 a
1587 3162 1840 3237 parente
1866 3158 2227 3237 medicoque
2252 3159 2681 3221 amantissimo
2710 3184 2770 3221 10

282 3258 641 3335 castigatus·
711 3258 1047 3336 Reliquum
1074 3261 1170 3319 est
1204 3261 1275 3319 vt
1302 3260 1365 3319 te
1390 3257 1677 3330 obtester,
1699 3276 1912 3318 meum
1938 3257 2320 3334 praesidium
2346 3277 2684 3336 meumque

283 3355 471 3418 dulce
490 3356 690 3433 decus,
716 3376 945 3435 perque
965 3359 1147 3417 tuum
1168 3358 1385 3434 pectus
1403 3356 1572 3417 istud
1593 3355 1904 3417 exorabile
1922 3375 1995 3416 ac
2021 3355 2429 3416 mitissimum
2450 3374 2681 3434 perque

281 3457 534 3516 nostras
558 3455 856 3530 fortunae,
887 3458 959 3515 vt
988 3454 1042 3515 si
1069 3454 1219 3532 quid
1245 3454 1503 3515 antehac
1528 3456 1848 3533 peccatum
1882 3456 1993 3530 est,
2027 3453 2157 3515 imo
2183 3454 2331 3531 quia
2359 3456 2680 3532 peccatum

283 3557 404 3629 est,
439 3553 503 3614 id
539 3553 640 3614 vel
674 3552 1062 3631 simplicitati
1093 3572 1268 3613 meae
1302 3551 1404 3614 vel
1434 3551 1784 3628 imperitiae
1814 3553 2159 3627 condones;
2215 3572 2364 3613 nam
2400 3551 2682 3613 malitiae

282 3654 458 3714 certe
489 3650 653 3712 mihi
685 3671 813 3712 non
845 3671 988 3713 sum
1021 3652 1321 3713 conscius.
1416 3650 1920 3727 Imprudentiam
1953 3653 2018 3710 et
2047 3649 2361 3711 inscitiam
2395 3652 2533 3711 tum
2565 3649 2679 3712 hac
2709 3677 2768 3728 15

281 3751 356 3811 in
405 3769 488 3823 re,
535 3752 674 3810 tum
714 3749 852 3811 aliis
894 3749 1116 3810 multis
1156 3749 1224 3809 in
1268 3748 1452 3810 rebus
1491 3768 1773 3827 agnosco.
1856 3747 2084 3809 Omnia
2130 3747 2266 3808 dira
2306 3747 2455 3808 huic
2493 3748 2680 3827 capiti

281 3867 522 3926 precor,
555 3846 679 3909 nisi
709 3867 953 3926 semper
978 3868 1051 3908 eo
1077 3847 1292 3908 animo
1319 3849 1494 3907 tuam
1518 3845 1994 3907 beneficentiam
2020 3847 2221 3924 accepi
2261 3866 2385 3923 quo
2412 3846 2677 3924 probum

279 3949 350 4006 et
378 3944 565 4005 officii
590 3964 932 4006 memorem
956 3945 1327 4006 clientulum
1350 3943 1642 4021 oportuit.
1705 3945 1940 4005 Amani
1957 3948 2095 4004 toto
2120 3945 2381 4023 pectore,
2409 3944 2677 4022 suspexi,

276 4046 619 4105 veneratus
650 4060 808 4117 sum,
838 4042 1160 4117 celebraui,
1193 4042 1494 4117 memini;
1535 4041 1784 4103 nullum
1817 4062 1854 4103 a
1884 4062 1989 4104 me
2019 4062 2266 4104 sacrum
2290 4042 2462 4104 hunc
2483 4062 2680 4120 vsque

280 4142 355 4203 in
401 4141 569 4203 diem
613 4141 690 4200 fit
730 4161 853 4219 quo
893 4160 1022 4202 non
1055 4142 1259 4202 Deum
1292 4140 1715 4201 immortalem
1751 4160 1924 4201 orem
1971 4144 2046 4202 vt
2086 4161 2245 4219 quae
2275 4141 2343 4201 in
2398 4161 2501 4202 me
2539 4160 2678 4203 con·
2705 4166 2770 4202 20

277 4238 508 4313 musti,
536 4237 647 4299 ille
671 4238 783 4316 qui
806 4241 1011 4316 potest
1038 4259 1219 4312 vnus,
1251 4239 1452 4300 multo
1480 4258 1623 4299 cum
1651 4238 1898 4299 foenore
1926 4239 1994 4300 in
2020 4242 2084 4300 te
2110 4239 2414 4301 refundat.

351 4387 467 4437 158.
489 4400 573 4449 39.
619 4384 700 4435 Ex
732 4399 850 4434 arce
880 4384 1230 4437 Tornehensi.
1264 4389 1330 4436 H.
1583 4387 1691 4437 154.
1719 4403 1768 4447 4.
1815 4388 2113 4449 paternitas
2147 4389 2193 4434 Ε
2212 4403 2225 4435 2
2268 4385 2576 4436 sublimitas
2609 4388 2674 4435 H.

282 4468 363 4502 11.
404 4454 487 4502 est
508 4454 624 4502 add.
643 4455 698 4502 F.
898 4465 975 4513 15.
1010 4451 1419 4515 Impudentiam
1441 4455 1501 4502 N.

352 4618 462 4665 15⁴.
482 4631 532 4675 4.
558 4613 996 4678 ingratitudinis]
1012 4612 1114 4663 For
1125 4616 1431 4663 utterances
1529 4610 1654 4663 well
1683 4613 1824 4663 have
1852 4613 1986 4663 been
2015 4588 2183 4663 baoed
2208 4627 2296 4662 see
2319 4613 2454 4676 Epp.
2482 4612 2563 4675 48,
2595 4626 2673 4675 75,

280 4695 430 4745 upon
460 4679 648 4730 which
680 4680 778 4729 the
803 4676 1048 4742 Bishop’s
1078 4678 1270 4742 charge
1304 4692 1430 4742 may
1532 4680 1611 4741 76,
1636 4679 1720 4741 80,
1745 4681 1829 4743 81,
1859 4692 1966 4742 135,
1994 4679 2103 4728 and
2120 4692 2258 4737 even
2282 4692 2372 4740 157
2391 4678 2502 4728 and
2530 4692 2640 4740 ¹59·
