3355 5380
305 344 493 430 1507]
1026 348 1135 411 rro
1189 345 1475 409 Annus
1530 345 1987 409 MANU‘rms
2585 350 2697 407 441

298 506 500 568 ruisse
555 504 801 566 mendo.
857 504 1397 580 Quemadmodum
1446 503 1517 563 in
1575 502 1839 564 Hecuba
1898 504 1971 565 B.
2032 521 2090 580 4.
2144 502 2298 564 facie
2340 504 2575 574 dextra,
2639 507 2705 562 οὐ

298 606 415 683 μήν
451 630 519 685 γε
557 604 742 681 πείθῃ,
798 601 937 679 lego
983 605 1084 662 οὐκ
1126 603 1198 679 ἥν
1238 628 1321 683 γε.
1409 602 1494 663 Ιιι
1538 601 1682 677 fine,
1738 601 1897 664 οὗτος
1939 602 2014 662 σὺ
2065 603 2235 679 μαίνῃ
2282 605 2436 679 puto
2476 602 2705 662 rectius

300 700 767 781 Agamemnoni
800 699 998 761 tribui
1038 720 1230 779 quam
1270 699 1579 761 Hecubae.
1669 700 1753 760 In
1792 699 2025 761 Aulide
2052 700 2119 759 Z.
2157 702 2214 760 6.
2249 699 2405 760 facie
2430 700 2701 774 sinistra,

301 801 580 880 ταχθεῖσα
603 802 756 859 τοῖσι
781 798 1093 873 φιλτάτας,
1122 798 1259 876 lego
1285 798 1582 878 τᾶχθιστα.
1683 798 1851 859 Item
1884 797 2029 858 aliis
2071 797 2311 876 aliquot
2355 799 2509 860 locis
2550 819 2706 877 quae

304 897 507 958 menti
560 916 729 957 nunc
796 915 926 956 non
964 900 1316 971 occurrunt,
1381 915 1572 958 ausus
1623 915 1768 957 sum
1816 897 1896 957 ab
1951 896 2290 974 exemplari
2349 898 2698 959 dissentire.
2737 919 2794 970 ¹5

304 998 503 1074 Super
543 994 669 1056 hiis
722 1014 1097 1073 magnopere
1151 994 1379 1056 vellem
1427 999 1639 1056 tecum
1694 995 2157 1055 communicare
2201 1014 2428 1071 coram,
2489 999 2707 1074 vtpote

302 1095 479 1156 cuius
504 1094 808 1155 iudicium
848 1092 1111 1171 plurimi
1150 1093 1325 1167 facio,
1356 1093 1482 1155 nisi
1512 1092 1861 1154 valetudini
1880 1112 2210 1170 parcerem.
2300 1091 2479 1169 Quod
2507 1094 2709 1154 sicubi

303 1193 801 1255 manifestarium
836 1195 1115 1253 erratum
1156 1191 1451 1266 offendes,
1481 1211 1633 1252 nam
1672 1191 1866 1252 homo
1905 1211 2071 1266 sum,
2113 1192 2215 1252 ius
2249 1190 2370 1251 tibi
2402 1191 2558 1253 facio
2597 1195 2709 1252 tuo

303 1295 548 1354 mutare
596 1291 901 1352 arbitratu
930 1313 947 1365 ;
986 1289 1243 1367 ftmgere
1285 1289 1472 1349 amici
1508 1289 1725 1365 officio,
1772 1309 1959 1368 quem
2000 1293 2066 1349 te
2109 1289 2238 1350 iam
2282 1307 2417 1349 esse
2463 1288 2706 1350 scribis.

303 1391 420 1453 Sin
446 1411 674 1469 anceps
712 1388 1027 1452 videbitur
1053 1388 1373 1467 quippiam
1405 1388 1496 1449 ita
1522 1391 1594 1449 vt
1621 1388 1873 1449 defendi
1898 1389 2113 1466 possit,
2148 1391 2211 1448 et
2242 1387 2311 1447 in
2340 1408 2462 1465 quo
2497 1386 2701 1448 videri
2736 1409 2797 1445 20

300 1488 538 1566 possim
565 1507 695 1549 non
734 1491 870 1549 tam
897 1488 1111 1566 lapsus
1135 1486 1387 1548 inscitia
1414 1506 1606 1564 quam
1633 1486 1949 1548 diuersam
1977 1489 2279 1564 sequutus
2307 1485 2700 1560 sententiam,

299 1590 410 1648 aut
435 1584 753 1664 relinques
772 1589 882 1647 aut
906 1586 962 1646 si
987 1584 1143 1646 libet
1162 1585 1354 1646 etiam
1383 1584 1676 1646 mutabis.
1764 1585 1926 1661 Quid
1964 1584 2137 1644 enim
2171 1585 2299 1646 iam
2336 1604 2467 1645 non
2497 1585 2703 1647 ausim

302 1684 472 1745 Aldo
498 1704 638 1745 meo
666 1684 1058 1746 committere
1073 1686 1107 1744 ⁴?

384 1782 479 1843 De
518 1783 903 1844 carminibus
942 1782 1102 1843 mihi
1151 1801 1282 1842 non
1335 1780 1584 1842 videtur
1638 1801 2014 1861 magnopere
2069 1782 2148 1842 ad
2195 1801 2327 1841 rem
2370 1781 2699 1860 pertinere.

303 1880 596 1941 Primum
653 1881 825 1942 enim
887 1901 1018 1942 non
1070 1899 1212 1942 sum
1263 1880 1333 1940 in
1398 1879 1606 1941 choris
1658 1880 1884 1942 iisdem
1936 1899 2088 1941 vsus
2136 1880 2487 1941 carminum
2526 1900 2705 1958 gene·
2735 1901 2793 1952 ²5

304 1978 481 2039 ribus
529 1978 753 2056 quibus
789 1979 1132 2058 Euripides,
1190 1980 1626 2057 praeterquam
1694 1979 1763 2038 in
1825 1998 1952 2039 vno
1992 1981 2179 2056 atque
2234 1979 2449 2039 altero.
2538 1979 2704 2041 Nam

306 2096 502 2153 quum
523 2076 592 2137 in
619 2077 930 2155 plerisque
956 2076 1163 2137 choris
1206 2095 1404 2154 poene
1442 2079 1539 2138 tot
1576 2095 1805 2155 genera
1851 2076 1981 2136 sint
2018 2079 2170 2153 quot
2210 2095 2445 2152 versus,
2480 2077 2704 2139 deinde
2760 2109 2775 2120 ,

305 2173 564 2236 libertas
601 2175 716 2236 illa
755 2176 1099 2237 Grecorum
1142 2174 1210 2235 in
1240 2175 1561 2236 variandis
1602 2174 1883 2252 pedibus,
1926 2194 2125 2253 quum
2164 2176 2379 2236 autem
2423 2175 2704 2236 viderem

305 2291 507 2350 neque
542 2273 834 2334 Flaccum
869 2273 1208 2352 lyricorum
1240 2292 1439 2352 neque
1464 2272 1764 2334 Senecam
1806 2273 2183 2351 tragicorum
2212 2273 2566 2336 carminum
2593 2278 2703 2335 aut

306 2372 734 2434 confusionem
760 2376 1005 2434 tantam
1041 2375 1151 2434 aut
1191 2371 1551 2433 libertatem
1595 2372 1914 2433 imitatum
1946 2371 2153 2446 ftnsse,
2184 2370 2455 2432 stultum
2496 2372 2705 2434 existi·
2733 2391 2797 2440 30

307 2471 480 2531 maui
515 2490 621 2530 me
648 2470 710 2532 id
740 2471 950 2530 conari
974 2471 1042 2531 in
1079 2471 1278 2531 tantis
1314 2471 1672 2531 versantem
1714 2469 2039 2547 angustiis.
2141 2469 2366 2547 Itaque
2405 2470 2705 2546 pauciori·

197 2571 206 2574 “
303 2569 422 2629 bus
449 2569 691 2646 aliquot
715 2571 1049 2629 contentus
1073 2567 1183 2630 fui.
1272 2568 1513 2630 Deinde
1540 2569 1597 2629 si
1625 2567 1976 2629 carminum
2012 2566 2241 2646 quibus
2265 2568 2333 2629 in
2370 2568 2580 2630 choris
2604 2570 2704 2630 vsi

303 2685 525 2728 sumus
564 2665 837 2741 nomina,
878 2687 1000 2746 que
1037 2666 1304 2747 singulis
1326 2668 1753 2747 compluscula
1789 2669 1957 2742 sunt,
1996 2668 2054 2728 si
2091 2667 2412 2742 mixturas,
2444 2667 2501 2728 si
2536 2667 2707 2745 leges

303 2767 553 2844 pedum,
586 2767 642 2828 si
667 2767 1028 2828 libertatem
1055 2767 1323 2829 velimus
1347 2767 1702 2840 asscribere,
1735 2767 1904 2828 idem
1932 2767 2052 2827 erit
2076 2769 2140 2827 et
2177 2767 2245 2827 in
2276 2767 2536 2845 reliquis
2562 2768 2703 2829 faci-

304 2864 547 2925 undum
572 2886 590 2939 3
635 2884 834 2943 neque
856 2863 1034 2925 enim
1055 2864 1291 2944 reliqua
1317 2886 1564 2944 semper
1589 2864 1896 2926 trimetris
1935 2864 2223 2925 iambicis
2259 2868 2563 2941 constant,
2591 2866 2701 2928 sed
2733 2882 2795 2934 35

303 2960 568 3022 subinde
598 2983 797 3042 genus
824 2963 1010 3024 metri
1042 2967 1453 3025 commutant.
1563 2964 1801 3025 Parum
1842 2966 2052 3025 autem
2091 2983 2428 3041 congruere
2455 2964 2706 3025 videtur

303 3063 375 3119 vt
431 3059 730 3121 volumen
782 3060 1108 3122 tantillum
1164 3063 1340 3123 tanta
1403 3065 1632 3123 crescat
1700 3061 2056 3139 appendice.
2170 3060 2334 3121 Mihi
2390 3061 2707 3123 videbitur

305 3157 654 3235 elegantius
715 3156 772 3217 si
826 3178 1056 3235 purum
1114 3178 1271 3238 opus
1318 3160 1658 3236 emittatur,
1717 3162 1781 3221 et
1830 3161 1899 3221 in
1949 3160 2262 3237 presentia
2304 3179 2432 3220 non
2473 3160 2704 3221 adsunt

305 3255 471 3316 mihi
499 3274 654 3333 quos
678 3255 756 3316 ad
793 3255 859 3316 id
887 3255 1186 3334 desydero
1213 3258 1508 3319 authores
1531 3280 1547 3333 ;
1589 3258 1850 3335 proinde
1876 3257 2069 3318 satius
2106 3259 2202 3318 est
2226 3248 2365 3319 'non
2401 3256 2707 3334 attingere

305 3373 443 3414 rem
471 3373 661 3431 quam
688 3374 914 3432 parum
940 3354 1094 3417 scite
1118 3356 1184 3416 id
1211 3357 1428 3418 facere.
2731 3369 2797 3418 ⁴0

388 3452 517 3513 Nec
556 3453 836 3530 spacium
875 3453 1131 3531 quidem
1161 3455 1461 3533 temporis
1494 3456 1791 3533 suppetit.
1878 3454 2098 3516 Multis
2134 3454 2307 3515 enim
2343 3453 2707 3516 nominibus

307 3550 489 3628 cupio
515 3570 649 3611 rem
677 3554 1146 3630 quamprimum
1181 3552 1441 3629 absolui,
1477 3556 1549 3614 vt
1585 3554 1700 3614 hac
1732 3556 1944 3614 strena
1973 3552 2188 3614 doctos
2214 3551 2449 3613 amicos
2475 3552 2707 3613 donem

307 3647 598 3709 Calendis
625 3648 952 3711 Ianuariis.
1061 3650 1175 3710 Est
1208 3653 1422 3711 autem
1449 3650 1612 3711 mihi
1648 3649 2036 3712 necessitudo
2072 3670 2218 3711 cum
2261 3649 2558 3711 omnibus
2597 3650 2707 3728 qui

306 3745 411 3806 hic
430 3745 626 3806 bonas
651 3746 895 3807 litteras
921 3750 1029 3808 aut
1056 3748 1266 3808 sciunt
1300 3751 1409 3809 aut
1435 3748 1829 3826 profitentur.
1919 3747 2160 3809 Deinde
2187 3747 2404 3808 statim
2431 3767 2468 3807 a
2494 3746 2706 3808 Natali

306 3844 454 3906 Iesu
481 3845 750 3906 Romam
778 3844 945 3918 adeo,
977 3844 1282 3907 nimirum
1305 3848 1379 3907 vt
1406 3849 1470 3907 et
1497 3846 1629 3908 illic
1656 3846 1893 3908 amicos
1925 3845 2284 3907 huiusmodi
2328 3844 2706 3906 munusculo
2731 3863 2792 3913 45

302 3946 415 4004 aut
439 3961 737 4004 renonem
763 3943 1005 4004 veteres
1017 3945 1129 4005 aut
1148 3962 1344 4005 nouos
1383 3964 1615 4023 parem.
1702 3944 2057 4025 Epistolam
2083 3944 2161 4006 ad
2190 3947 2254 4005 te
2281 3963 2489 4006 meam
2517 3942 2707 4004 mitto

377 4148 449 4182 11.
488 4133 740 4199 Hecuba]
774 4133 1033 4183 Erasmus
1067 4132 1236 4181 refers
1268 4136 1327 4181 to
1357 4132 1455 4181 the
1561 4133 1705 4193 1280,
1750 4135 1807 4182 to
1847 4132 2246 4211 Agamemnon,
2290 4131 2504 4182 instead
2547 4131 2608 4181 of
2647 4136 2702 4181 to

306 4211 465 4260 pagos
498 4197 557 4247 of
583 4198 855 4248 Husurus'
890 4197 1196 4262 Euripides,
1231 4197 1450 4261 Venice,
1557 4198 1796 4260 Hecuba,
1824 4213 1883 4247 as
1904 4200 1964 4248 in
1987 4200 2075 4248 his
2099 4200 2250 4248 Paris
2272 4199 2503 4247 edition.

307 4261 498 4325 Aldus,
530 4263 656 4315 Feb.
686 4278 830 4327 1503.
871 4265 980 4315 His
994 4263 1220 4327 reading
1241 4262 1324 4313 for
1341 4263 1458 4312 this
1626 4277 1702 4325 ¹3·
1752 4263 1978 4328 Aulide]
2037 4264 2129 4314 αὖ.
2184 4266 2244 4311 v⁰
2278 4265 2335 4313 in
2388 4261 2493 4312 vol.
2550 4264 2592 4311 ii
2646 4261 2708 4311 of

306 4325 439 4389 line,
470 4342 585 4391 399,
623 4329 722 4379 has
759 4331 895 4380 been
929 4330 1181 4393 accepted
1216 4329 1290 4391 by
1328 4330 1454 4378 sub·
1557 4329 1828 4379 Musurus’
1852 4330 2180 4393 Euripides,
2213 4329 2327 4378 line
2356 4342 2494 4388 ¹¹70·

307 4397 539 4452 sequent
582 4394 823 4458 editors,
877 4397 987 4446 and
1038 4396 1108 4445 he
1155 4395 1320 4445 alters
1363 4395 1454 4444 his
1619 4411 1702 4457 4ο.
1742 4394 1949 4459 strena]
1987 4394 2064 4447 Cf.
2092 4396 2111 4444 i
2151 4410 2203 4458 p.
2236 4396 2282 4443 8.
2310 4409 2338 4455 7
2366 4408 2440 4453 n.,
2465 4392 2575 4442 and
2600 4391 2695 4455 Ep.

309 4457 632 4507 translation
674 4461 733 4509 in
771 4463 868 4511 the
898 4460 1103 4511 Aldine
1141 4461 1350 4511 edition
1389 4462 1451 4510 in
1558 4461 1649 4522 187
1674 4462 1801 4512 init.

306 4521 631 4573 accordance
651 4526 790 4576 with
812 4528 871 4575 it.
1618 4527 1700 4588 4⁶.
1736 4525 2062 4590 Epistolam]
2116 4525 2360 4587 Possibly
2404 4538 2436 4572 a
2480 4523 2700 4585 compli-

379 4601 455 4637 ιε.
492 4585 655 4653 οὗτοι]
683 4590 754 4640 Ιιι
787 4592 886 4641 the
916 4590 1118 4642 Aldine
1152 4591 1365 4642 edition
1398 4590 1461 4641 of
1555 4595 1812 4655 mentary
1838 4592 2000 4641 letter
2030 4595 2088 4641 to
2111 4591 2303 4652 Aldus,
2328 4588 2511 4639 which
2546 4589 2703 4640 Em-

307 4653 399 4702 his
414 4653 741 4705 translation
754 4657 1008 4707 Erasmus
1023 4658 1171 4720 gives
1187 4658 1302 4708 this
1318 4658 1448 4721 line,
1556 4671 1679 4708 mus
1701 4672 1829 4722 may
1852 4658 1989 4707 have
2013 4657 2213 4707 offered
2236 4656 2320 4706 for
2342 4655 2615 4706 inclusion
2644 4657 2684 4702 iz
2688 4670 2703 4702 ι

407 4752 566 4784 ...m
1447 4759 1489 4802 α
1517 4760 1560 4820 3
