3355 5380
703 403 817 460 156
1402 395 1783 458 LETTERS
1836 396 1944 457 01
1999 393 2395 457 ERAsMUs
2903 391 3089 475 [1495

696 576 800 617 me
842 553 1189 634 suspicaris.
1278 552 1450 631 Quis,
1496 551 1759 628 malum,
1803 553 1966 614 istuc
2008 553 2099 615 rei
2138 552 2256 612 tibi
2297 552 2621 629 persuasit,
2664 555 2913 628 poetam
2958 570 3091 613 esse

696 653 1080 715 Herasmum
1093 652 1154 715 ’ἶ
1180 650 1305 714 isto
1340 651 1512 714 enim
1548 651 1850 713 vocabulo
1887 650 2153 712 subinde
2191 651 2320 711 tuis
2359 649 2429 711 in
2465 645 2698 711 litteris
2737 668 2856 710 nos
2894 647 3093 728 appel·

696 753 855 828 litas,
877 751 1031 814 olim
1060 751 1315 829 quidem
1339 753 1666 829 persancto
1695 770 1766 810 ac
1783 750 2101 825 honorato,
2126 768 2293 809 nunc
2319 748 2400 809 ob
2420 746 2772 809 multorum
2800 745 3093 809 stolidam

613 880 670 932 ¹5
695 848 1078 928 imperitiam
1121 847 1445 911 inuidioso.
1532 847 1810 910 Proinde
1854 850 1942 923 tu,
1986 847 2043 909 si
2092 868 2192 908 me
2240 866 2429 921 amas,
2473 865 2624 907 caue
2671 845 2933 923 posthac
2969 845 3109 917 isto·

697 966 800 1009 me
854 947 1111 1009 nomine
1162 947 1659 1025 compellaueris.
1751 945 2061 1021 Ceterum,
2122 945 2360 1006 Hector
2409 943 2513 1005 vir
2559 942 2954 1019 amicissime,
3013 958 3093 1004 ne

696 1048 912 1109 eadem
946 1066 1091 1124 sepe
1133 1044 1466 1125 scribendo
1498 1047 1561 1105 et
1601 1044 1665 1106 te
1709 1044 1932 1122 fatiges
1973 1047 2037 1105 et
2078 1062 2193 1105 nos
2235 1042 2563 1117 obtundas,
2608 1040 2795 1122 paulo
2835 1042 3094 1105 liberius

693 1144 1096 1223 apertiusque
1120 1144 1474 1206 fabulemur
1502 1163 1756 1205 necesse
1780 1145 1899 1204 est.

777 1242 1098 1322 Principio
1135 1262 1264 1304 non
1300 1244 1435 1304 tam
1472 1262 1619 1303 sum
1661 1243 1917 1318 ineptus
1952 1244 2024 1302 vt
2066 1246 2104 1302 a
2146 1260 2457 1319 quoquam
2497 1236 2698 1317 pluris
2738 1260 2929 1318 quam
2969 1241 3093 1309 sim

610 1371 672 1411 20
695 1340 915 1403 haberi
950 1341 1250 1403 studeam.
1356 1341 1730 1419 Quanquam
1772 1341 1946 1400 enim
1989 1359 2178 1418 puero
2217 1338 2378 1399 mihi
2420 1338 2630 1399 dulces
2670 1337 2908 1398 fuerint
2947 1343 3096 1399 ante

696 1440 912 1503 omnia
955 1440 1146 1513 Μ1188,
1199 1458 1329 1500 11011
1383 1442 1599 1500 tamen
1654 1437 1724 1499 in
1772 1438 1891 1499 hoc
1941 1438 2294 1500 studiorum
2350 1457 2574 1515 genere
2626 1438 2762 1497 tam
2813 1441 3096 1498 accurate

697 1537 1030 1613 elaboraui‚
1079 1540 1152 1597 vt
1194 1536 1530 1615 quicquam
1574 1535 1873 1614 Apolline
1916 1537 2220 1614 cedroque
2264 1536 2527 1614 dignum
2567 1551 2603 1595 8
2643 1538 2860 1595 nostra
2898 1535 3097 1612 possit

698 1634 943 1697 officina
993 1634 1260 1713 prodire.
1347 1635 1568 1713 Itaque
1617 1637 1948 1711 contentus
1997 1634 2159 1695 mihi
2215 1636 2463 1694 cantare
2517 1635 2581 1694 et
2628 1631 2842 1709 Musis,
2896 1631 3095 1695 malui

696 1732 862 1796 nihil
907 1733 1147 1795 edendo
1187 1733 1382 1795 latere
1425 1752 1613 1812 quam
1657 1732 1868 1811 inepte
1915 1733 2243 1794 scribendo
2287 1731 2670 1811 imperitiam
2714 1749 2923 1793 meam
2964 1751 3096 1810 pro·

610 1859 670 1912 25
696 1833 856 1895 (1818.
944 1831 1003 1893 Ii
1039 1850 1151 1892 sua
1189 1832 1468 1892 carmina
1492 1831 1569 1892 ad
1613 1832 1828 1892 omnia
1865 1831 2123 1910 pulpita,
2169 1831 2461 1892 omnibus
2500 1830 2570 1890 in
2609 1828 2816 1891 triuiis
2857 1832 3096 1893 cantari

696 1930 1020 2008 gaudeant,
1071 1930 1178 2007 qui
1234 1930 1410 1990 iuxta
1452 1929 1794 1990 Horatium
1841 1928 2068 1989 iudicis
2113 1931 2407 2007 argutum
2455 1927 2620 1987 nihil
2667 1946 2928 1988 acumen
2979 1929 3094 1988 for·

698 2026 958 2104 midam,
991 2046 1192 2105 neque
1229 2048 1373 2089 cum
1401 2027 1696 2090 Cicerone
1733 2029 2023 2087 recusant
2060 2047 2181 2104 quo
2220 2025 2435 2086 minus
2473 2046 2692 2087 omnes
2730 2022 2943 2086 omnia
2982 2044 3096 2086 sua

695 2125 926 2204 legant,
1014 2126 1145 2187 Nos
1186 2146 1329 2187 cum
1367 2125 1609 2187 Lucilio
1646 2124 1873 2186 Siculis
1908 2144 1978 2185 ac
2017 2124 2425 2185 Tharentinis
2466 2123 2814 2199 scribimus,
2848 2124 2904 2184 81
2941 2118 3092 2203 quid
3209 2112 3212 2113 ⁷

695 2228 909 2287 tamen
952 2223 1303 2287 scribimus.
1408 2225 1500 2285 At
1547 2222 1718 2285 enim
1762 2223 1943 2299 dices,
1989 2222 2110 2299 Qui
2154 2224 2364 2284 minus
2414 2224 2640 2285 audeas
2683 2226 2753 2284 tu
2797 2224 2960 2302 quod
3004 2221 3096 2284 hii

608 2352 672 2402 30
696 2327 881 2402 atque
929 2324 1028 2385 illi
1083 2342 1284 2401 neque
1331 2321 1613 2383 doctrina
1654 2320 1774 2381 tibi
1821 2339 2023 2398 neque
2068 2320 2425 2399 eloquentia
2471 2340 2651 2398 pares
2668 2323 2703 2381 *Ρ
2809 2321 2994 2382 Adde
3039 2321 3093 2382 si

697 2418 898 2501 placet
925 2422 1086 2485 illud
1115 2421 1405 2502 satyrici:

1120 2561 1464 2624 Scribimus
1502 2559 1739 2622 indocti
1767 2556 2364 2638 doctique'poemata
2390 2559 2641 2637 passim.

696 2704 781 2766 Et
810 2702 966 2766 illud
996 2702 1152 2765 item
1180 2702 1439 2765 alterius
1464 2702 1721 2780 satyrici
1749 2701 1999 2763 succine
2041 2688 2045 2693 ¹

1383 2841 1590 2904 Stulta
1614 2844 1712 2903 est
1738 2840 2083 2912 clementia,
2117 2860 2308 2918 quom
2335 2843 2431 2901 tot
2457 2839 2687 2917 vbique

609 2971 670 3022 35
1101 2940 1371 3002 Vatibus
1399 2958 1699 3015 occurras,
1731 2939 2003 3018 periture
2030 2958 2276 3018 parcere
2305 2939 2535 2999 carthe.

696 3080 847 3162 Ego,
903 3082 995 3142 mi
1044 3080 1295 3156 Hector,
1351 3080 1637 3142 istorum'
1673 3080 1953 3158 ineptam
2007 3078 2369 3140 facilitatem
2418 3097 2486 3138 ac
2531 3078 2626 3155 (vt
2668 3076 2759 3139 ita
2801 3077 3093 3153 dixerim)

696 3180 1071 3259 tentiginem
1112 3179 1312 3241 odisse
1361 3180 1547 3253 soleo,
1600 3198 1733 3241 non
1781 3177 2056 3251 imitari;
2115 3178 2227 3254 qui
2266 3196 2549 3253 precoces
2589 3176 2759 3252 (nam
2807 3175 2897 3236 sic
2945 3176 3100 3237 illos-

696 3278 971 3361 appellat
1008 3276 1457 3358 Quintilianus)
1491 3276 1601 3338 vbi
1636 3296 1838 3337 vnum
1877 3279 2064 3353 atque
2106 3276 2374 3336 alterum
2415 3278 2665 3352 poetam
2703 3272 2984 3350 legerint,
3027 3276 3093 3334 et

696 3377 934 3437 tentata
959 3365 1275 3454 Apollinis
1316 3372 1529 3440 fistula
1569 3374 1778 3440 nescio
1817 3372 1966 3453 quid
2003 3373 2211 3451 arguti
2248 3392 2468 3434 sonare
2505 3370 2794 3451 ceperint,
2825 3370 2972 3432 ilico
3009 3372 3092 3433 ad

607 3495 673 3545 40
695 3468 1109 3535 scribendum‘
1124 3475 1379 3550 re'pente
1409 3472 1762 3550 prosiliunt,
1794 3473 1949 3534 adeo
1975 3467 2094 3533 sibi
2121 3471 2331 3549 inepte
2359 3470 2672 3548 placentes
2696 3471 2768 3530 vt
2793 3467 3094 3547 quicquid

694 3572 1107 3651 produxerint
1158 3590 1286 3631 non
1343 3573 1519 3631 secus
1571 3572 1694 3649 ipsi
1747 3572 2073 3644 mirentur,
2121 3572 2350 3644 ament,
2408 3569 2847 3646 amplexentur
2900 3555 3094 3645 quam

695 3667 1003 3732 deformes
1043 3667 1231 3730 simia
1270 3668 1453 3730 filios.
1541 3668 1706 3730 Nam
1747 3671 1802 3730 si
1841 3688 2064 3730 verum
2104 3667 2288 3729 fateri
2326 3668 2424 3728 fas
2467 3671 2578 3742 est,
2617 3669 2770 3745 quot
2807 3664 3089 3742 Marsias,

694 3770 851 3847 quot
888 3769 1099 3830 Panas
1137 3767 1254 3828 hac
1293 3770 1508 3828 nostra
1553 3769 1923 3846 tempestate
1962 3766 2266 3840 videmus,
2311 3765 2420 3843 qui
2464 3786 2544 3826 ne
2585 3764 2796 3842 ipsum
2840 3765 3093 3843 quidem

694 3866 1059 3945 Apollinem
1113 3865 1379 3926 minimo
1426 3867 1523 3943 (vt
1574 3866 1778 3944 aiunt)
1834 3857 2124 3926 dubitent
2177 3882 2508 3940 prouocare
2522 3865 2556 3923 *Ρ
2636 3862 2720 3923 Et
2773 3864 3096 3941 reperiunt

605 3963 948 4043 45quidem
991 3962 1099 4024 isti
1148 3962 1469 4041 plausores
1515 3967 1765 4024 cantore
1804 3957 2065 4041 dignos;
2122 3960 2458 4021 inueniunt
2498 3959 2699 4021 Midas
2739 3979 2903 4038 suos,
2949 3980 3102 4037 quo-

766 4132 844 4181 13.
883 4113 1167 4168 Erasmum
1192 4116 1262 4169 0¹.
1368 4130 1446 4180 14.
1480 4121 1764 4183 persancte
1784 4133 1847 4169 ac
1868 4134 1958 4168 om.
1986 4115 2054 4167 0¹.
2166 4115 2242 4166 18.
2279 4115 2586 4166 fabulemur
2607 4132 2674 4164 a:
2706 4113 2997 4179 loquamur
3021 4115 3094 4168 0¹.

698 4197 780 4234 20.
818 4183 1138 4247 Quanquam
1181 4198 1243 4236 a:
1298 4181 1557 4247 Quamuis
1601 4183 1675 4235 0¹.
1868 4182 2094 4233 fuerunt
2139 4182 2212 4233 οἱ.
2439 4195 2518 4231 22.
2567 4181 2831 4245 cedroqm
2875 4198 2968 4231 om.
3017 4181 3091 4232 0².

699 4263 880 4313 83-85.
918 4250 1113 4313 Itaque
1134 4283 1148 4300 .
1177 4285 1192 4300 .
1217 4287 1229 4299 .
1254 4250 1478 4314 prodere
1500 4266 1590 4299 m
1612 4247 1684 4302 0¹.
1815 4261 1897 4311 25.
1934 4249 1987 4299 Ii
2009 4265 2075 4299 a:
2105 4247 2168 4297 hi
2191 4243 2262 4299 0¹.
2367 4249 2587 4297 cantare
2609 4245 2679 4298 0⁸.
2827 4262 2909 4310 ²⁹·
2947 4246 3097 4310 quod

698 4313 782 4365 hii
806 4333 871 4366 a:
903 4329 1067 4379 quam
1088 4315 1151 4365 hi
1176 4314 1248 4365 0¹.
1367 4330 1449 4378 33.
1488 4317 1623 4365 item
1649 4350 1663 4366 .
1685 4346 1702 4370 .
1731 4349 1743 4363 .
1767 4314 1982 4365 succine
2002 4329 2091 4363 οοη.
2120 4312 2189 4363 0¹.
2302 4326 2383 4375 37.
2420 4326 2708 4378 praecones
2730 4310 2799 4365 0².
2879 4311 3005 4364 illos
3025 4330 3058 4362 (ι
3083 4328 3099 4362 =

698 4396 799 4432 nos
820 4377 889 4431 0⁸.
1089 4394 1171 4443 39.
1210 4380 1337 4431 ilico
1357 4397 1420 4430 cz
1454 4378 1543 4431 illi
1568 4380 1638 4431 0¹.
1839 4394 1921 4440 40.
1956 4381 2178 4443 repente
2198 4394 2289 4428 om.
2316 4377 2384 4428 0¹.
2415 4445 2416 4448 Ἰ

763 4577 842 4615 22.
879 4564 1037 4615 cedro
1084 4562 1230 4615 Pers.
1259 4576 1304 4615 1.
1328 4575 1408 4625 48.
1977 4543 1984 4548 ”
2014 4576 2094 4625 31.
2131 4557 2385 4690 satyrici}
2404 4558 2535 4611 Hor.
2562 4562 2651 4621 Ep.
2678 4569 2725 4610 a.
2757 4571 2799 4608 1.
2830 4570 2941 4621 117.

764 4633 842 4680 26.
882 4627 1031 4681 Hora
1060 4629 1173 4680 'um
1223 4633 1340 4681 ΑΡ.
1365 4630 1477 4692 364.
2015 4641 2094 4690 33.
2131 4626 2360 4676 alterius
2406 4626 2531 4676 Juv.
2563 4642 2605 4676 1.
2637 4641 2711 4689 17,
2736 4626 2785 4675 8.

760 4697 826 4745 28
882 4694 1119 4761 Lucilio]
1186 4709 1251 4760 ,0.
1276 4698 1385 4746 1111.
1415 4708 1461 4748 1.
1484 4708 1531 4757 3.
1563 4707 1610 4757 7.
2015 4694 2094 4755 38.
2117 4691 2534 4757 Quintilianus]
2557 4695 2677 4743 Ina.
2709 4707 2751 4742 1.
2775 4705 2825 4754 3.
2846 4703 2896 4753 3.
