3355 5380
263 405 440 490 ¹50¹]
1115 427 1119 433 ’
2536 416 2648 471 371

405 539 548 603 162.
638 537 839 604 ΕΒοΜ
884 539 1176 604 AN‘romt
1223 557 1307 603 οε·
1355 539 1640 603 ΒεΒοΕΝ
1687 556 1772 602 'ro
1816 539 2007 604 JOHN
2051 556 2169 603 Dm
2214 539 2499 605 Mamm.

321 677 572 748 Farrago
598 695 656 747 p.
682 692 800 746 292.
2225 676 2305 733 St.
2334 676 2518 736 Omer.

325 763 382 818 F.
411 781 467 832 p.
496 780 632 831 404:
670 763 776 820 HN
794 783 809 819 ε
850 763 1024 820 Lond.
1049 763 1123 819 ix.
1153 779 1253 833 37:
1293 763 1404 818 LB.
1434 766 1517 833 98.
2168 779 2238 835 30
2261 764 2396 835 July
2428 780 2577 835 1501.

319 882 587 946 [written
619 898 688 932 on
721 884 910 933 behalf
938 885 999 933 of
1015 883 1112 932 the
1133 884 1313 934 Abbot
1336 884 1396 932 of
1411 885 1493 933 St.
1517 884 1716 932 Bertin
1741 883 1800 931 in
1822 899 2035 933 answer
2058 887 2115 933 to
2136 899 2170 932 a
2192 884 2353 933 letter
2378 885 2519 934 from
2555 887 2650 937 the

256 963 431 1010 young
472 949 669 998 Medici
711 949 987 1012 cardinal,
1030 950 1153 1000 who
1193 950 1240 998 is
1281 950 1458 998 better
1493 950 1694 998 known
1733 967 1792 998 as
1832 949 1940 999 Leo
1980 964 2030 1012 x,
2072 949 2515 1014 acknowledging
2553 951 2648 1001 the

257 1013 580 1077 hospitality
614 1015 803 1065 shown
846 1017 903 1063 to
935 1015 1073 1076 him,
1111 1015 1273 1064 when
1308 1030 1381 1064 on
1416 1015 1510 1063 the
1545 1016 1750 1063 travels
1784 1015 1922 1064 from
1962 1015 2144 1064 which
2183 1015 2254 1064 he
2293 1016 2552 1065 returned
2591 1021 2649 1067 to

253 1079 416 1128 Rome
437 1094 512 1129 on
535 1094 598 1142 ¹9
621 1081 744 1142 May
770 1095 901 1142 1500
917 1080 1240 1144 (Burchard,
1266 1082 1347 1130 iii.
1373 1084 1477 1145 42).
1528 1082 1582 1131 It
1605 1096 1707 1131 can
1732 1081 1929 1143 hardly
1954 1081 2017 1130 be
2039 1081 2227 1143 placed
2251 1082 2310 1130 in
2336 1096 2479 1144 1500,
2500 1085 2649 1132 since

258 1144 509 1194 Erasmus
537 1161 649 1195 was
678 1146 815 1195 then
837 1146 1156 1210 practically
1180 1161 1212 1194 a
1238 1150 1484 1209 sti-anger
1505 1150 1562 1196 to
1584 1147 1813 1208 Antony
1837 1147 1895 1196 of
1914 1147 2119 1209 Bergen
2139 1164 2154 1208 ς
2187 1146 2298 1195 and
2331 1145 2381 1195 if
2407 1149 2541 1196 such
2576 1163 2648 1197 an

258 1211 500 1260 incident
531 1227 590 1260 as
616 1212 731 1261 this
757 1212 868 1262 had
889 1211 1162 1272 occurred,
1189 1211 1344 1260 there
1367 1212 1526 1261 could
1551 1215 1646 1260 not
1669 1212 1767 1260 fail
1790 1214 1848 1260 to
1870 1212 1934 1259 be
1957 1226 2106 1260 some
2129 1213 2401 1261 reference
2427 1215 2485 1262 to
2511 1214 2557 1262 it
2585 1215 2646 1263 in

254 1275 347 1324 the
382 1278 576 1326 letters
602 1277 660 1326 ot
680 1279 802 1327 that
823 1281 1075 1338 autumn,
1095 1278 1438 1341 considering
1460 1278 1554 1328 the
1579 1278 1890 1327 reluctance
1912 1278 2051 1327 with
2074 1278 2256 1327 which
2278 1278 2349 1328 he
2372 1279 2648 1330 addresses

256 1340 346 1389 the
365 1342 542 1390 Abbot
563 1343 718 1406 (Epp.
744 1358 852 1407 130,
879 1357 989 1406 137,
1005 1344 1078 1407 8).
1126 1342 1196 1391 In
1220 1346 1443 1406 support
1465 1343 1526 1392 of
1541 1344 1636 1392 the
1657 1343 1783 1391 date
1799 1344 1958 1406 given
1981 1344 2050 1405 by
2066 1344 2109 1392 Ε
2134 1344 2198 1394 cf.
2222 1344 2318 1406 Ep.
2346 1358 2452 1405 157.
2472 1360 2535 1407 27
2551 1360 2606 1393 n.

313 1408 362 1455 A
406 1408 570 1457 letter
606 1409 743 1457 stom
781 1409 887 1457 Leo
921 1422 972 1470 x,
1009 1422 1068 1456 as
1100 1408 1262 1470 Pope,
1296 1413 1355 1457 to
1384 1409 1481 1458 the
1515 1409 1695 1458 Abbot
1732 1408 2046 1470 reminding
2076 1409 2195 1457 him
2230 1410 2291 1457 of
2322 1409 2411 1457 his
2450 1411 2647 1459 former

253 1472 575 1535 hospitality
587 1488 698 1522 was
721 1474 849 1536 long
870 1474 1149 1536 preserved
1172 1477 1230 1523 at
1252 1474 1329 1524 St.
1346 1473 1522 1523 Omer.
1578 1474 1656 1523 De
1677 1474 1929 1536 Laplane,
1953 1478 2036 1522 Les
2052 1477 2203 1523 Abbds
2222 1479 2277 1522 de
2299 1479 2641 1537 saint-Bertin,

253 1539 305 1586 ii.
330 1538 437 1602 74]

248 1669 595 1719 ANTONIVS
632 1673 721 1718 DE
758 1671 1004 1718 BERGIS
1045 1671 1266 1719 ABBAS
1304 1670 1716 1719 BERTINICVS
1749 1672 1811 1722 R.
1847 1672 1907 1720 D.
1944 1670 2189 1719 IOANNI
2238 1670 2327 1718 DE:
2359 1673 2646 1722 MEDICIS

951 1773 1344 1822 CARDINALI
1391 1774 1521 1821 PER
1567 1774 1921 1822 BRASMVM.

321 1900 626 1957 Sanvm
683 1916 876 1974 quam
928 1896 1281 1976 amplitudo
1337 1896 1500 1956 mihi
1555 1900 1663 1957 tua
1727 1896 1977 1973 scripsit
2034 1895 2324 1972 equidem
2378 1898 2644 1960 maximi

240 1994 530 2055 muneris
583 1995 785 2055 instar
838 1996 1088 2073 accipio,
1139 2014 1397 2072 eamque
1454 1995 1570 2056 tibi
1623 1994 1901 2072 plurimo
1954 1994 2203 2056 foenore
2259 1996 2644 2057 cumulatam

238 2092 538 2154 rescribo.
627 2092 725 2153 Ex
761 2092 1024 2170 epistola
1058 2096 1200 2154 tum
1234 2093 1611 2153 eruditionis
1646 2096 1789 2153 tum
1826 2092 2171 2154 modestiae
2205 2094 2394 2171 plena
2432 2094 2647 2156 huma·

239 2191 491 2252 nissimi
532 2191 798 2268 pectoris
825 2191 1010 2252 istius
1038 2195 1102 2251 et
1129 2191 1386 2253 omnino
1417 2190 1733 2252 Medicum
1761 2195 1947 2268 gente
1976 2190 2150 2268 digni
2189 2191 2644 2255 simulachrum

235 2289 514 2351 libenter
541 2289 785 2367 agnoui,
816 2290 882 2349 id
910 2290 1078 2367 quod
1103 2291 1385 2364 antehac,
1418 2309 1563 2350 cum
1589 2291 1755 2366 apud
1784 2309 1901 2350 nos
1928 2309 2153 2368 ageres,
2183 2311 2636 2369 perspexeram.
2670 2305 2697 2355 5

231 2387 411 2462 Quod
442 2388 663 2448 autem
692 2386 1015 2465 hospitioli
1047 2387 1247 2450 nostri
1271 2407 1400 2447 non
1429 2388 1636 2449 solum
1667 2388 2038 2465 meministi,
2068 2391 2483 2451 verumetiam
2509 2395 2644 2452 tam

230 2485 576 2563 diligenter
614 2505 728 2563 pro
768 2506 840 2547 eo
880 2486 1116 2564 gratias
1155 2487 1304 2565 agis,
1340 2487 1627 2565 quodque
1667 2490 1798 2546 tam
1841 2486 2111 2564 benigne
2151 2492 2325 2549 tuam
2369 2488 2642 2550 inuicem

226 2603 489 2660 operam
534 2584 737 2659 offers,
768 2584 1056 2646 animum
1092 2585 1348 2662 quidem
1385 2585 1581 2645 istum
1619 2589 1803 2646 tuum
1841 2588 1971 2645 tam
2012 2605 2392 2664 propensum
2421 2586 2643 2647 volens

223 2683 638 2760 gaudensque
664 2683 1020 2761 amplector,
1051 2685 1350 2745 meritum
1378 2704 1591 2745 meum
1620 2684 1872 2745 nullum
1901 2704 2186 2763 agnosco,
2261 2684 2441 2760 Quod
2467 2686 2640 2746 enim

221 2784 439 2841 nostra
467 2780 892 2859 mediocritas,
924 2802 1069 2843 cum
1097 2782 1505 2860 cognoscendi
1533 2782 1751 2843 studio
1781 2784 1846 2842 in
1875 2783 1981 2843 his
2020 2783 2379 2861 regionibus
2405 2787 2642 2864 nostra·⁸
2671 2805 2730 2842 ro

219 2880 391 2940 tibus
435 2878 625 2942 velut
665 2880 927 2958 Vlysses
969 2882 1342 2947 Homericus
1386 2886 1493 2942 aut
1541 2881 1733 2943 Solon
1778 2882 2194 2946 Herodoticus
2238 2882 2639 2961 peregrinum

213 2997 451 3055 ageres»,
519 2977 944 3056 qualicunque
999 2978 1331 3040 sedulitate
1387 2980 1756 3058 accepimus.
1816 2978 1994 3045 nulla
2050 2979 2152 3039 hic
2206 2981 2420 3039 nostra
2469 2998 2638 3057 prae·

214 3073 485 3139 dicanda
542 3077 643 3136 est
688 3076 1069 3151 humanitas,
1115 3078 1224 3138 sed
1280 3096 1531 3139 summa
1580 3077 1900 3139 barbaries
1952 3076 2523 3154 inhumanitasque,
2569 3078 2638 3137 ni

210 3175 618 3249 fecissemus,
671 3174 911 3235 fuisset.
1001 3173 1266 3237 Vtinam
1319 3178 1528 3236 autem
1579 3176 1681 3236 vel
1738 3178 1881 3236 tuae
1934 3175 2227 3253 dignitati
2274 3177 2373 3237 vel
2423 3179 2638 3237 nostro

210 3272 435 3333 animo
466 3271 871 3337 mumdum
889 3277 1071 3335 esset.
1156 3274 1296 3339 Mea
1322 3274 1577 3351 quidem
1606 3278 1771 3335 tecta
1796 3274 2017 3335 multis
2045 3274 2174 3334 iam
2202 3275 2387 3337 annis
2412 3275 2638 3352 hospes
2670 3297 2727 3348 15

210 3370 433 3430 nullus
492 3370 704 3431 subiit
750 3370 856 3432 vel
903 3372 1186 3433 ornatior
1232 3371 1333 3432 vel
1381 3372 1728 3449 iucundior,
1775 3377 1845 3433 vt
1892 3373 2011 3433 hoc
2065 3372 2323 3435 nomine
2371 3392 2472 3432 me
2516 3371 2637 3431 tibi

206 3466 608 3533 beneficium
652 3467 880 3531 debere
916 3470 1131 3548 potius
1161 3469 1519 3533 existimem
1553 3491 1747 3548 quam
1783 3470 2130 3532 credidisse.
2220 3469 2420 3531 Porro
2451 3488 2637 3546 opera

201 3569 327 3629 tua.
380 3570 442 3629 si
499 3567 766 3647 quando
813 3568 936 3627 erit
982 3588 1149 3641 vsus,
1201 3571 1380 3629 tanta
1428 3568 1694 3629 omnino
1743 3568 2032 3631 libertate
2081 3573 2225 3630 vtar
2278 3569 2512 3646 quanta
2565 3570 2636 3627 tu

201 3662 625 3744 benignitate
651 3666 852 3728 offers.

277 3764 518 3825 Libuit
550 3767 774 3825 autem
814 3764 1074 3826 interim
1102 3766 1163 3826 et
1199 3765 1316 3826 hac
1343 3766 1411 3825 in
1441 3785 1507 3825 re
1541 3766 1817 3844 priscum
1850 3765 2079 3826 referre
2105 3784 2363 3839 morem,
2396 3767 2467 3823 vt
2494 3766 2638 3823 tuae
2667 3790 2727 3825 20

196 3865 650 3939 praestantiae
693 3883 822 3925 non
869 3863 1076 3928 solum
1121 3863 1452 3941 hospitalis
1495 3862 1796 3939 epistolae
1842 3864 2254 3925 verumetiam
2302 3863 2635 3923 xeniorum

194 3963 330 4024 viee
383 3962 715 4025 nonnihil
758 3962 1066 4025 adderem.
1153 3962 1339 4023 Mitto
1387 3965 1599 4023 autem
1643 3963 2081 4024 cantiunculas
2128 3961 2399 4023 musicas
2445 3960 2637 4033 duas;

193 4062 359 4138 quod
412 4082 548 4139 ego
599 4080 856 4137 munus,
900 4061 1155 4123 tametsi
1197 4081 1502 4139 perquam
1543 4061 1841 4140 exiguum
1882 4081 1954 4123 ac
1994 4060 2401 4124 Ciceroniana
2443 4059 2637 4119 etiam

192 4161 536 4227 leuidensa
567 4158 798 4235 leuius,
827 4162 1041 4221 tamen
1070 4158 1239 4221 haud
1267 4159 1587 4237 ingratum
1615 4159 1750 4220 fore
1783 4159 2044 4235 confido,
2078 4160 2179 4219 vel
2208 4159 2372 4236 quod
2400 4176 2468 4217 es
2506 4156 2636 4235 ipse

191 4258 390 4324 huius
423 4259 610 4323 artis
643 4257 1118 4334 antiquissimae
1153 4258 1563 4335 omniumque
1602 4278 1911 4320 consensu
1955 4256 2204 4319 diuinae
2235 4257 2420 4334 longe
2446 4255 2636 4317 scien-
2663 4274 2687 4309 2
2692 4274 2721 4325 5

186 4359 514 4434 tissimuS,
558 4356 797 4417 itidem
824 4359 895 4416 vt
922 4356 1192 4417 aliarum
1216 4356 1555 4428 ,omnium3
1595 4356 1698 4416 vel
1736 4356 1900 4433 quod
1938 4355 2255 4416 cantilena
2290 4372 2503 4414 recens
2537 4355 2632 4412 est

255 4516 364 4582 1ss
409 4525 810 4646 gaarnedbctnda
830 4528 911 4577 est
932 4530 1047 4577 add.
1069 4530 1135 4576 H.
1377 4541 1451 4588 15·
1491 4527 1687 4576 multis
1711 4528 1820 4577 iam
1844 4531 1921 4575 E:
1955 4528 2062 4577 iam
2088 4530 2169 4574 H:
2204 4526 2312 4574 iam
2334 4523 2541 4587 aliquot
2567 4524 2629 4573 N.

181 4601 262 4647 26.
298 4601 386 4648 0⁸2
525 4630 543 4645 .
629 4627 648 4641 .

980 4731 1062 4780 23.
1099 4717 1477 4781 Ciceroniana]
1500 4722 1633 4767 Fam.
1660 4733 1708 4779 9.
1743 4733 1816 4767 12.
1840 4732 1887 4763 2.
