3355 5380
696 400 775 454 90
1394 385 1772 448 LETTERS
1828 384 1935 445 or
1990 383 2388 446 ERASMUS
2909 375 3103 461 [1488

694 548 927 611 nostris
980 542 1239 607 monitis
1293 563 1535 605 morem
1589 542 1901 623 gessisses,
1955 542 2081 602 iam
2137 542 2205 603 in
2259 541 2452 602 talem
2509 539 2815 601 euasisses
2865 535 3102 610 virum,

601 677 665 733 55
693 650 800 728 qui
845 666 962 707 nos
1011 644 1212 706 literis
1258 663 1388 704 non
1441 643 1650 704 solum
1699 661 1962 720 aequare
2010 661 2232 701 verum
2281 640 2474 701 etiam
2526 636 2772 699 erudire
2820 634 3108 696 vicissim

691 766 917 827 posses.
1004 744 1435 806 Veruntamen
1476 761 1554 802 ne
1580 761 1750 801 nunc
1787 740 2042 819 quidem
2070 738 2524 816 desperandum
2558 738 2754 814 put03
2797 732 3110 812 pertinaci

692 866 879 923 opera
924 844 1089 923 quod
1135 841 1454 918 perditum
1500 842 1597 902 est
1642 838 1782 900 aeui
1827 837 2427 915 recompensandum
2470 838 2580 895 est.
2669 832 2899 894 Adhuc
2950 850 3109 892 sane

692 946 949 1021 integra,
994 942 1123 1002 imo
1163 939 1399 999 virenti
1437 938 1639 1001 adhuc
1679 941 1875 999 aetate
1917 956 1999 1010 ee,

1124 1062 1498 1141 calidusque
1535 1061 1683 1122 salit
1722 1062 1958 1122 circum
1999 1059 2353 1138 praecordia
2393 1057 2664 1135 sangufis.

601 1203 668 1254 60
692 1191 1052 1265 Antequam
1094 1185 1315 1263 pernix
1359 1186 1550 1263 igitur
1597 1185 1800 1263 fugiat-
1846 1182 2272 1258 adolescentia,
2317 1201 2488 1243 nunc
2535 1180 2655 1241 tibi
2699 1199 2914 1258 parare
2962 1198 3111 1239 con-

692 1285 877 1348 tende
918 1304 1040 1363 quo
1082 1303 1269 1345 senex
1312 1285 1619 1362 gaudeas:

937 1409 1079 1467 Iam
1119 1406 1347 1466 molire
1386 1406 1673 1467 animum
1715 1406 1821 1484 qui
1863 1406 2061 1481 duret,
2106 1406 2170 1463 et
2210 1403 2452 1463 instrue
2492 1402 2781 1474 formam,

1016 1503 1201 1564 Solus
1239 1504 1316 1563 ad
1359 1508 1672 1566 extremos
1712 1506 2036 1582 permanet
2076 1501 2182 1562 ille
2221 1520 2418 1579 rogos.

694 1631 830 1707 Quo
857 1631 1071 1690 autem
1098 1627 1164 1686 id
1191 1630 1372 1704 pacto
1399 1626 1856 1689 conficiendum
1882 1627 1984 1700 sit,
2015 1628 2228 1705 postea
2253 1622 2760 1685 consultabimuS.
2850 1622 3107 1685 Interea

599 1730 663 1794 65
692 1731 763 1788 tu
808 1726 1026 1787 sedulo
1067 1746 1210 1786 cura
1245 1730 1316 1788 vt
1355 1729 1823 1806 quamprimum
1862 1729 2004 1786 tuae
2042 1725 2122 1786 ad
2165 1744 2269 1784 me
2308 1725 2452 1785 eant
2495 1723 2729 1798 literae,
2763 1722 2961 1782 animi
3003 1724 3106 1783 tui

691 1846 817 1885 non
861 1823 1141 1904 ambigui
1185 1827 1466 1886 nunciae.
1548 1828 1686 1886 Aut
1722 1828 1885 1885 certe
1923 1824 1978 1884 si
2015 1844 2120 1885 me
2155 1824 2264 1882 tua
2301 1820 2722 1883 familiaritate
2763 1820 3105 1899 indignum

690 1943 903 1985 censes
933 1923 1084 2001 (non
1113 1925 1425 1985 contendo
1458 1924 1749 2003 quidem),
1780 1925 2030 1983 tantum
2066 1922 2158 1981 ita
2195 1940 2298 1981 me
2339 1920 2542 2001 fugias
2576 1923 2646 1981 vt
2680 1923 2855 1981 tuam
2898 1918 3105 1998 ipsius

689 2023 954 2084 salutem
1002 2043 1132 2083 non
1179 2023 1665 2102 praeterfugias3
1727 2026 1867 2083 tum
1911 2020 2012 2081 vel
2058 2020 2392 2094 GulieLmo,
2444 2019 2553 2098 qui
2608 2021 2722 2079 tua
2772 2019 3108 2079 commoda

689 2141 818 2181 non
844 2120 1058 2181 minus
1084 2141 1153 2182 ac
1186 2140 1298 2182 sua
1323 2125 1513 2198 curat,
1545 2122 1832 2182 animum
1866 2120 2187 2179 committe
2216 2118 2514 2196 credeque
2542 2117 2811 2179 consilia.
2901 2117 3104 2179 Porro

602 2241 664 2294 70
691 2219 743 2279 si
791 2218 940 2297 quid
989 2239 1129 2280 mea
1170 2239 1355 2296 opera
1395 2219 1698 2298 praestari
1745 2237 1927 2296 posse
1969 2216 2236 2295 putabis,
2269 2215 2556 2277 inuenies
2596 2216 2674 2277 ad
2711 2216 2924 2277 omnia
2965 2236 3096 2277 non

690 2318 901 2379 minus
940 2338 1044 2378 me
1084 2321 1371 2396 paratum
1412 2338 1598 2398 quam
1639 2315 2032 2379 beneuolum.
2122 2314 2293 2375 Vale.

1557 2609 1662 2674 16.
1749 2605 1846 2671 To
1892 2605 2226 2670 Sassoun.

758 2710 897 2768 Vita
919 2711 1141 2768 Erasmi
1166 2730 1221 2784 p.
1257 2713 1372 2768 162.
2724 2705 2997 2781 (steyn.)

762 2800 935 2857 Lond.
960 2799 1114 2857 xxxi.
1146 2816 1211 2873 5:
1250 2799 1361 2857 LB.
1388 2801 1535 2871 App.
1562 2802 1684 2870 476.
2714 2792 2796 2865 (c.
2830 2795 3023 2868 1488.)

758 2950 895 3016 [The
924 2965 1119 3012 person
1149 2950 1279 2999 here
1306 2947 1594 2996 addressed
1627 2961 1757 3009 may
1788 2946 1852 2994 be
1884 2942 2168 2993 identified
2197 2942 2338 2990 with
2368 2942 2464 2990 the
2494 2940 2735 2990 Sasboud
2767 2940 2827 2989 of
2850 2941 2896 2991 E
2934 2978 2948 2992 .
2976 2944 3099 3006 29⁶.

690 3032 805 3077 2²9·
872 3016 984 3064 'l'he
1015 3029 1175 3064 name
1207 3029 1391 3062 occurs
1425 3013 1740 3074 commonly
1771 3012 1832 3058 in
1864 3010 1961 3059 the
1995 3006 2435 3071 neighbourhood
2469 3005 2578 3055 and
2611 3006 2825 3055 recorda
2856 3022 2888 3055 o
2945 3008 3102 3059 Delst

690 3080 1010 3143 (Bleiswyk.
1032 3085 1271 3137 Bucam
1300 3084 1346 3127 d.
1374 3082 1511 3127 Stude
1539 3077 1681 3139 Delfi,
1716 3091 1858 3137 1729,
1882 3091 1933 3137 p.
1959 3076 2079 3139 665,
2116 3072 2225 3122 and
2256 3071 2479 3135 passim).
2550 3072 2636 3121 He
2658 3086 2770 3121 was
2799 3073 3035 3136 perhaps
3066 3090 3102 3124 a

691 3161 875 3210 young
896 3161 1026 3195 man
1050 3145 1191 3194 with
1212 3144 1393 3272 πὴοιίι
1417 3144 1675 3194 Erasmus
1697 3140 1808 3190 had
1839 3155 1987 3190 come
2009 3141 2131 3190 into
2160 3139 2464 3188 connexion
2496 3137 2737 3201 through
2758 3138 2849 3188 his
2871 3139 3103 3189 brother

692 3211 851 3261 Peter
875 3210 997 3274 (Ep.
1025 3225 1075 3273 3,
1100 3209 1347 3273 introd.).

1134 3365 1450 3415 ERASMVS
1494 3365 1998 3415 Ro'l'ERonAMvs
2042 3366 2391 3416 SASBOVDO
2436 3367 2561 3415 SVO
2605 3366 2659 3414 S.

778 3504 1133 3580 vaovut
1170 3502 1404 3583 aliquid
1442 3524 1517 3565 ex
1545 3508 1609 3565 te
1650 3504 1975 3567 literarum
2010 3506 2316 3584 accepisse
2342 3505 2688 3582 maluerim,
2724 3509 2936 3568 tamen
2965 3529 3100 3570 non

697 3603 991 3664 mediocri
1040 3623 1146 3664 me
1193 3603 1400 3664 affecit
1444 3603 1768 3682 voluptate
1824 3603 2107 3680 nunciuS,
2156 3625 2343 3683 quem
2389 3606 2468 3667 ad
2513 3625 2616 3665 me
2660 3605 2902 3681 misisti,
2950 3608 3102 3668 tuae

697 3701 1043 3764 sententiae
1068 3700 1486 3779 interpretem.
1551 3702 1715 3763 Nam
1745 3722 1889 3762 cum
1910 3703 2111 3763 multo
2132 3707 2408 3780 tempore
2431 3703 2590 3763 nihil
2612 3702 3093 3782 significaueras,

698 3800 957 3863 verebar
995 3820 1076 3861 ne
1110 3800 1324 3861 animo
1367 3803 1479 3862 tuo
1516 3800 1877 3862 excidissem
1917 3804 2295 3878 mutuaeque
2335 3804 2583 3862 nostrae
2624 3802 3105 3866 necessitudinis

646 3922 674 3971 5
702 3918 952 3977 prorsus
978 3899 1210 3960 oblitus
1234 3897 1474 3962 fuisses.
1564 3899 1709 3960 'ribi
1734 3902 1948 3962 autem
1976 3900 2199 3960 libenti
2226 3898 2437 3960 animo
2465 3901 2650 3977 atque
2678 3920 2755 3960 ex
2781 3903 3103 3965 sententia

700 4000 811 4058 tua
831 4016 1069 4057 morem
1090 4016 1385 4074 gererem,
1409 3997 1463 4058 si
1489 3997 1637 4076 quid
1659 4018 1736 4059 ex
1763 3997 1975 4059 nuntii
1993 3997 2198 4058 verbis
2224 4000 2388 4058 certo
2409 3998 2707 4059 coniicere
2724 4000 3096 4076 potuissem.

703 4095 867 4156 Nam
896 4095 1190 4155 narrabat
1216 4095 1273 4155 is
1301 4098 1363 4156 te
1399 4096 1691 4157 flosculos
1725 4097 1932 4157 nescio
1961 4116 2117 4174 quos
2144 4098 2216 4156 vt
2243 4097 2321 4157 ad
2356 4099 2419 4156 te
2451 4097 2666 4157 darem
2702 4117 3106 4176 summopere

704 4192 987 4270 rogitare.
1074 4192 1160 4254 Et
1213 4193 1480 4272 quidem,
1532 4194 1589 4255 si
1634 4214 1860 4256 sanum
1908 4194 2093 4272 sapis,
2140 4214 2268 4255 non
2315 4194 2470 4255 latet
2513 4196 2578 4254 te
2634 4194 2761 4255 iam
2809 4196 3105 4260 flosculos

703 4291 914 4352 minus
953 4291 1356 4368 tempestiuos
1395 4312 1545 4368 esse,
1592 4313 1739 4354 cum
1779 4292 1925 4353 illos
1964 4313 2157 4353 verna
2197 4291 2526 4370 temperies
2565 4294 2840 4371 proferre
2877 4294 3098 4373 soleat,

615 4407 677 4442 10
704 4388 951 4467 hyemis
994 4409 1142 4450 vero
1187 4389 1489 4468 asperitas
1542 4391 1792 4451 nesciat.
1877 4391 1999 4452 Sed
2043 4393 2162 4453 hoc
2205 4391 2388 4452 iocati
2435 4411 2669 4453 sumus.
2756 4393 2847 4454 Vt
2887 4398 3104 4455 autem

704 4486 865 4550 serio
905 4487 1136 4567 loquar,
1183 4508 1339 4568 quos
1379 4487 1667 4550 flosculos
1715 4488 1943 4551 dixeris
1986 4509 2113 4550 non
2160 4489 2382 4564 vide03
2436 4489 2560 4550 nisi
2604 4491 2763 4553 forte
2810 4492 3101 4555 libellum

770 4685 848 4735 15.
875 4697 957 4750 59.
1005 4684 1253 4752 calidus]
1278 4686 1344 4738 cf.
1366 4686 1525 4752 verg.
1550 4691 1602 4739 G.
1629 4702 1676 4737 ο.
1705 4690 1818 4749 484.
2006 4689 2088 4738 62.
2129 4688 2246 4737 Iam
2271 4687 2484 4754 molire]
2511 4690 2605 4740 Ov.
2627 4693 2693 4740 A.
2711 4695 2775 4743 A.
2802 4706 2852 4743 a.
2883 4706 2997 4756 119,
3019 4708 3102 4742 ω.
