3355 5380
653 320 771 376 566
1354 312 1735 374 LETTERS
1790 313 1899 373 OF
1954 314 2351 377 ERASMUS
2884 306 3083 391 [1514

649 473 864 551 generi
929 471 1113 547 vitae,
1183 474 1248 531 et
1319 466 1604 531 coactum
1674 468 1803 532 non
1883 474 2107 550 sponte
2184 472 2545 551 suscepisse,
2619 473 2846 531 tamen
2934 469 3085 545 quia

555 597 621 645 25
648 574 966 649 receptum
1004 573 1101 631 est
1142 569 1388 647 publica
1428 570 1630 630 nostri
1672 569 1868 630 seculi
1914 570 2204 648 opinione
2245 571 2566 649 piaculum
2612 588 2750 629 esse
2793 588 2835 629 a
2876 567 3086 628 semel

647 673 935 747 suscepto
974 669 1144 730 vitae
1184 688 1408 746 genere
1454 667 1808 744 desciscere,
1863 668 2261 731 decreueram
2309 674 2374 731 et
2420 669 2586 729 hanc
2636 666 3086 727 infoelicitatis

649 789 823 829 meae
883 771 1126 845 partem
1185 767 1432 827 fortiter
1499 766 1757 844 perpeti.
1848 767 1985 828 Scis
2048 768 2223 829 enim
2290 788 2395 828 me
2460 766 2681 827 multis
2738 766 2814 825 in
2884 764 3087 825 rebus

646 867 1108 926 infortunatum
1145 884 1295 926 eoee.
1379 866 1471 926 At
1501 865 1621 925 hoc
1654 884 1857 926 vnum
1898 867 2155 927 caeteris
2190 866 2486 927 omnibus
2527 864 2785 944 grauius
2822 883 3085 940 semper

646 964 816 1037 duxi,
863 963 1031 1041 quod
1077 964 1146 1024 in
1193 962 1559 1024 huiusmodi
1607 963 1774 1024 vitae
1822 983 2022 1041 genus
2068 964 2362 1026 detrusus
2406 983 2611 1025 essem
2656 983 2695 1023 a
2743 982 2874 1040 quo
2924 982 3079 1024 cum

549 1087 622 1135 30
646 1064 857 1124 animo
918 1065 1061 1124 tum
1122 1081 1376 1140 corpore
1445 1081 1647 1123 essem
1705 1061 2174 1124 alienissimus:
2249 1064 2485 1138 anim0,
2544 1060 2710 1139 quod
2771 1080 2815 1120 a
2876 1080 3080 1121 caere-

646 1162 880 1222 moniis
941 1160 1344 1221 abhorrerem
1414 1162 1480 1221 et
1547 1159 1854 1221 libertatis
1923 1180 2148 1222 amans
2220 1181 2467 1236 essem;
2549 1180 2825 1238 corpore,
2902 1160 3076 1237 quod

646 1261 897 1322 etiamsi
943 1260 1218 1320 maxime
1266 1257 1605 1337 placuisset
1657 1259 1828 1319 vitae
1872 1258 2264 1334 institutum,
2325 1259 2599 1337 corporis
2654 1261 2889 1318 natura
2940 1277 3076 1319 non

645 1359 882 1422 ferebat
929 1357 1239 1420 eiusmodi
1279 1356 1538 1418 labores.
1625 1358 1718 1418 At
1765 1356 2019 1418 obiiciet
2071 1359 2236 1419 mihi
2280 1358 2512 1436 aliquis
2552 1376 2802 1436 ⁴annum
2853 1356 3077 1433 proba·

645 1458 841 1519 tionis
885 1456 981 1532 (vt
1021 1456 1271 1533 vocant)
1324 1458 1389 1515 et
1443 1457 1723 1516 aetatem
1776 1457 2108 1521 maturam.
2199 1456 2580 1519 Ridiculum.
2668 1454 2872 1530 Quasi
2929 1454 3076 1533 quis

548 1579 618 1631 35
644 1557 923 1635 postulet
948 1558 1019 1616 vt
1057 1575 1216 1633 puer
1252 1574 1417 1615 anno
1456 1555 1698 1616 decimo
1729 1557 2018 1632 septim0‚
2049 1556 2324 1617 maxime
2360 1555 2429 1616 in
2474 1553 2703 1616 litteris
2739 1553 3074 1629 educatus,

645 1655 819 1718 norit
859 1654 1154 1732 seipsum,
1198 1654 1366 1731 quod
1410 1672 1718 1731 magnum
1759 1656 1855 1714 est
1902 1654 2094 1716 etiam
2138 1654 2208 1716 in
2249 1674 2413 1729 sene,
2464 1656 2574 1714 aut
2611 1671 2780 1712 anno
2826 1671 2961 1713 vno
3005 1652 3070 1713 id

646 1755 882 1816 discere
925 1752 1203 1830 potuerit
1246 1750 1414 1829 quod
1461 1752 1656 1813 multi
1702 1751 1845 1813 cani
1892 1752 2175 1813 nondum
2218 1752 2609 1831 intellig-unt.
2690 1751 3072 1829 Quanquam

646 1853 782 1929 ipse
822 1870 1148 1928 nunquam
1184 1848 1461 1927 probaui,
1504 1852 1571 1910 et
1606 1851 1933 1926 gustatum
1964 1851 2095 1912 iam
2132 1851 2335 1911 multo
2373 1849 2605 1923 minus,
2645 1849 2756 1909 sed
2787 1848 2876 1910 iis
2910 1869 3075 1928 quas

643 1948 778 2011 dixi
832 1947 1182 2011 rationibus
1231 1966 1379 2009 sum
1431 1946 1755 2023 irretitum
1824 1948 2081 2011 tametsi
2134 1950 2335 2010 fateor
2391 1967 2539 2009 eum
2601 1947 2711 2026 qui
2774 1967 2929 2008 vere
2987 1948 3074 2009 sit

549 2070 620 2119 40
644 2047 865 2121 bonus,
938 2046 1008 2106 in
1070 2045 1299 2125 quouis
1354 2045 1524 2106 vitae
1583 2065 1811 2123 genere
1871 2047 2029 2107 bene
2090 2048 2427 2108 victurum.
2512 2046 2729 2126 Neque
2791 2046 3073 2108 diffiteor

645 2164 748 2205 me
807 2145 886 2207 ad
947 2164 1179 2221 magna
1233 2144 1398 2205 vicia
1452 2143 1654 2206 fuisse
1713 2164 2114 2223 propensum,
2175 2165 2307 2206 non
2374 2147 2588 2206 tamen
2651 2163 2849 2223 vsque
2909 2144 3072 2205 adeo

644 2244 931 2321 corrupta
975 2245 1199 2307 natura
1246 2243 1404 2318 quin
1451 2242 1505 2303 si
1549 2243 1921 2304 commodus
1966 2244 2327 2305 accessisset
2371 2243 2748 2319 gubernator
2793 2245 2863 2302 et
2920 2262 3071 2303 vere

644 2340 1055 2417 ChristianuS,
1108 2361 1237 2402 non
1284 2340 1538 2401 Iudaice
1586 2341 2071 2419 superstitiosus
2123 2345 2449 2420 potueram
2504 2341 2585 2401 ad
2634 2340 2869 2401 bonam
2913 2342 3070 2402 duci

645 2436 910 2513 frugem.

547 2546 616 2595 45
724 2529 866 2591 Hoc
906 2528 1099 2606 igitur
1137 2528 1396 2589 interim
1444 2529 1740 2606 spectaui,
1785 2530 1854 2589 in
1897 2548 2019 2608 quo
2060 2530 2226 2590 vitae
2274 2547 2502 2606 genere
2543 2527 2811 2587 minime
2853 2527 3068 2589 malus

644 2647 864 2705 essem,
925 2632 1111 2706 atque
1172 2627 1239 2688 id
1299 2646 1449 2688 sane
1506 2648 1609 2689 me
1666 2631 2024 2689 assecutum
2090 2629 2259 2706 puto.
2336 2626 2490 2688 Vixi
2559 2626 2818 2685 interim
2891 2627 3067 2687 inter

645 2727 901 2804 sobrioS,
943 2727 1079 2787 vixi
1125 2727 1194 2787 in
1237 2726 1465 2788 studiis
1512 2727 1886 2803 litterarum,
1934 2747 2091 2805 quae
2138 2747 2242 2787 me
2282 2746 2321 2788 a
2362 2725 2584 2786 multis
2625 2724 2809 2785 viciis
2849 2745 3067 2786 auoca-

645 2830 891 2888 uerunt.
980 2825 1190 2886 Licuit
1250 2825 1774 2886 consuetudinem
1827 2826 2051 2887 habere
2107 2845 2253 2885 cum
2310 2825 2469 2885 viris
2522 2843 2671 2885 vere
2727 2822 3065 2885 Christum

645 2924 1047 3003 sapientibus,
1120 2943 1385 3001 quorum
1444 2923 1751 3002 colloquio
1812 2924 2016 2985 factus
2078 2943 2221 2984 sum
2283 2923 2521 2984 melior.
2638 2921 2823 2983 Nihil
2887 2923 3063 2983 enim

550 3041 621 3089 50
642 3023 770 3085 iam
811 3023 971 3084 iacto
1013 3022 1089 3082 de
1130 3021 1311 3081 libris
1350 3021 1526 3097 meis,
1574 3041 1731 3099 quos
1772 3022 2032 3083 fortasse
2073 3041 2188 3083 vos
2229 3020 2650 3082 contemnitis.
2733 3020 2824 3080 At
2866 3020 3061 3082 multi

642 3121 922 3183 fatentur
962 3141 1029 3181 se
1070 3121 1344 3181 redditos
1383 3139 1600 3181 eorum
1647 3120 1916 3181 lectione
1958 3140 2088 3181 non
2136 3121 2345 3181 solum
2391 3119 2761 3180 eruditiores
2807 3138 3063 3181 verum·

641 3219 832 3280 etiam
877 3219 1187 3281 meliores.
1275 3217 1587 3278 Pecuniae
1644 3219 1927 3279 studium
1985 3238 2313 3297 nunquam
2368 3238 2470 3278 me
2514 3217 2739 3293 attigit.
2827 3215 3060 3278 Famae

710 3424 789 3468 94.
826 3409 881 3456 et
903 3423 992 3458 om.
1021 3408 1060 3456 δ.
1159 3410 1342 3457 tamen
1364 3409 1489 3460 αβδ;
1526 3410 1644 3455 tum
1668 3405 1753 3468 7³:
1788 3422 1911 3456 cum
1933 3406 2001 3469 γ’.
2089 3422 2170 3468 95.
2205 3410 2482 3469 receptum
2502 3423 2568 3469 γε
2603 3409 2918 3469 susceptum
2939 3409 3055 3461 αβδ.

644 3472 912 3534 piaculum
936 3474 1061 3533 αγδε
1098 3471 1401 3535 periculum
1425 3474 1475 3525 β.
1681 3474 1761 3520 96.
1798 3475 2043 3534 suscepto
2063 3475 2168 3534 αβγ
2190 3489 2200 3521 1
2236 3475 2513 3536 susceptae
2537 3474 2577 3519 δ.
2758 3472 3059 3523 desciscere

643 3539 771 3591 affl:
806 3537 1062 3586 desistere
1083 3554 1135 3599 γ.
1414 3540 1493 3586 98.
1528 3552 1660 3587 esse.
1695 3537 1772 3586 At
1795 3538 1897 3588 hoc
1919 3552 2089 3587 vnum
2112 3540 2149 3590 Β
2169 3555 2183 3587 :
2218 3552 2353 3588 esse.
2385 3539 2463 3587 At
2484 3552 2655 3587 vnum
2677 3537 2781 3587 hoc
2804 3539 2865 3587 δε
2918 3554 3052 3601 esse,

643 3617 705 3651 ac
727 3617 898 3650 vnum
924 3603 1024 3650 hoc
1046 3618 1083 3663 ’γ
1103 3620 1115 3651 :
1149 3618 1262 3652 esse
1286 3602 1355 3652 ad
1378 3618 1562 3652 vnum.
1603 3603 1719 3652 Hoc
1740 3621 1787 3652 α.
2067 3619 2148 3665 99.
2182 3602 2434 3654 detrusus
2454 3605 2554 3666 βγδ
2576 3621 2588 3651 :
2622 3603 2882 3652 detonsus
2908 3607 2984 3668 (ἲ)
3005 3623 3054 3655 α.

644 3681 768 3716 cum
790 3669 927 3727 αβγε
959 3668 1078 3715 tum
1104 3670 1144 3717 δ.
1376 3683 1458 3729 30.
1495 3668 1867 3718 alienissimus
1886 3670 2015 3722 <1382
2050 3670 2262 3718 alienus
2283 3686 2333 3732 γ.
2568 3683 2648 3730 32.
2684 3670 2901 3719 etiamsi
2924 3672 3025 3723 αβδ
3046 3688 3058 3718 :

640 3733 747 3782 etsi
769 3748 818 3790 -γ,
1085 3746 1165 3793 33.
1200 3733 1464 3782 eiusmodi
1488 3736 1617 3797 0176:
1650 3734 1964 3785 huiusmodi
1988 3737 2039 3788 β.
2327 3749 2407 3797 34.
2441 3736 2637 3784 vocant
2656 3736 2788 3789 αβδε
2822 3736 2985 3784 aiunt
3009 3754 3057 3797 γ.

643 3812 724 3858 35.
758 3797 969 3845 decimo
992 3798 1223 3860 septimo
1243 3801 1345 3852 aB:
1379 3801 1494 3848 xvii
1516 3798 1572 3861 γ]
1596 3817 1610 3848 :
1648 3814 1707 3861 17
1731 3801 1829 3863 γ’δ.
2043 3802 2125 3860 36.
2158 3803 2240 3849 est
2261 3803 2355 3863 αγδ
2377 3818 2389 3849 z
2423 3804 2564 3849 esset
2583 3803 2636 3855 β.
2784 3802 2882 3850 aut
2908 3815 3057 3850 anno

644 3865 837 3914 vnoB:
873 3864 965 3911 An
987 3877 1317 3912 annovno„
1342 3865 1398 3912 ,ἲ
1430 3881 1498 3913 a:
1530 3866 1748 3914 Anvno
1770 3880 1942 3916 anno.
1964 3901 2005 3915 ..
2026 3868 2053 3915 ἲ
2075 3868 2134 3914 δε
2168 3880 2314 3915 anno
2337 3881 2445 3915 vno
2467 3865 2554 3927 7¹:
2585 3880 2658 3914 an
2680 3880 2828 3915 anno
2848 3881 2961 3915 vno
2982 3867 3055 3928 γ’.

645 3943 724 3990 37.
762 3928 1077 3989 intelligant
1098 3930 1149 3981 β.
1317 3930 1402 3990 38.
1436 3930 1506 3979 iis
1527 3932 1660 3985 affl:
1700 3930 1788 3980 his
1809 3949 1860 3995 γ.
2023 3947 2102 3991 40.
2140 3931 2251 3980 Nec
2273 3949 2321 3993 γ.
2445 3947 2527 3992 41.
2563 3946 2895 3994 propensum
2918 3935 3052 3993 «ηδε

644 3995 1128 4058 promptissimum,
1148 3996 1285 4041 aliter
1305 4009 1629 4057 propensum
1651 3998 1706 4051 β.
1904 4012 1983 4059 43.
2019 3996 2240 4046 Iudaice
2262 3999 2326 4050 βδ
2350 4014 2363 4047 t
2399 3996 2601 4046 iudaici
2622 4013 2689 4045 a:
2724 3997 2983 4046 indoctus
3000 4015 3055 4059 γ.

642 4063 923 4123 potueram
945 4077 1044 4121 αγε
1078 4060 1352 4122 potuerim
1375 4062 1455 4114 βδ.
1584 4060 1711 4110 duci
1735 4063 1830 4111 αδε
1864 4063 2059 4111 adduci
2076 4064 2112 4115 β
2132 4080 2145 4110 z
2178 4062 2398 4125 perduci
2420 4079 2473 4123 γ.
2609 4065 2690 4123 46.
2725 4065 2893 4124 atque
2916 4065 3018 4117 αβδ
3038 4080 3054 4112 z

643 4128 701 4174 at
721 4143 772 4188 γ.
906 4141 993 4174 me
1009 4127 1137 4180 αβδε
1172 4139 1241 4174 ne
1257 4142 1310 4188 γ.
1443 4141 1522 4186 47.
1558 4130 1926 4177 auocauerunt
1942 4129 2000 4175 αδ
2020 4144 2034 4175 :
2068 4131 2365 4177 auocamnt
2381 4130 2469 4189 βγ.
2599 4143 2681 4190 49.
2715 4129 2865 4176 enim
2883 4145 2976 4179 om.
2997 4147 3053 4191 γ.

640 4206 724 4252 5ο.
759 4193 999 4242 fortassis
1019 4194 1096 4254 γδ.
1256 4205 1337 4253 5ῐ.
1371 4204 1553 4240 eorum
1573 4193 1669 4255 αγδ
1692 4210 1705 4241 z
1739 4193 1959 4242 illorum
1982 4195 2033 4248 β.
2183 4208 2295 4243 non
2318 4195 2491 4243 solum
2511 4195 2649 4256 αβγε
2682 4208 2794 4242 non
2819 4195 2984 4244 modo
3006 4196 3049 4244 δ.

708 4380 786 4427 33.
825 4367 1056 4431 annum]
1093 4366 1225 4416 This
1258 4365 1370 4415 and
1403 4366 1499 4414 the
1539 4366 1793 4415 estimato
1895 4368 2084 4416 novice
2118 4368 2276 4417 could
2313 4370 2410 4417 not
2438 4368 2597 4417 make
2628 4366 2717 4416 his
2745 4369 3050 4431 profession

635 4431 702 4479 of
732 4446 828 4493 age
865 4434 925 4480 in
964 4432 1000 4480 l.
1039 4446 1104 4494 35
1136 4432 1400 4495 probably
1433 4431 1572 4480 refer
1606 4433 1663 4480 to
1697 4432 1793 4480 the
1893 4433 2040 4481 until
2068 4434 2138 4481 he
2172 4434 2282 4482 had
2312 4433 2614 4496 completed
2642 4434 2733 4483 his
2764 4435 3048 4484 sixteenth

645 4498 1042 4557 requirements
1058 4499 1117 4547 of
1133 4498 1228 4548 the
1241 4498 1613 4561 Augustinian
1625 4498 1795 4547 Order
1894 4513 2025 4560 year
2057 4499 2167 4547 and
2203 4497 2315 4548 had
2353 4498 2546 4562 passed
2582 4501 2640 4548 at
2679 4499 2818 4548 least
2852 4513 2885 4548 a
2918 4515 3049 4562 year

643 4562 829 4611 rather
872 4563 1009 4611 than
1055 4567 1111 4612 to
1157 4564 1431 4613 Erasmus’
1481 4578 1604 4612 own
1656 4577 1793 4613 case.
1894 4564 2004 4612 and
2038 4578 2070 4611 a
2104 4565 2209 4627 day
2242 4565 2302 4614 in
2335 4566 2633 4626 probation.
2707 4564 2791 4615 Cf.
2832 4566 2970 4628 App.
3014 4581 3045 4614 9

637 4627 758 4677 The
815 4627 1218 4678 constitutions
1271 4629 1533 4692 provided
1591 4630 1713 4678 that
1763 4644 1795 4678 a
1894 4629 1977 4678 for
1999 4629 2267 4679 Erasmus·
2292 4645 2388 4693 age
2411 4634 2469 4679 at
2492 4630 2583 4680 his
2603 4629 2919 4693 profession.
