3355 5380
656 357 772 416 344
1303 421 1306 424 ,
1355 353 1733 415 LETTERS
1785 354 1891 416 OF
1947 353 2346 416 ERASMUS
2878 351 3065 438 [1501

649 514 722 572 tu
773 509 936 570 mihi
990 529 1100 569 ceu
1149 508 1499 570 certissima
1545 509 1852 588 quaedam
1899 510 2226 588 Cynosura
2273 508 2694 589 praeluxeris3
2753 511 3075 589 siquidem

567 634 631 687 70
653 607 868 668 literas
917 606 1169 668 fortuna
1215 627 1299 668 ne
1349 610 1555 685 potest
1609 606 1866 686 quidem
1913 607 2096 670 nobis
2149 607 2410 686 eripere,
2460 607 2854 685 pecuniolam
2902 630 3074 684 vero,

651 706 1024 785 quantulam
1058 705 1178 766 hoc
1218 705 1427 766 ocium
1464 704 1813 784 desyderat,
1851 725 1997 783 opes
2038 709 2181 767 tuae
2218 705 2432 768 animo
2468 706 2707 767 scilicet
2745 709 2858 767 tuo
2894 728 3079 785 pares

651 803 832 865 facile
878 804 1123 881 possint
1179 804 1592 882 suppeditare.
1684 804 1771 865 Et
1818 805 2106 866 fortunae
2161 804 2418 882 quidem
2465 807 2610 866 tuae
2657 803 2849 867 debes
2904 808 3077 887 quod

653 903 865 976 vales3
911 903 1125 963 animo
1164 906 1273 963 tuo
1307 923 1421 981 ego
1462 901 1655 964 debeo
1701 903 1865 980 quod
1906 903 2022 980 vis,
2056 906 2121 965 et
2162 903 2260 964 vis
2297 902 2491 964 etiam
2526 902 2817 979 libenter,
2855 903 3077 966 Musas

655 1020 827 1062 meas
865 1000 1030 1062 alere
1071 1021 1148 1062 ex
1190 1005 1254 1062 te
1297 1001 1603 1064 nimirum
1629 1021 1757 1062 vna
1792 1002 2155 1078 pendentes,
2187 1005 2249 1062 te
2281 1021 2476 1063 vnam
2506 1001 2925 1080 respicientes,
2957 1005 3078 1066 tibi

656 1099 766 1159 vni
793 1103 1198 1161 consecratas.
1267 1099 1450 1161 Aluit
1470 1099 1814 1176 Cherylum
1841 1101 2083 1161 malum
2106 1100 2517 1179 ferreumque,
2541 1104 2614 1161 vt
2642 1101 2732 1164 ait
2760 1102 3070 1174 Lucilius,

653 1199 1023 1276 scriptorem
1049 1199 1409 1260 Alexander
1433 1199 1719 1277 Magnus.
1802 1199 2081 1260 Maronis
2107 1202 2172 1261 et
2200 1199 2406 1261 Flacci
2433 1200 2810 1261 tenuitatem
2840 1201 3076 1264 Mecoe-

653 1297 822 1360 natis
848 1297 1221 1358 inexhausta
1239 1297 1594 1376 benignitas
1613 1296 1795 1358 fouit.
1864 1296 2194 1358 Plinianas
2212 1297 2678 1359 lucubrationes
2697 1299 3075 1377 Vespasiani

652 1395 937 1457 studium
992 1395 1179 1457 acuit.
1292 1394 1786 1474 Semigraeculas
1838 1394 2109 1458 Ausonii
2169 1414 2383 1457 musas
2438 1396 2728 1459 Gratiani
2788 1397 3078 1459 Caesaris

654 1493 1017 1557 humanitas
1064 1494 1255 1555 etiam
1304 1494 1629 1554 consulatu
1679 1495 1969 1555 Romano
2018 1494 2350 1556 decorauit
2462 1494 2848 1572 Hieronymi
2896 1497 3076 1574 piam

567 1605 632 1654 80
654 1592 1015 1654 facundiam
1070 1594 1304 1654 Paulae
1360 1597 1423 1654 et
1480 1591 1812 1654 Eustochii
1866 1591 2163 1654 nobilitas
2218 1593 2486 1654 ornauit.
2602 1594 2823 1672 Nuper
2876 1598 3077 1656 etiam

656 1692 1063 1764 Pontianum,
1131 1691 1324 1752 seculi
1389 1690 1592 1752 nostri
1654 1690 1923 1766 delicias,
1990 1691 2368 1753 Laurentius
2433 1692 2702 1753 Medicas
2766 1697 3075 1772 tanquam

654 1791 896 1869 gremio
922 1810 1035 1852 suo
1064 1790 1396 1851 educatum
1424 1789 1666 1851 extulit.
1759 1790 1844 1851 Et
1881 1809 1962 1851 ne
1998 1790 2175 1852 iuxta
2201 1792 2581 1853 Graecorum
2620 1791 2864 1853 dictum
2900 1794 3076 1855 hare·

657 1909 771 1951 nas
798 1907 1144 1962 numerem,
1178 1907 1328 1948 suus
1356 1888 1577 1965 cuique
1605 1888 1864 1967 ingenio
1896 1889 2163 1966 contigit
2189 1889 2531 1951 Mecoenas.

737 1987 956 2066 Neque
998 1986 1262 2064 gratiam
1303 1987 1457 2047 adeo
1497 1987 1939 2064 poenitendam
1978 1987 2025 2047 ii
2066 1986 2230 2047 mihi
2270 1988 2569 2049 videntur
2607 1988 2742 2050 suis
2783 1990 3073 2067 patronis

569 2096 630 2158 85
655 2085 960 2161 retulisse,
1013 2103 1278 2163 quorum
1344 2085 1713 2146 memoriam
1767 2085 2121 2147 aeternitati
2175 2085 2359 2148 libris
2413 2086 2547 2148 suis
2599 2094 3066 2150 consecrarunt.

654 2186 789 2263 Ego
824 2204 991 2257 vero,
1024 2202 1163 2245 mea
1188 2182 1476 2259 nutricia,
1506 2203 1588 2244 ne
1616 2185 2042 2245 Mecoenatem
2071 2183 2326 2261 quidem
2353 2185 2561 2246 vllum
2597 2189 2708 2245 aut
2736 2185 3070 2247 Caesarem

654 2286 864 2344 tecum
904 2301 1097 2342 sanus
1136 2282 1642 2359 permutauerim,
1688 2285 1753 2343 et
1793 2282 1958 2359 quod
1999 2282 2077 2342 ad
2115 2283 2539 2361 reponendam
2573 2283 2780 2344 vicem
2823 2284 3070 2357 attinet,

649 2383 965 2458 quantum
981 2380 1100 2441 hoc
1128 2379 1442 2458 ingeniolo
1463 2384 1679 2458 potero
1699 2380 2085 2455 contendere,
2107 2401 2221 2459 pro
2248 2400 2388 2442 mea
2415 2400 2660 2459 quoque
2674 2380 2849 2441 virili
2867 2383 3078 2442 enitar

655 2482 728 2543 vt
754 2483 818 2540 et
849 2499 1056 2541 meam
1092 2479 1512 2540 Mecoenatem
1544 2483 1793 2556 postera
1824 2479 2035 2541 secula
2066 2479 2376 2554 nouerint,
2407 2479 2837 2557 mirenturque
2869 2499 3074 2540 vnam

568 2601 634 2651 90
655 2582 936 2640 extremo
978 2578 1126 2638 orbe
1166 2577 1508 2638 foeminam
1546 2577 1847 2651 extitisse,
1878 2597 2037 2655 quae
2070 2577 2265 2637 bonas
2299 2576 2516 2638 literas
2551 2578 2781 2655 partim
2815 2575 3078 2654 imperi·

656 2678 869 2741 torum
918 2676 1167 2739 inscitia
1214 2679 1551 2754 corruptas,
1595 2674 1830 2754 partim
1870 2675 2229 2754 principum
2272 2674 2430 2738 vitio
2485 2674 2777 2751 iacentes,
2830 2675 3075 2754 partim

653 2777 990 2839 hominum
1029 2775 1266 2837 desidia
1303 2774 1630 2853 neglectas,
1658 2794 1774 2837 sua
1808 2773 2216 2835 beneficentia
2249 2773 2563 2835 studuerit
2594 2774 2887 2849 excitare,
2917 2795 3077 2853 quae

656 2877 903 2939 Erasmi
951 2875 1235 2937 literulas
1277 2895 1316 2939 a
1359 2872 1704 2951 splendidis
1743 2873 2267 2950 pollicitatoribus
2315 2872 2664 2947 destitutas,
2709 2893 2750 2934 a
2795 2877 3073 2951 tyranno

655 2974 965 3053 spoliatas,
1032 2973 1330 3034 omnibus
1395 2973 1681 3032 fortunae
1748 2970 1995 3032 casibus
2061 2973 2466 3049 oppugnatas,
2528 2989 2714 3048 passa
2780 2990 2918 3032 non
2986 2972 3072 3032 sit

568 3093 629 3144 95
653 3077 929 3153 egestate
985 3072 1320 3135 concidere.
1410 3069 1590 3147 Quod
1632 3068 1727 3130 vti
1772 3069 2123 3144 instituisti,
2169 3068 2261 3129 ita
2299 3088 2534 3147 pergas,
2581 3066 2898 3147 supplices
2954 3070 3071 3130 tibi

657 3193 882 3235 manus
936 3172 1207 3232 tendunt
1261 3170 1479 3230 literae
1540 3188 1731 3242 meae,
1791 3166 2081 3227 alumnae
2143 3170 2303 3240 tuae,
2363 3170 2545 3246 teque
2600 3169 2667 3226 et
2728 3187 2843 3244 per
2892 3175 3071 3230 tuam

656 3272 1053 3332 obtestantur
1097 3270 1434 3342 fortunam,
1481 3286 1671 3344 quam
1717 3269 1781 3327 et
1834 3265 2172 3327 secundam
2220 3284 2472 3325 summa
2498 3283 2645 3325 cum
2692 3262 2885 3326 laude
2930 3286 3071 3327 con-

655 3370 889 3430 temnis
924 3372 989 3429 et
1017 3368 1344 3428 aduersam
1372 3364 1715 3426 fortissime
1740 3363 1961 3438 tulisti,
1993 3384 2104 3441 per
2145 3382 2290 3424 suas
2317 3364 2472 3424 item
2510 3363 2797 3424 fortunas
2824 3384 3073 3443 semper

654 3469 862 3541 iratas,
896 3470 1115 3527 contra
1142 3485 1297 3543 quas
1326 3467 1435 3526 tuo
1460 3464 1651 3525 vnius
1676 3462 2025 3541 patrocinio
2052 3462 2421 3535 consistunt,
2453 3464 2516 3522 et
2553 3480 2664 3538 per
2701 3460 3076 3522 excellentis

543 3580 633 3616 ¹00
654 3564 832 3626 illius
869 3564 1133 3641 reginae,
1166 3583 1392 3640 nempe
1425 3562 1655 3624 veteris
1691 3559 2055 3639 theologiae,
2089 3578 2386 3635 amorem,
2425 3578 2617 3636 quam
2647 3560 3077 3641 ψαλμογράφος

656 3661 765 3722 ille
793 3660 1108 3721 diuinitus
1136 3660 1380 3721 afflatus
1409 3664 1659 3721 aeterno
1687 3657 1822 3736 regi
1856 3658 2143 3720 dextram
2168 3657 2441 3719 astitisse
2468 3657 2689 3718 scribit
2729 3658 3078 3737 interprete

656 3760 1062 3837 HieronymO,
1104 3778 1232 3819 non
1270 3759 1668 3833 sordidatam,
1711 3776 1842 3820 non
1878 3776 2266 3839 pannosam„
2283 3756 2487 3834 qualis
2525 3775 2696 3817 nunc
2731 3757 2966 3819 visitur
3002 3756 3075 3817 in

654 3858 824 3921 ludis
851 3857 1291 3934 sophistarum,
1320 3857 1430 3918 sed
1469 3858 1540 3919 in
1567 3856 1805 3919 vestitu
1836 3855 2147 3930 deaurato,
2179 3854 2713 3915 circumamictam
2740 3856 3073 3927 varietate,

656 3956 761 4023 cui
785 3956 864 4018 ab
890 3957 1017 4018 situ
1048 3954 1431 4033 recipiendae
1458 3954 1773 4032 vigiliolae
1801 3957 2049 4015 nostrae
2076 3972 2294 4014 omnes
2319 3952 2645 4014 desudant.
2730 4015 2735 4020 ,

539 4080 627 4132 105
738 4057 942 4132 Quam
997 4055 1072 4116 ad
1137 4073 1272 4114 rem
1334 4053 1456 4113 duo
1522 4053 1829 4132 quaedam
1888 4050 2345 4130 pernecessaria
2404 4049 2783 4111 iamdudum
2849 4049 3075 4123 sentio,

655 4156 924 4216 alterum
949 4155 1021 4214 vt
1051 4152 1305 4213 Italiam
1333 4153 1568 4226 adeam,
1605 4170 1729 4228 quo
1756 4149 1995 4212 scilicet
2021 4168 2098 4210 ex
2135 4148 2257 4209 loci
2293 4147 2652 4209 celebritate
2679 4144 3080 4208 doctrinulae

656 4255 906 4315 nostrae
934 4249 1228 4314 nonnihil
1263 4248 1620 4311 autoritatis
1657 4248 2054 4326 acquiratur;
2101 4247 2371 4308 alterum
2408 4249 2481 4307 vt
2517 4246 2813 4307 Doctoris
2834 4264 3079 4306 nomen

775 4447 852 4495 75.
886 4437 938 4482 Η
952 4450 965 4484 2
998 4431 1041 4481 dt
1064 4430 1270 4480 malum
1297 4433 1356 4479 Ε.
1559 4428 1635 4489 78.
1679 4428 1930 4477 Gratiani
1954 4431 2067 4477 add.
2090 4430 2155 4477 H.
2364 4440 2471 4475 101.
2510 4427 2738 4474 aeterno
2761 4429 2876 4475 add.
2900 4428 2954 4473 F.

726 4614 802 4662 75.
838 4600 1080 4648 Lucilius
1141 4598 1251 4646 Cic.
1283 4601 1394 4645 Fen.
1425 4612 1467 4648 1.
1504 4611 1550 4647 2.
1579 4610 1628 4657 5,
1654 4595 1830 4645 where
1999 4607 2109 4643 100.
2170 4589 2543 4657 ψαλμογράφος]
2611 4606 2690 4651 44.
2748 4606 2803 4639 11
2861 4591 2917 4639 in
2977 4591 3081 4640 the

656 4666 730 4716 all
756 4667 903 4716 MSS.
927 4665 1053 4713 read
1125 4664 1322 4712 icinius
1345 4677 1405 4711 or
1430 4662 1668 4712 Licinus.
1930 4659 2148 4710 version
2195 4659 2253 4708 of
2301 4658 2532 4707 Jerome.
