3355 5380
253 384 434 469 1523]
771 388 1174 452 ERASMUS
1227 389 1335 451 ΤΟ
1389 390 1621 451 JOHN
1676 388 2127 452 ΒΟΤΖΗΕΙΜ
2571 394 2648 449 23

251 545 411 624 011οᾶ
465 545 613 622 plus
666 545 826 605 satis
880 545 1234 607 laudassem
1296 545 1790 608 matrimonium.
1919 546 2044 607 Hic
2106 544 2266 606 mihi
2318 546 2448 607 iam
2502 547 2653 608 satis

251 644 493 719 fecerat,
544 645 829 722 primum
876 644 1089 705 missis
1130 645 1207 705 ad
1252 664 1353 705 me
1393 643 1583 705 huius
1622 644 1716 705 rei
1761 645 1959 722 gratia
1999 645 2272 705 Martino
2314 645 2545 723 Dorpio
2589 649 2652 706 et

253 743 516 821 Aegidio
545 743 812 821 Delpho‚
844 743 1066 803 deinde
1093 743 1396 820 colloquio
1424 742 1742 803 familiari.
1811 743 1958 803 Mox
1985 742 2181 820 igitur
2207 743 2409 804 aedito
2437 744 2654 805 libello

253 842 569 919 respondi,
587 862 719 902 non
739 841 967 903 Atensi
993 840 1101 901 sed
1129 840 1458 902 hominum
1479 841 1953 918 suspicionibus,
1974 842 2175 918 magis
2198 841 2373 902 illius
2401 862 2653 903 causam

251 960 443 1018 agens
498 960 693 1018 quam
747 958 975 999 meam.
1084 939 1169 999 Et
1208 939 1509 1016 quoniam
1556 938 1709 999 haec
1754 958 1831 999 ex
1878 937 2220 1014 composito
2267 938 2649 1015 gerebantur,
2680 960 2708 1012 5

248 1040 570 1099 tumultus
617 1039 969 1098 tumultum
1017 1037 1373 1116 excipiebat.
1503 1036 1607 1098 Sic
1652 1037 1827 1097 enim
1874 1038 2182 1115 putabant
2227 1037 2375 1111 fore,
2427 1041 2501 1098 vt
2554 1058 2656 1100 me

251 1136 582 1213 profligato
649 1156 729 1196 ex
782 1135 1125 1198 Academia
1183 1134 1374 1196 simul
1433 1154 1653 1195 omnes
1714 1135 1967 1212 linguae
2020 1155 2167 1196 cum
2220 1134 2405 1197 bonis
2455 1136 2657 1198 literis

250 1235 684 1312 demigrarent
723 1235 792 1294 in
833 1254 970 1294 rem
1009 1234 1260 1295 malam.
1346 1233 1586 1293 Eodem
1625 1233 1824 1293 ferme
1865 1235 2142 1309 tempore
2182 1234 2524 1295 clamatum
2561 1237 2657 1296 est

248 1352 288 1392 a
340 1333 675 1394 monachis
716 1331 990 1393 Londini
1030 1331 1099 1391 in
1146 1330 1398 1408 Anglia,
1447 1329 1734 1391 Lutetiae
1787 1330 1857 1390 111
1913 1330 2137 1405 Gallia,
2195 1332 2527 1392 Bruxellae
2585 1332 2656 1393 in

250 1431 619 1504 Brabantia‚
664 1431 852 1508 idque
898 1430 969 1490 in
1017 1428 1543 1507 frequentissimis
1584 1427 2003 1505 concionibus,
2044 1428 2114 1488 in
2163 1449 2265 1490 me
2313 1431 2478 1508 quod
2522 1450 2652 1491 ver·
2685 1451 2743 1487 10

248 1531 491 1603 tissem,
541 1530 623 1589 In
665 1528 973 1606 principio
1011 1530 1144 1589 erat
1178 1547 1399 1602 sermo,
1432 1546 1547 1605 pro
1586 1546 1658 1587 eo
1698 1528 1859 1604 quod
1894 1530 2041 1604 erat,
2072 1528 2155 1588 In
2186 1527 2492 1605 principio
2521 1531 2654 1589 erat

249 1628 534 1691 verbum.
623 1628 708 1689 Et
749 1627 917 1687 hunc
954 1627 1304 1687 tumultum
1338 1625 1552 1688 libello
1585 1626 2098 1704 compescuimus,
2129 1626 2510 1688 declarantes
2551 1648 2656 1689 eos

252 1728 361 1804 qui
403 1728 496 1787 sic
539 1727 917 1787 clamassent
956 1743 1208 1802 prorsus
1241 1723 1555 1798 insanire3
1609 1743 1969 1802 quanquam
2006 1724 2072 1785 id
2106 1724 2372 1786 eruditis
2408 1726 2654 1787 abunde

251 1826 656 1903 perspicuum
701 1828 851 1899 erat,
904 1823 1095 1885 etiam
1138 1827 1283 1884 ante
1331 1843 1523 1902 quam
1568 1842 1689 1883 nos
1730 1823 1993 1883 verbum
2039 1823 2245 1884 vllum
2287 1824 2649 1886 faceremus.

252 1925 509 1985 Primus
552 1923 840 1984 omnium
874 1922 1203 1999 scripserat
1237 1921 1538 1982 aduersus
1564 1913 1817 1981 Nouum
1844 1920 2317 1981 Testamentum
2357 1921 2655 1983 obscurus
2685 1943 2740 1994 ¹5

252 2024 514 2101 quidam
571 2042 609 2082 a
662 2022 845 2083 nobis
898 2040 1166 2098 versum,
1212 2020 1315 2081 cui
1369 2020 1524 2081 satis
1576 2018 1915 2080 habuimus
1966 2019 2233 2098 epistola
2285 2021 2653 2099 respondere

251 2140 585 2200 suppresso
610 2120 883 2181 nomine.

336 2223 608 2298 Iamque
647 2220 799 2280 finis
828 2217 1158 2278 videbatur
1195 2216 1445 2277 futurus
1476 2214 1666 2277 huius
1709 2215 1880 2291 mali,
1912 2236 2106 2294 quum
2133 2235 2273 2277 ecoe
2301 2217 2376 2278 de
2401 2221 2654 2295 repente

254 2320 440 2380 nobis
479 2338 560 2379 ex
599 2316 908 2394 Hispania
945 2314 1191 2393 prosilit
1226 2314 1492 2374 Iacobus
1520 2312 1711 2389 Lopis
1738 2312 2013 2389 Stunica,
2049 2315 2252 2392 1101110,
2287 2317 2451 2394 quod
2479 2316 2655 2376 illius

254 2420 490 2495 scripta
533 2416 867 2489 declarant,
910 2412 1237 2491 gloriosus,
1278 2411 1525 2485 effrons,
1569 2429 1799 2485 excors,
1849 2412 1971 2472 sibi
2015 2414 2173 2473 mire
2217 2413 2489 2490 pulcher,
2534 2433 2654 2474 ser·
2678 2434 2742 2471 ω

257 2518 468 2577 monis
488 2514 722 2587 amari;
756 2512 923 2572 dicas
949 2514 1170 2571 natum
1199 2508 1559 2569 huiusmodi
1578 2509 1928 2587 tragoediis.
1991 2511 2416 2575 Praecesserat
2442 2533 2657 2573 rumor

254 2621 451 2692 atrox,
482 2619 551 2675 et
577 2612 738 2673 liber
761 2610 895 2688 ipse
921 2610 1115 2671 miros
1139 2607 1409 2668 habebat
1434 2607 1658 2668 fumos.
1750 2607 1918 2668 Huic
1948 2611 2163 2686 paucis
2201 2611 2652 2688 respondimus,

255 2734 371 2774 nec
416 2731 613 2790 aeque
654 2709 971 2789 poenituit
1009 2706 1130 2769 vni
1175 2707 1583 2783 respondisse.
1689 2706 1759 2766 Is
1797 2706 1907 2766 vbi
1947 2727 2014 2768 se
2057 2709 2322 2770 Romam
2365 2711 2649 2785 contulit,

256 2812 388 2872 illic
429 2809 835 2887 triumphum
874 2811 1124 2868 acturus
1165 2806 1241 2866 de
1282 2807 1414 2865 tam
1452 2802 1620 2864 bello
1660 2803 1891 2881 libello,
1936 2825 2153 2867 rursus
2194 2808 2405 2867 emisit
2445 2807 2515 2868 in
2555 2828 2656 2868 me

255 2909 510 2983 librum,
560 2907 662 2968 cui
702 2906 968 2967 titulum
1006 2904 1155 2964 fecit
1192 2902 1626 2980 Blasphemiae
1671 2902 1735 2961 et
1777 2901 2133 2979 impietates
2185 2905 2471 2980 Erasmi3
2534 2925 2656 2983 quo
2685 2927 2710 2961 2
2718 2927 2744 2978 5

257 3007 425 3068 nihil
464 3025 749 3083 vnquam
789 3002 1020 3082 prodiit
1054 3001 1358 3063 insanius.
1447 3000 1669 3077 Itaque
1710 3000 2141 3062 cardinalium
2183 3004 2335 3064 ordo
2375 3007 2659 3065 vetuerat

256 3105 522 3180 excudi;
584 3122 882 3164 excusum
929 3103 1144 3162 tamen
1192 3100 1354 3161 clam
1395 3118 1507 3176 per
1548 3098 1889 3160 monachos
1934 3102 2250 3179 quosdam,
2296 3103 2459 3180 apud
2502 3123 2657 3181 ques

257 3206 657 3267 sacrosancta
697 3205 797 3262 est
839 3199 1170 3260 Pontificis
1223 3197 1537 3272 autoritas,
1591 3196 1839 3274 quoties
1883 3198 2039 3276 ipsis
2088 3203 2185 3261 est
2237 3203 2652 3277 commodum,

256 3323 512 3365 rursum
554 3301 893 3360 vetuerunt
932 3295 1214 3358 distrahi.
1318 3295 1443 3355 Vix
1484 3293 1634 3354 huic
1679 3296 2118 3371 responderam
2161 3298 2376 3375 paucis
2413 3302 2478 3360 et
2522 3320 2660 3360 con-

256 3401 575 3479 temptim,
625 3402 700 3458 vt
751 3395 1120 3470 merebatur,
1181 3393 1335 3455 dum
1395 3393 1558 3454 alius
1618 3393 1908 3470 prouolat
1973 3394 2243 3472 libellus,
2302 3417 2660 3474 praecursor
2685 3417 2747 3467 30

257 3501 519 3560 illorum
559 3496 773 3565 trium,
803 3494 873 3554 111
915 3493 1143 3572 quibus
1177 3492 1353 3553 velut
1392 3491 1670 3568 optimus
1708 3491 1934 3551 histrio
1974 3492 2307 3556 declarauit
2348 3499 2659 3572 quantum

256 3598 465 3659 valeat
507 3592 951 3655 maledicendo.
1040 3591 1258 3670 Itaque
1298 3590 1375 3650 de
1415 3591 1651 3665 eodem,
1681 3588 1842 3667 quod
1883 3588 2077 3665 aiunt,
2118 3591 2252 3651 oleo
2288 3611 2659 3670 responsum

257 3702 353 3758 est
402 3695 554 3755 huic
598 3711 860 3770 quoque.
946 3690 1187 3752 Aderat
1225 3690 1420 3748 frater
1463 3687 1618 3762 viro,
1651 3686 1943 3747 Sanctius
1984 3689 2274 3764 Caranza,
2305 3691 2660 3770 Theologus

256 3791 747 3870 complutensis,
774 3790 881 3868 qui
899 3788 1224 3850 Stunicam
1250 3786 1611 3847 defenderet
1633 3785 1704 3844 in
1721 3784 1926 3846 tribus
1952 3786 2283 3847 dumtaxat
2308 3788 2477 3865 locis,
2505 3809 2661 3868 quos

258 3892 590 3968 delegerat,
639 3891 705 3948 et
757 3889 912 3948 dum
964 3906 1067 3947 me
1122 3889 1383 3947 conatur
1436 3882 1820 3943 haereticum
1875 3884 2089 3959 facere,
2134 3904 2270 3946 sese
2325 3886 2661 3949 declararet
2688 3907 2749 3959 35

258 3989 702 4068 impudentem
729 3984 1178 4063 sycophantam
1199 4004 1214 4058 ς
1257 3985 1321 4043 et
1345 3980 1535 4043 huius
1560 3980 1773 4042 libello
1792 3981 2247 4057 respondimus.
2301 3983 2388 4044 Et
2412 3985 2664 4048 inuenit

260 4088 481 4160 Roma,
511 4085 623 4163 qui
649 4085 808 4145 tales
836 4083 1091 4144 naenias
1126 4082 1357 4158 legant.
1443 4079 1676 4156 Arguit
1713 4079 1887 4139 enim
1922 4100 2058 4141 esse
2094 4081 2205 4159 qui
2239 4081 2462 4160 legant,
2496 4086 2659 4162 quod

260 4187 393 4247 sint
448 4183 562 4263 qui
615 4185 847 4258 emant,
902 4200 1096 4260 quum
1149 4179 1260 4241 vix
1313 4196 1579 4256 vsquam
1634 4177 1769 4237 11110
1824 4177 2111 4239 inuenias
2163 4180 2417 4242 venales
2468 4183 2663 4245 libros

329 4362 376 4409 3.
424 4346 689 4395 familiari
729 4348 845 4394 add.
880 4344 933 4398 β.
1154 4343 1233 4392 16.
1280 4354 1314 4391 0
1351 4341 1509 4391 nobis
1540 4354 1760 4390 versum
1797 4355 1890 4393 om.
1924 4343 1979 4397 β.
2196 4357 2280 4405 35.
2331 4344 2571 4396 declarat
2605 4347 2662 4404 β.

264 4428 343 4477 37.
384 4412 533 4475 quod
553 4413 622 4464 fl:
656 4425 826 4473 quum
848 4427 894 4458 α.

340 4646 418 4692 15.
454 4630 710 4678 obscurus
742 4624 991 4690 quidam]
1028 4623 1293 4687 Probably
1322 4623 1419 4672 the
1514 4637 1634 4685 3753
1657 4623 1869 4672 aletter
1881 4622 2064 4672 which
2084 4639 2211 4687 may
2227 4625 2353 4674 well
2372 4626 2439 4675 be
2455 4625 2661 4677 classed

271 4710 465 4760 person
498 4691 777 4744 answcred
810 4693 872 4742 in
905 4690 1075 4742 Lond.
1109 4690 1189 4740 iii.
1225 4703 1272 4753 1,
1307 4689 1413 4739 LB.
1514 4703 1710 4753 among
1733 4689 2000 4739 Erasmus’
2025 4694 2287 4751 Apoloqiao.
