3355 5380
221 368 386 455 ιω]
763 375 1333 439 coMPEvam
1388 378 1655 441 VITAE
1713 378 2038 441 ERAsm
2513 387 2586 442 51

219 531 445 610 Anglos
508 530 1025 595 beneuolentiam
1088 533 1210 594 sibi
1278 533 1639 596 conciliauit
1705 535 1785 597 ob
1850 536 1915 598 id
1982 538 2361 614 praesertim,
2428 540 2593 617 quod

220 629 509 709 spoliatus
547 630 619 690 in
660 631 885 691 littore
924 631 1297 693 Douariensi
1344 652 1473 693 non
1517 632 1725 695 solum
1779 653 1910 694 non
1950 636 2120 696 vltus
2159 636 2245 695 sit
2281 635 2593 709 iniuriam,

218 728 315 789 sed
353 747 503 789 mox
543 729 756 790 emisit
796 729 1087 790 libellum
1125 728 1195 789 in
1235 729 1487 791 laudem
1530 731 1697 810 regis
1738 736 1802 793 et
1841 732 2037 793 totius
2066 733 2353 811 Angliae.
2441 735 2598 796 Tan·

219 827 351 888 dem
395 847 433 886 e
483 826 693 888 Gallia
743 827 995 905 magnis
1047 827 1375 905 promissis
1428 832 1754 891 reuocatus
1808 833 1904 891 est
1955 831 2024 891 in
2069 831 2413 908 Angliam3
2472 853 2595 910 quo
2627 849 2717 886 ¹20

215 928 489 1002 tempore
554 927 780 986 nactus
833 928 929 985 est
979 925 1316 987 amicitiam
1368 927 1838 1006 Archiepiscopi
1892 929 2374 990 cantuariensis.
2473 930 2599 992 Vbi

213 1023 517 1102 promissa
556 1042 685 1084 non
726 1026 1112 1101 apparerent,
1154 1024 1339 1102 petiit
1372 1024 1664 1101 Italiam3
1718 1025 1896 1087 cuius
1935 1026 2255 1088 adeundae
2295 1027 2599 1089 desiderio

213 1140 452 1200 semper
495 1124 752 1182 arserat.
840 1122 989 1200 Egit
1028 1122 1215 1200 paulo
1256 1122 1400 1200 plus
1440 1143 1626 1202 quam
1666 1144 1906 1186 annum
1932 1124 2267 1200 Bononiae,
2301 1127 2425 1187 iam
2465 1147 2600 1187 ver·

212 1224 389 1300 gente
424 1223 650 1293 aetate,
679 1220 798 1280 hoc
833 1223 931 1281 est
965 1219 1162 1280 ferme
1196 1221 1730 1300 quadragenarius.
1819 1222 1980 1282 Inde
2015 1221 2280 1283 contulit
2305 1244 2373 1284 se
2404 1224 2602 1285 Vene-

210 1321 325 1380 tias
351 1323 418 1379 et
452 1317 656 1379 edidit
679 1318 959 1396 Adagia;
997 1317 1147 1379 inde
1173 1319 1525 1395 Patauium,
1557 1319 1664 1380 vbi
1700 1318 2097 1395 hibernauit3
2137 1340 2284 1381 mox
2311 1321 2593 1396 Romam,
2632 1338 2722 1388 125

209 1438 326 1497 quo
364 1420 500 1478 iam
543 1416 714 1478 fama
752 1415 1015 1479 celebris
1052 1436 1125 1479 ac
1163 1416 1512 1494 plausibilis
1550 1421 1980 1495 praecesserat.
2065 1418 2386 1497 Raphaeli‚
2415 1420 2595 1481 Card.

210 1517 269 1578 S.
320 1515 602 1593 Georgii,
653 1513 977 1593 praecipue
1024 1514 1250 1575 charus
1296 1515 1438 1577 fuit.
1524 1515 1668 1576 Non
1724 1516 2018 1577 defuisset
2069 1516 2278 1594 ampla
2329 1517 2596 1592 fortuna,

212 1614 332 1676 nisi
385 1617 646 1674 mortuo
699 1631 842 1690 rege
885 1612 1163 1674 Henrico
1201 1632 1300 1674 vn
1342 1616 1407 1675 et
1459 1634 1810 1675 successore
1848 1633 1975 1675 vm
2015 1615 2359 1675 amicorum
2403 1615 2604 1675 literis

209 1712 601 1790 anplissima
642 1710 1083 1788 pollicentibus
1124 1715 1449 1772 reuocatus
1498 1715 1662 1773 esset
1706 1711 1776 1773 in
1816 1711 2131 1790 Angliam.
2214 1712 2358 1773 Illic
2397 1713 2602 1773 decre·

210 1814 385 1873 uerat
426 1810 743 1889 reliquum
784 1808 1003 1870 aetatis
1044 1828 1372 1887 peragere3
1430 1830 1652 1872 verum
1693 1810 1801 1872 vbi
1842 1831 1922 1871 ne
1960 1814 2099 1873 tum
2143 1811 2395 1888 quidem
2437 1831 2605 1888 prae·
2637 1827 2731 1876 ¹30

209 1912 532 1972 starentur
567 1908 892 1986 promissa,
933 1908 1234 1969 subduxit
1273 1928 1342 1969 se
1381 1910 1448 1969 in
1488 1908 1913 1984 Brabantiam,
1944 1908 2248 1970 inuitatus
2287 1909 2357 1971 in
2397 1910 2604 1971 aulam

211 2008 419 2071 Caroli
479 2026 656 2068 nunc
710 2005 1001 2082 Caesaris,
1062 2006 1164 2067 cui
1231 2006 1622 2068 consiliarius
1679 2008 1881 2068 factus
1949 2010 2045 2067 est
2103 2027 2288 2086 opera
2347 2007 2607 2070 Ioannis

209 2104 494 2184 Siluagii,
527 2104 901 2166 cancellarii
934 2104 1165 2182 magni.
1246 2106 1500 2166 Caetera
1537 2108 1689 2166 sunt
1724 2105 1842 2166 tibi
1878 2107 2043 2166 nota.

290 2203 526 2265 Mutati
545 2203 756 2264 cultus
775 2202 1080 2263 rationem
1099 2203 1375 2265 reddidit
1390 2206 1459 2264 in
1474 2203 1688 2265 libello
1708 2204 1913 2282 primo
1931 2224 2052 2282 quo
2070 2204 2392 2282 respondit
2407 2206 2605 2278 Leicis

211 2301 654 2381 sycophantiis.
730 2301 1026 2361 Formam
1046 2301 1169 2379 ipsi
1189 2302 1566 2364 describetis.
1630 2301 1941 2364 Valetudo
1959 2322 2205 2381 semper
2221 2302 2345 2364 fuit
2360 2306 2606 2379 tenera;
2635 2317 2728 2370 135

212 2402 376 2462 vnde
405 2400 625 2460 crebro
659 2399 1018 2461 tentabatur
1057 2400 1352 2477 febribus,
1386 2401 1756 2479 praesertim
1796 2401 1865 2462 in
1900 2402 2365 2481 quadragesima
2404 2402 2485 2464 ob
2520 2402 2608 2479 pi-

208 2501 413 2562 scium
428 2518 633 2573 esum,
649 2518 913 2576 quorum
930 2499 1062 2559 solo
1074 2499 1261 2560 odore
1276 2498 1511 2560 solebat
1519 2499 1768 2561 offendi.
1802 2499 2141 2577 Ingenium
2159 2504 2291 2561 erat
2307 2499 2573 2577 simplex
2588 2521 2605 2574 ς

207 2598 360 2660 adeo
378 2597 733 2659 abhorrens
752 2616 789 2657 a
809 2597 1134 2657 mendacio
1150 2599 1222 2657 vt
1242 2597 1491 2675 puellus
1513 2596 1702 2657 etiam
1723 2597 1957 2657 odisset
1981 2617 2205 2676 pueros
2231 2598 2607 2659 mentientes

209 2701 274 2759 et
297 2716 494 2759 senex
522 2696 602 2756 ad
629 2695 888 2756 illorum
915 2700 1234 2773 aspectum
1253 2697 1444 2757 etiam
1464 2716 1717 2774 corpore
1744 2699 2254 2758 commoneretur.
2329 2697 2608 2775 Linguae

206 2799 376 2857 inter
412 2792 654 2854 amicos
690 2793 1013 2868 liberioris,
1057 2814 1509 2872 nonnunquam
1546 2797 1691 2872 plus
1729 2814 1915 2871 quam
1952 2798 2048 2854 sat
2087 2797 2287 2868 esset;
2329 2796 2395 2852 et
2428 2812 2610 2869 saepe
2639 2809 2736 2860 140

207 2893 411 2954 falsus
454 2911 588 2952 non
636 2893 881 2969 poterat
921 2894 1132 2952 tamen
1177 2892 1398 2953 amicis
1443 2893 1737 2954 diffidere.
1825 2891 2164 2953 Putidulus
2210 2892 2360 2966 erat,
2411 2909 2610 2968 neque

209 2991 558 3072 quidquam
598 3009 877 3068 vnquam
916 2990 1160 3068 scripsit
1202 2991 1364 3071 quod
1404 2991 1526 3070 ipsi
1565 2991 1875 3070 placeret;
1930 3010 2001 3052 ac
2040 3011 2121 3051 ne
2162 2990 2315 3051 facie
2356 2988 2608 3069 quidem

204 3089 469 3168 propria
523 3088 966 3165 delectabatur,
1018 3088 1246 3168 vixque
1293 3093 1604 3151 extortum
1659 3092 1755 3150 est
1804 3088 2146 3150 amicorum
2200 3088 2487 3165 precibus
2541 3090 2613 3147 vt

203 3208 275 3249 se
298 3186 488 3266 pingi
527 3188 857 3263 pateretur.
943 3187 1340 3264 Dignitatum
1366 3207 1436 3248 ac
1464 3188 1831 3249 diuitiarum
1865 3190 2201 3266 perpetuus
2229 3187 2615 3266 contemptor

204 3286 346 3362 fuit,
381 3305 591 3363 neque
617 3284 954 3362 quidquam
988 3284 1209 3346 habuit
1239 3286 1416 3364 prius
1445 3286 1571 3346 otio
1597 3305 1668 3347 ac
1695 3285 1993 3346 libertate.
2079 3284 2397 3345 Candidus
2435 3285 2614 3345 aesti-
2644 3301 2738 3353 145

206 3386 419 3444 mator
474 3381 715 3442 alienae
770 3383 1097 3458 doctrinae,
1160 3387 1224 3443 et
1277 3383 1482 3445 fautor
1536 3383 1929 3462 ingeniorum
1981 3382 2204 3443 vnicus
2250 3382 2305 3443 si
2358 3383 2613 3444 fortuna

208 3479 619 3559 suppetisset.
707 3480 786 3541 In
842 3480 1261 3557 prouehendis
1312 3481 1497 3543 bonis
1550 3481 1781 3542 litteris
1835 3500 2020 3541 nemo
2072 3481 2273 3559 magis
2330 3480 2606 3559 profecit,

276 3646 395 3681 120.
434 3632 498 3680 in
524 3630 577 3680 Οι
600 3649 634 3679 α
651 3648 666 3679 t
699 3630 768 3680 ad
793 3630 848 3680 O'
1005 3646 1118 3694 132.
1152 3646 1302 3682 nunc
1322 3647 1412 3683 om.
1436 3649 1484 3682 α.
1646 3645 1755 3694 134.
1791 3631 1969 3694 primo
1994 3635 2029 3680 ο
2049 3647 2065 3679 =
2096 3632 2272 3694 priore
2294 3649 2342 3682 a.
2476 3631 2530 3682 Ο1
2549 3649 2612 3682 a:

211 3696 515 3760 respondet
538 3695 594 3745 0³
831 3709 939 3759 135.
971 3697 1244 3748 .Formam
1269 3696 1325 3745 0²
1346 3716 1359 3747 ι
1400 3699 1660 3749 =formam
1687 3695 1777 3745 0¹:
1808 3698 2039 3746 formam
2058 3713 2109 3746 α.
2239 3697 2545 3747 deoeribens
2565 3714 2613 3747 c.

214 3765 326 3824 ¹3⁶·
362 3763 556 3811 crebro
579 3765 644 3810 O:
677 3776 803 3824 sepe
826 3780 871 3812 α.
1039 3777 1145 3825 137·
1179 3763 1317 3812 solet
1339 3781 1387 3814 α.
1556 3778 1662 3824 141.
1697 3776 1872 3824 neque
1898 3798 1912 3813 .
1937 3797 1952 3813 .
1975 3799 1990 3813 .
2020 3775 2111 3822 14⁹
2134 3763 2348 3825 scripsit
2373 3767 2409 3813 O
2427 3781 2443 3812 τ
2474 3777 2614 3812 nun-

211 3843 381 3891 quam
406 3829 701 3889 quicquam
727 3828 1011 3890 scripserat
1030 3846 1077 3878 α.

284 3976 399 4024 133.
436 3959 612 4024 nunc]
638 3960 847 4010 Merula
867 3962 1019 4009 notes
1045 3960 1169 4009 that
1191 3961 1372 4011 either
1470 3959 1685 4010 Vienna
1730 3960 2089 4023 manuscript,
2132 3961 2193 4009 in
2239 3961 2380 4024 spite
2423 3961 2485 4011 of
2517 3963 2614 4010 the

212 4042 341 4076 mne
388 4042 451 4076 or
495 4032 607 4075 mne
654 4024 815 4076 could
858 4025 925 4073 be
978 4025 1105 4074 read
1156 4027 1217 4074 in
1273 4027 1369 4076 the
1471 4028 1711 4076 contrast
1737 4025 1876 4074 with
1910 4029 1995 4074 tibi
2029 4026 2089 4073 in
2122 4028 2236 4077 line
2264 4041 2372 4090 133,
2398 4026 2494 4075 the
2529 4027 2612 4075 in-

215 4093 489 4157 origina13
544 4098 658 4141 tunc
696 4092 745 4139 is
787 4090 997 4154 plainly
1041 4091 1365 4154 impossible.
1464 4091 1718 4155 junction
1746 4091 1910 4154 being
1941 4090 2229 4141 addressed
2259 4094 2317 4141 to
2344 4092 2615 4142 Erasmus’

214 4157 295 4207 Cf.
323 4175 377 4222 p.
403 4174 481 4221 19-
505 4171 588 4220 25.
657 4157 773 4206 The
804 4156 953 4233 word
982 4156 1031 4206 is
1056 4157 1285 4222 missing
1307 4158 1369 4207 in
1470 4159 1765 4206 executore.
1832 4157 1944 4205 But
1982 4158 2028 4205 it
2067 4157 2115 4205 is
2152 4157 2454 4207 notice-able
2492 4158 2618 4207 that

214 4223 314 4272 the
338 4224 562 4272 Vienna
585 4223 943 4284 manuscript.
1469 4223 1602 4272 both
1637 4222 1822 4272 attach
1843 4223 1940 4272 the
1975 4222 2151 4271 words
2184 4227 2243 4272 to
2274 4222 2372 4273 the
2400 4222 2614 4286 preced-

286 4303 399 4351 ¹34·
435 4288 640 4339 Mutati
657 4285 863 4349 cultus]
881 4289 1105 4347 Apamia
1125 4322 1139 4336 .
1168 4323 1183 4337 .
1205 4324 1219 4338 .
1248 4291 1372 4337 nihil
1471 4288 1566 4350 ing
1586 4290 1875 4348 sentence;
1914 4286 1960 4334 it
1994 4288 2043 4336 is
2081 4288 2198 4337 first
2230 4290 2508 4351 separated
2544 4289 2616 4351 by

215 4358 392 4404 nabas
428 4370 574 4415 nequo
614 4356 727 4402 nasi
762 4367 909 4411 neque
942 4356 1091 4400 dentis
1125 4388 1140 4403 .
1177 4389 1192 4403 .
1232 4387 1247 4403 .
1279 4368 1375 4413 qua
1471 4353 1788 4403 Scriverius.
1844 4354 2043 4402 Beatus
2062 4354 2361 4403 Rhenanus
2377 4354 2619 4417 supplies

212 4425 451 4479 repondit
473 4458 487 4471 .
511 4455 528 4472 .
555 4421 813 4468 imm
840 4453 853 4467 .
886 4454 900 4467 .
927 4421 1023 4468 Lei.
1087 4418 1366 4482 Antwerp.
1472 4419 1566 4468 the
1589 4418 1918 4481 description
1941 4420 2001 4468 in
2023 4420 2093 4468 iv.
2120 4434 2221 4483 529
2240 4435 2349 4483 seq.

221 4484 295 4536 Π.
314 4486 524 4537 nmen.
551 4499 699 4549 ¹52⁰·
724 4484 781 4533 Π.
838 4482 903 4533 Β*
920 4487 994 4534 ν’).
1018 4483 1125 4533 and
1146 4485 1208 4533 G.
1266 4484 1371 4533 Not
1543 4486 1651 4547 138.
1685 4484 1980 4533 abhorrens
2002 4522 2014 4535 .
2041 4522 2054 4535 .
2077 4520 2090 4533 .
2120 4484 2415 4549 liberioris]
2450 4484 2616 4534 taken

220 4550 283 4600 in
306 4551 411 4603 LB.
1473 4550 1670 4600 almost
1724 4549 1968 4614 verbally
2032 4550 2170 4599 from
2235 4551 2333 4600 the
2387 4554 2614 4610 Sponyia,

292 4631 395 4680 135.
432 4615 783 4680 describetis]
844 4614 1092 4664 Merula's
1152 4614 1376 4678 reading
1473 4617 1699 4665 written
1728 4616 1790 4663 in
1821 4616 1918 4664 the
1947 4630 2189 4666 summer
2217 4617 2277 4667 of
2306 4629 2445 4678 1523.
2509 4614 2619 4664 LB.

222 4683 400 4734 makes
436 4686 618 4734 better
659 4696 823 4732 sense
859 4680 1001 4729 than
1035 4681 1157 4729 that
1189 4681 1249 4729 of
1277 4681 1374 4730 the
1474 4696 1525 4732 x.
1553 4683 1944 4743 16631-166411.

1355 4783 1459 4826 132
