3355 5380
620 385 736 439 326
1310 377 1690 440 LETTERS
1747 379 1853 439 OF
1910 378 2311 441 ERASMUS
2825 378 3015 463 [1500

614 556 831 597 meum
871 535 1246 596 amabilibus
1287 535 1496 596 verbis
1538 535 1879 610 excusabis,
1923 539 2225 614 tanquam
2265 536 2594 614 ingenium
2632 558 2846 599 meum
2889 559 3013 600 non

614 634 700 696 sit
741 654 993 713 passum
1029 638 1100 695 vt
1140 634 1237 695 illi
1272 633 1394 712 ipsi
1427 654 1634 695 meam
1673 638 2016 713 egestatem
2052 635 2375 714 aperirem.
2464 637 2559 697 'I'u
2598 657 2747 698 vero
2784 637 3019 699 scribes

616 754 717 794 me
759 732 887 794 iam
927 732 998 793 in
1040 752 1291 794 summa
1338 734 1610 812 egestate
1658 733 1910 806 versari,
1953 753 2026 794 eo
2075 734 2241 811 quod
2283 735 2434 795 haec
2485 736 2633 813 fuga
2671 736 3020 797 Aureliana

528 854 591 901 30
616 831 778 892 mihi
805 850 1034 910 magno
1060 830 1347 908 sumptui
1373 830 1580 891 fuerit.
1668 831 2111 893 Recedendum
2148 832 2322 920 enim
2349 836 2481 893 erat
2508 834 2587 894 ab
2616 833 2697 894 iis
2725 855 2763 894 a
2791 834 3026 911 quibus

614 929 966 1008 compendii
994 929 1290 990 nonnihil
1317 929 1650 1007 capiebam.
1744 929 1871 989 Nec
1899 950 2166 1007 vsquam
2193 930 2466 993 doctoris
2493 931 2761 993 titulum
2789 934 3022 994 rectius

613 1028 810 1107 accipi
849 1048 1026 1105 posse
1066 1048 1255 1106 quam
1297 1027 1366 1087 in
1408 1027 1616 1102 Italia,
1663 1047 1775 1087 nec
1817 1027 2074 1089 Italiam
2115 1030 2195 1090 ab
2235 1029 2492 1089 homine
2532 1030 2796 1091 delicato
2838 1051 3024 1108 posse

612 1127 774 1188 adiri
827 1126 966 1188 sine
1012 1145 1261 1187 summa
1306 1125 1372 1186 vi
1419 1125 1756 1204 pecuniae3
1816 1126 2092 1188 maxime
2141 1127 2306 1205 quod
2354 1127 2518 1189 mihi
2564 1129 2644 1190 ob
2692 1129 3025 1191 literarum

615 1227 1113 1304 qualemcunque
1127 1224 1489 1302 opinionem
1511 1223 1826 1285 sordidius
1848 1225 2059 1285 viuere
2079 1245 2159 1285 ne
2178 1225 2361 1286 liceat
2378 1226 2648 1304 quidem.
2711 1228 3024 1289 Ostendes

530 1341 590 1389 35
616 1326 852 1402 quanto
880 1322 1153 1400 amplius
1178 1343 1294 1400 ego
1322 1322 1447 1383 sim
1484 1322 1642 1383 meis
1679 1322 1885 1383 literis
1923 1323 2111 1384 decus
2138 1323 2446 1385 Dominae
2482 1324 2792 1387 allaturus
2829 1347 3023 1404 quam

615 1421 743 1495 alii,
776 1441 930 1498 quos
955 1421 1087 1496 alit,
1120 1420 1414 1499 theologi.
1493 1420 1657 1481 Nam
1688 1421 1784 1481 illi
1813 1422 2097 1498 vulgaria
2133 1422 2619 1499 concionantur;
2662 1445 2775 1501 ego
2811 1425 3025 1486 scribo

618 1540 775 1597 quae
817 1539 1060 1596 semper
1101 1519 1234 1579 sint
1273 1518 1533 1581 victura.
1622 1519 1734 1579 Illi
1776 1519 2025 1581 indocte
2064 1524 2374 1599 nugantes
2407 1542 2530 1582 vno
2570 1526 2681 1583 aut
2717 1522 2916 1585 altero
2951 1523 3024 1585 in

618 1619 856 1697 templo
899 1617 1283 1690 audiuntur;
1345 1617 1473 1677 mei
1513 1617 1662 1680 libri
1702 1636 1740 1678 a
1779 1617 2043 1692 Latinis,
2086 1641 2124 1680 a
2170 1619 2436 1694 Graecis,
2481 1620 2558 1680 ab
2609 1621 2788 1681 omni
2833 1626 3022 1699 gente

618 1721 754 1778 toto
789 1716 936 1776 orbe
968 1717 1268 1793 legentur.
1359 1715 1690 1775 Eiusmodi
1727 1715 2123 1778 indoctorum
2152 1716 2585 1795 theologorum
2611 1739 3023 1800 permagnam

530 1835 593 1882 40
617 1815 847 1892 vbique
870 1834 1001 1875 esse
1026 1814 1289 1891 copiam,
1314 1813 1442 1873 mei
1467 1812 1746 1875 similem
1764 1814 1875 1876 vix
1894 1834 2093 1875 vnum
2121 1834 2199 1875 ex
2218 1815 2438 1876 multis
2458 1815 2686 1877 seculis
2704 1816 2989 1878 inueniri
3009 1841 3025 1893 ς

619 1914 744 1976 nisi
783 1915 945 1975 forte
984 1913 1136 1973 adeo
1177 1910 1648 1990 superstitiosus
1683 1933 1767 1988 es,
1800 1916 1871 1973 vt
1909 1911 2126 1991 religio
2163 1912 2283 1993 tibj
2324 1913 2409 1973 sit
2446 1914 2515 1975 in
2551 1915 2737 1976 amici
2775 1917 3029 1995 negotio

619 2011 1017 2073 mendatiolis
1043 2010 1285 2087 aliquot
1308 2009 1507 2070 abuti.
1576 2010 1820 2072 Deinde
1846 2011 2134 2072 ostendes
2159 2011 2361 2073 nihilo
2390 2011 2567 2074 illam
2593 2014 3029 2092 pauperiorem

621 2111 916 2184 futuram,
962 2109 1018 2168 si
1064 2111 1138 2169 vt
1181 2108 1611 2188 Hieronymus
1659 2109 1788 2170 iam
1833 2110 2227 2188 deprauatuS,
2274 2110 2331 2170 si
2379 2113 2452 2170 vt
2494 2131 2641 2172 vera
2681 2112 3029 2193 Theologia

565 2221 569 2226 “
619 2207 1018 2280 instauretur,
1051 2206 1292 2284 aliquot
1319 2206 1524 2268 aureis
1550 2205 1882 2281 adiuuerit,
1906 2227 2104 2287 quum
2135 2211 2309 2268 tanta
2336 2228 2413 2269 ex
2445 2208 2622 2272 illius
2649 2211 2878 2289 opibus
2905 2217 3029 2275 tur·

532 2322 593 2368 45
619 2305 875 2385 pissime
903 2308 1181 2383 pereant.

703 2403 877 2464 Haec
910 2403 1019 2464 vbi
1046 2424 1159 2481 pro
1188 2405 1299 2463 tuo
1327 2402 1581 2480 ingenio
1617 2403 2034 2482 amplificatis,
2069 2404 2267 2483 deque
2302 2404 2462 2467 meis
2494 2406 2794 2483 moribus,
2828 2410 3029 2487 deque

621 2523 762 2564 mea
801 2523 926 2579 spe,
958 2502 1035 2562 de
1074 2501 1376 2563 charitate
1416 2501 1486 2561 in
1520 2502 1879 2576 Dominam,
1915 2502 1993 2562 de
2032 2503 2408 2564 verecundia
2446 2504 2651 2565 multa
2688 2506 3028 2585 scripseris,

621 2605 761 2662 tum
789 2600 981 2662 addes
1016 2621 1116 2660 me
1148 2599 1466 2677 scripsisse
1500 2600 1788 2661 ducentis
1824 2600 2054 2662 francis
2090 2601 2349 2662 omnino
2386 2602 2549 2663 mihi
2585 2624 2743 2681 opus
2774 2624 2929 2681 esse,
2961 2609 3029 2666 vt

622 2700 857 2779 posteri
904 2700 1055 2761 anni
1094 2699 1393 2761 salarium
1435 2699 1878 2776 impraesentia
1924 2700 2265 2778 largiatur;
2321 2700 2385 2761 id
2429 2701 2594 2780 quod
2636 2722 2764 2780 ege,
2813 2704 3025 2780 Batte,

536 2821 599 2869 50
621 2799 991 2879 neutiquam
1039 2798 1227 2877 fingo.
1337 2797 1500 2859 Nam
1548 2800 1802 2859 centum
1852 2797 2097 2874 francis,
2150 2819 2265 2860 nec
2311 2798 2392 2860 iis
2439 2798 2692 2878 quidem
2740 2801 3031 2881 integris,

622 2899 878 2961 Italiam
920 2901 1123 2976 petere
1173 2917 1300 2958 non
1341 2896 1505 2957 mihi
1545 2899 1763 2957 tutum
1803 2896 2068 2971 videtur,
2114 2896 2242 2958 nisi
2284 2918 2502 2959 rursus
2541 2898 2609 2958 in
2651 2899 3029 2962 seruitutem

624 2996 972 3075 cuiuspiam
1022 2995 1242 3056 dedere
1285 3015 1386 3056 me
1425 2994 1658 3070 velim;
1713 2994 1778 3055 id
1820 2995 2187 3073 priusquam
2229 2996 2444 3071 fecero,
2487 2998 2757 3058 emoriar
2795 3000 3023 3076 potius.

624 3095 788 3156 Tum
822 3095 1198 3174 quantulum
1235 3095 1457 3155 referet
1490 3093 1626 3154 eius
1663 3095 1734 3154 in
1772 3093 2201 3172 praesentiane
2238 3113 2318 3155 an
2358 3098 2499 3172 post
2533 3115 2775 3157 annum
2814 3098 3029 3175 donet,

528 3190 531 3196 “
625 3196 688 3254 et
726 3214 866 3254 mea
907 3192 1159 3271 quidem
1202 3192 1392 3253 refert
1429 3191 1819 3270 plurimum;
1868 3190 2090 3253 deinde
2132 3191 2322 3253 suade
2364 3197 2435 3253 vt
2477 3193 2823 3255 sacerdotio
2863 3196 3029 3258 mihi

539 3307 598 3355 55
625 3291 835 3369 aliquo
873 3311 1124 3368 prorsus
1159 3289 1457 3365 consulat,
1490 3292 1562 3350 vt
1598 3308 1887 3350 reuersus
1913 3290 2178 3350 habeam
2205 3290 2314 3352 vbi
2344 3290 2410 3351 in
2447 3291 2649 3352 literis
2686 3293 3025 3370 quiescam.

627 3390 844 3468 Neque
885 3390 1092 3449 solum
1134 3389 1254 3450 hoc
1301 3388 1506 3464 suade,
1554 3388 1662 3448 sed
1706 3387 1897 3448 etiam
1944 3388 2250 3449 rationem
2296 3408 2334 3449 a
2375 3390 2571 3467 teipso
2613 3392 3034 3468 excogitatam

627 3507 816 3564 quam
858 3488 1089 3563 poteris
1127 3486 1699 3548 commodissimam
1741 3486 2011 3561 ostende,
2044 3486 2138 3548 vti
2179 3507 2255 3548 ex
2294 3488 2514 3549 multis
2550 3490 2832 3568 primum
2871 3492 3035 3553 mihi

628 3584 975 3664 promittat,
1003 3584 1055 3644 si
1085 3604 1211 3645 non
1241 3583 1570 3662 optimum,
1596 3584 1919 3647 tolerabile
1946 3587 2126 3659 certe,
2153 3586 2321 3663 quod
2348 3589 2593 3647 mutem
2619 3587 2730 3649 vbi
2757 3590 3034 3667 amplius

629 3681 974 3761 contigerit.
1063 3681 1276 3760 Neque
1312 3683 1519 3744 nescio
1556 3682 1796 3743 multos
1830 3703 1963 3743 esse
1991 3683 2100 3761 qui
2134 3684 2481 3745 sacerdotia
2507 3689 2725 3764 petant
2751 3710 2766 3760 3
2810 3707 3034 3748 verum

539 3783 604 3831 60
630 3802 730 3842 me
758 3800 893 3841 esse
921 3780 1087 3841 dices
1121 3780 1452 3841 hominem
1487 3800 1707 3856 vnum,
1742 3801 1929 3859 quem
1966 3782 2020 3841 si
2060 3802 2206 3842 cum
2242 3782 2536 3844 omnibus
2571 3784 2835 3845 caeteris
2870 3804 3033 3847 com-

629 3882 835 3958 ponat,
882 3882 998 3939 etc.
1085 3877 1221 3939 Scis
1261 3898 1500 3939 morem
1542 3883 1727 3941 tuum
1767 3880 2100 3958 antiquum
2139 3880 2514 3942 effusissime
2555 3884 2910 3945 mentiendi
2951 3884 3034 3945 de

631 3977 909 4038 Erasmo.
997 3976 1169 4037 Haec
1205 3976 1421 4036 eadem
1457 3981 1528 4037 vt
1566 3978 1797 4040 scribat
1830 3978 2167 4054 Adolphus
2203 3981 2352 4039 tuus
2387 3979 2650 4055 curabis,
2690 3984 2754 4041 te
2790 3981 3033 4043 scilicet

629 4095 840 4153 preces
881 4074 1152 4139 dictante
1189 4075 1669 4149 blandissimas;
1726 4076 2146 4155 continuoque
2184 4076 2430 4138 curabis
2464 4081 2534 4139 vt
2575 4083 2834 4140 centum
2871 4079 3039 4141 fran-

632 4194 848 4235 corum
896 4172 1224 4252 promissio
1265 4173 1669 4234 confirmetur
1709 4177 1789 4249 et,
1836 4176 1891 4235 si
1939 4174 2074 4234 fieri
2123 4178 2345 4252 potest,
2390 4195 2535 4236 cum
2576 4176 2873 4254 Adelpho
2920 4181 3036 4240 tuo

541 4268 605 4332 ⁶5
632 4272 1144 4346 communicetur,
1177 4274 1252 4332 vt
1288 4271 1343 4332 si
1371 4271 1511 4349 quis
1548 4290 1727 4333 casus
1756 4280 2021 4332 matrem
2051 4273 2236 4349 (quod
2266 4293 2454 4333 omen
2491 4274 2675 4351 absit)
2707 4275 3029 4353 eripuerit,

699 4461 782 4507 40.
813 4459 985 4495 vnum
1009 4459 1075 4493 ex
1097 4460 1186 4494 om.
1214 4448 1275 4493 N.
1445 4445 1527 4493 60.
1562 4448 1862 4507 componat,
1885 4447 1986 4494 etc.
2012 4480 2024 4493 .
2052 4479 2065 4494 .
2089 4480 2104 4494 .
2129 4447 2212 4495 62.
2250 4445 2488 4496 Erasmo.
2508 4449 2563 4495 H
2581 4463 2593 4495 :
2626 4451 2916 4510 componat
2943 4482 2959 4497 .
2978 4483 2993 4498 .
3013 4482 3030 4498 .

636 4511 872 4573 Erasmo,
900 4513 1001 4559 etc.
1024 4514 1082 4559 E.

699 4692 782 4740 32.
820 4677 1008 4743 Italia]
1044 4676 1125 4725 Cf.
1153 4677 1249 4740 Ep.
1283 4676 1391 4738 136.
1419 4692 1499 4738 49.
1950 4692 2031 4739 43.
2073 4676 2469 4742 Hieronymus]
2506 4677 2586 4729 Cf.
2612 4678 2711 4741 Ep.
2744 4681 2853 4743 138.
2879 4694 2961 4741 39.
