3355 5380
228 385 408 470 1488]
1167 394 1273 454 To
1328 394 1719 458 SAsssoun
2552 405 2624 460 91

225 545 426 621 illum,
468 545 537 607 in
581 568 711 625 quo
755 548 1057 627 quosdam
1098 549 1214 611 tibi
1256 551 1453 627 flores,
1502 572 1645 613 cum
1687 573 1812 614 vna
1853 572 2148 628 essemuS,
2194 555 2630 633 depinxeram:

228 644 335 721 qui
363 645 617 723 quidem
645 647 862 707 nescio
902 667 1025 724 quo
1060 651 1240 725 pacto
1277 648 1356 709 ad
1395 669 1513 711 nos
1552 671 1755 728 nuper
1793 651 1996 712 rediit.
2087 652 2222 728 Qua
2261 653 2330 713 in
2371 673 2439 713 re
2479 655 2630 732 quid

228 743 390 803 mihi
417 744 572 804 mali
597 749 711 805 tua
738 765 901 823 pene
929 747 1237 823 parauerit
1268 747 1522 825 incuria,
1555 749 1725 810 haud
1759 750 1939 810 facile
1981 750 2244 811 dixerim
2268 774 2285 827 ;
2325 752 2632 830 siquidem

226 842 337 918 qui
374 842 559 902 illum
596 843 710 904 abs
749 845 815 903 te
855 844 1168 906 deferebat
1196 845 1523 921 Hem-icus,
1574 846 1778 908 aiebat
1818 852 1883 908 te
1922 849 2252 909 asseruisse
2293 869 2332 910 a
2370 870 2475 911 me
2513 849 2632 912 tibi
2662 871 2721 922 15

227 941 559 1002 venditum
587 961 760 1016 esse;
802 942 971 1020 quod
999 963 1187 1020 quam
1216 943 1494 1004 alienum
1530 964 1568 1004 a
1595 965 1745 1006 vero
1782 947 1881 1022 sit,
1916 945 2049 1024 ipse
2089 967 2218 1007 non
2258 966 2326 1007 es
2362 948 2625 1009 nescius.

226 1039 572 1101 Inficiabar
610 1041 822 1118 itaque
863 1061 993 1119 ege,
1040 1044 1112 1101 vt
1152 1041 1353 1117 debui,
1396 1044 1818 1120 vehementer,
1865 1045 2104 1123 fecique
2145 1046 2403 1107 tandem
2441 1046 2632 1107 fidem

223 1159 361 1199 rem
390 1139 577 1200 aliter
601 1142 793 1217 atque
821 1143 1132 1216 acceperat
1159 1160 1225 1200 se
1249 1140 1492 1201 habere.

309 1240 402 1298 At
441 1240 529 1313 tu,
576 1237 910 1312 Sasboude‚
953 1237 1261 1298 sodalium
1302 1258 1588 1300 meorum
1630 1240 1961 1315 carissime,
1997 1261 2147 1302 caue
2187 1244 2252 1301 te
2294 1242 2448 1302 adeo
2489 1242 2641 1303 huic

224 1334 529 1413 pingendi
569 1336 834 1396 artificio
876 1336 1082 1411 dedas,
1124 1340 1193 1397 vt
1234 1336 1558 1398 literarum
1598 1338 1718 1398 tibi
1759 1359 1907 1399 cura
1947 1340 2206 1400 recedat.
2296 1339 2430 1400 Scis
2470 1343 2635 1401 certe
2664 1365 2726 1402 20

221 1434 378 1512 quid
420 1433 574 1492 hinc
614 1432 742 1493 iam
784 1434 1066 1495 abiturus
1106 1434 1267 1494 mihi
1306 1434 1618 1511 pollicitus
1646 1436 1750 1513 sis,
1794 1440 1859 1497 et
1902 1457 2023 1514 qua
2054 1438 2191 1516 lege
2229 1437 2423 1498 libros
2455 1456 2493 1498 a
2532 1458 2635 1499 me

222 1533 505 1609 poeticos
532 1533 876 1610 susceperis
901 1553 918 1607 ;
960 1532 1250 1593 videlicet
1275 1536 1349 1593 vt
1386 1536 1592 1594 totum
1628 1536 1692 1594 te
1719 1534 2045 1596 literarum
2074 1535 2272 1596 amori
2309 1535 2636 1613 studioque

222 1631 562 1693 dedicares.
679 1632 858 1709 Quod
922 1631 1176 1709 quidem
1229 1635 1302 1693 vt
1358 1632 1761 1710 spopondisti,
1815 1634 1948 1712 (si)
1995 1653 2243 1695 seruare
2301 1636 2630 1710 curaueris,

219 1751 362 1790 rem
419 1730 615 1791 facies
667 1751 783 1808 pro
829 1750 970 1791 meo
1013 1750 1159 1807 erga
1203 1733 1268 1791 te
1314 1751 1527 1791 amore
1579 1751 1712 1792 non
1767 1731 2190 1809 iniucundam,
2246 1732 2367 1793 tibi
2420 1737 2634 1794 autem

222 1849 514 1890 summae
542 1832 606 1890 et
630 1829 895 1890 vtilitati
933 1833 996 1890 et
1021 1829 1331 1907 voluptati
1368 1829 1664 1891 futuram.
1755 1830 1870 1891 Sin
1909 1834 2057 1892 tuae
2093 1831 2318 1892 salutis
2355 1833 2635 1892 incurius
2663 1853 2722 1905 25

220 1928 494 1989 minime
533 1927 766 2003 feceris,
811 1947 915 1987 me
958 1927 1227 2006 quidem,
1274 1928 1384 2006 qui
1432 1932 1545 1989 tua
1585 1927 1981 1989 incommoda
2023 1949 2218 2007 aeque
2260 1933 2446 2008 atque
2491 1950 2634 1991 mea

221 2027 426 2101 doleo,
460 2027 682 2087 acerbo
714 2045 996 2086 maerore
1033 2026 1348 2101 affeceris3
1388 2028 1461 2086 tu
1489 2045 1637 2087 vero
1674 2031 1973 2104 perpetuo
2008 2027 2280 2105 perieris.
2373 2029 2632 2090 Possem

222 2126 363 2202 tibi,
410 2124 536 2186 nisi
580 2144 684 2185 me
733 2122 1032 2200 temporis
1079 2124 1496 2201 epistolaeque
1535 2126 1896 2202 prohiberet
1934 2126 2242 2204 angustia,
2289 2147 2636 2188 memorare

225 2224 739 2304 quamplurimos,
789 2226 852 2283 et
897 2222 1149 2301 quidem
1204 2244 1239 2283 e
1288 2222 1535 2298 nostris,
1587 2224 1695 2301 qui
1742 2224 1872 2284 iam
1917 2224 2068 2302 quid
2114 2223 2345 2302 gloriae
2393 2226 2627 2300 literae,

223 2325 380 2401 quid
429 2322 746 2384 dedecoris
791 2320 1019 2381 habeat
1061 2320 1373 2398 imperitia
1418 2321 1668 2399 experti,
1719 2322 1993 2383 maxima
2041 2322 2294 2400 quidem
2341 2322 2450 2383 sed
2497 2343 2632 2384 sera
2660 2345 2724 2394 30

221 2423 585 2482 afficiuntur
632 2419 1034 2497 poenitentia,
1077 2420 1241 2497 quod
1287 2421 1506 2496 aptum
1554 2418 1876 2480 literarum
1925 2420 2135 2480 studio
2181 2420 2630 2482 adolescentiae

222 2522 480 2597 tempus
527 2519 695 2579 inter
741 2518 970 2596 digitos
1009 2516 1263 2577 fluxisse
1302 2517 1706 2594 conspiciant.
1794 2518 2021 2596 Itaque
2068 2521 2131 2579 et
2178 2521 2268 2593 tu,
2315 2518 2632 2581 Sasboude

223 2616 617 2693 suauissime,
664 2615 819 2675 dum
872 2614 1111 2694 integra
1164 2613 1282 2674 tibi
1335 2615 1554 2675 floreat
1609 2619 1796 2692 aetas,
1843 2614 2140 2676 formicae
2184 2616 2470 2694 exemplo
2511 2616 2630 2677 tibi

223 2735 443 2792 parare
498 2714 805 2775 contende
859 2714 1023 2791 quod
1080 2713 1326 2775 senium
1374 2716 1557 2775 tuum
1605 2714 1871 2775 oblectet
1919 2715 2214 2793 alatque;
2272 2714 2631 2778 adolescens

225 2813 450 2892 collige
519 2833 642 2892 quo
710 2832 901 2874 senex
968 2812 1253 2890 gaudeas.
1359 2813 1574 2890 Atque
1641 2812 1708 2873 id
1770 2815 1843 2873 vt
1909 2812 2251 2873 studiosius
2318 2814 2622 2889 conficias,
2656 2832 2716 2882 35

226 2911 722 2990 operaepretium
763 2914 858 2971 est
897 2914 969 2971 vt
1010 2910 1232 2972 aetatis
1271 2913 1417 2971 tuae
1459 2911 1985 2989 intemperantem
2020 2910 2366 2985 libidinem,
2410 2910 2465 2972 si
2502 2931 2629 2972 non

226 3009 480 3086 penitus
533 3028 740 3069 arcere
793 3012 971 3085 potes
1023 3009 1195 3085 (nam
1252 3008 1315 3068 id
1361 3009 1471 3069 vix
1516 3009 1795 3069 hominis
1839 3007 1973 3086 est),
2020 3009 2246 3070 saltem
2292 3008 2631 3070 modereris

225 3109 418 3185 atque
443 3126 740 3168 coerceas.
831 3106 990 3183 Quid
1020 3107 1225 3168 dicam
1252 3106 1571 3185 intelligis.

302 3205 500 3267 Hisce
541 3206 619 3266 de
660 3204 847 3265 rebus
887 3204 1053 3265 satie.
1141 3204 1230 3264 Vt
1275 3205 1501 3280 valeas,
1550 3205 1701 3283 quid
1747 3205 1889 3266 istic
1932 3224 2140 3266 rerum
2188 3205 2428 3282 actites,
2476 3207 2627 3289 quid

225 3304 339 3364 tibi
381 3304 739 3365 sententiae
779 3303 880 3379 sit,
929 3303 1078 3381 quid
1120 3323 1197 3364 ex
1242 3323 1347 3363 me
1386 3302 1558 3379 velis,
1605 3308 1718 3365 aut
1756 3308 1918 3364 certe
1959 3304 2018 3366 si
2057 3302 2207 3381 quid
2248 3302 2418 3365 aliud
2459 3305 2626 3383 quod
2651 3321 2718 3369 40

224 3422 362 3462 mea
404 3401 565 3462 scire
603 3401 871 3478 intersit,
902 3421 1006 3461 me
1047 3400 1516 3479 quamprimum
1557 3401 1756 3462 literis
1796 3402 2123 3462 certiorem
2165 3401 2400 3476 reddas,
2435 3404 2628 3465 etiam

222 3505 408 3578 atque
452 3500 651 3560 etiam
690 3519 856 3577 rogo.
942 3499 1119 3574 Vale,
1158 3497 1477 3559 Sasboude
1515 3499 1608 3559 mi
1647 3499 2058 3574 suauissime;
2114 3518 2341 3576 quaeso
2372 3502 2442 3561 vt
2482 3521 2626 3562 cum

224 3599 382 3658 bene
423 3599 528 3676 agi
566 3603 776 3657 mcum
804 3597 1084 3671 senseris,
1112 3596 1239 3656 mei
1280 3595 1779 3658 coniunctissimi
1818 3597 2134 3674 quondam
2175 3597 2423 3673 sodalis,
2456 3619 2626 3660 nunc

223 3715 418 3774 aeque
445 3695 869 3756 amantissimi
896 3696 1082 3757 facito
1110 3693 1487 3756 memineris.

548 3856 632 3903 23.
670 3842 717 3891 si
741 3845 857 3891 aad.
882 3846 981 3891 LB.
1530 3856 1609 3903 43.
1646 3846 1827 3893 tecum
1848 3846 1948 3892 ΕΒ.
1972 3857 1986 3890 z
2020 3857 2231 3892 mecum
2256 3845 2322 3892 0¹.

288 4064 363 4098 12.
403 4047 788 4113 depinxeram]
819 4048 1049 4111 Opmeer
1069 4045 1181 4111 (Op.
1207 4050 1370 4094 Chron-
1603 4047 1749 4097 Olim
1792 4049 1853 4095 in
1889 4048 2140 4098 Steinaeo
2173 4047 2390 4111 quando
2421 4045 2626 4096 latebat

225 4117 260 4176 i,
292 4131 344 4178 p.
386 4115 488 4176 438
548 4113 767 4162 recorda
811 4113 932 4162 that
970 4113 1227 4162 Erasmus
1265 4109 1373 4159 had
1669 4127 1810 4176 agro.

225 4195 365 4230 some
470 4182 482 4191 ‘
565 4182 632 4228 in
664 4180 937 4242 painting,
958 4177 1069 4226 and
1099 4178 1377 4226 mentions
1473 4177 1691 4242 Among
1724 4180 1998 4228 Erasmus'
2040 4180 2312 4242 epigrama
2349 4192 2439 4228 are
2478 4193 2628 4228 some

226 4261 256 4293 a
295 4248 513 4308 picture
558 4246 637 4308 by
683 4244 799 4292 him
844 4245 904 4292 of
935 4244 1121 4294 Christ
1163 4257 1236 4291 on
1280 4241 1376 4290 the
1474 4244 1717 4306 couplets
1745 4244 1998 4294 attached
2032 4249 2089 4294 to
2119 4246 2374 4308 pictures,
2399 4245 2629 4307 perhaps

224 4312 393 4374 cm
424 4312 723 4374 belonging
760 4315 818 4360 to
851 4309 1134 4359 Cornelius
1165 4308 1379 4358 uanius
1474 4307 1536 4359 of
1550 4309 1641 4358 his
1662 4325 1788 4358 own
1809 4311 2078 4374 painting.

228 4379 587 4442 (1500-1572),
637 4377 863 4425 Provost
901 4377 960 4424 of
1003 4374 1100 4423 the
1142 4375 1376 4422 convent
1546 4377 1625 4424 16.
1662 4375 1978 4440 venditum]
2035 4377 2133 4427 ΜΓ.
2176 4374 2399 4424 Nichols
2445 4376 2629 4438 points

228 4442 282 4490 of
313 4444 389 4492 St.
424 4444 648 4506 Agatha
680 4444 740 4490 at
773 4439 923 4489 Delfi.
956 4439 1044 4504 (cf.
1076 4439 1373 4501 Bleiswyk,
1476 4442 1574 4490 ont
1602 4441 1728 4490 that
1757 4444 1815 4490 to
1840 4441 1941 4490 sell
1971 4441 2247 4504 anything
2276 4440 2460 4490 would
2490 4441 2629 4489 have

228 4510 461 4569 Bm.
482 4513 533 4557 d.
560 4511 705 4557 stadt
724 4510 966 4569 Dmpp.
989 4508 1089 4567 364
1111 4503 1221 4554 and
1242 4506 1377 4566 695-
1475 4506 1712 4556 violated
1745 4508 1842 4556 the
1880 4507 1999 4556 mle
2034 4507 2094 4556 of
2126 4507 2224 4556 the
2255 4506 2415 4554 order
2446 4505 2630 4555 which

233 4573 356 4633 τοῦ).
418 4574 476 4624 It
496 4575 627 4622 bore
650 4573 751 4623 the
774 4573 1165 4633 inscription—
1476 4572 1696 4620 forbade
1720 4572 1815 4620 the
1846 4574 2149 4634 possession
2183 4572 2241 4621 of
2268 4572 2479 4634 private
2512 4586 2632 4633 pro-

290 4638 430 4689 Haec
449 4639 775 4690 Desiderins
801 4638 895 4701 (ne
929 4638 1174 4700 spernas)
1193 4634 1376 4698 pinxit
1474 4641 1647 4700 perty.

412 4707 692 4768 numus,
1541 4717 1622 4764 32.
1662 4704 1811 4753 inter
1833 4703 2059 4767 digitos]
2086 4701 2165 4753 of.
2195 4702 2289 4764 Ep.
2322 4716 2396 4761 15-
2419 4714 2500 4761 52.

1372 4806 1488 4847 112
