3355 5380
622 405 737 463 392
1324 403 1703 465 LETTERS
1757 403 1864 464 OF
1918 402 2331 466 ERASMUS·
2823 396 3012 483 [1503

613 560 942 622 hominem
1013 560 1241 621 donato
1304 560 1635 638 pregrandi
1697 560 1867 622 malo
1940 581 2239 641 magnam
2308 562 2387 623 ab
2448 558 2797 623 Artaxerxe
2850 556 3019 637 Rege

615 658 883 737 gratiam
911 658 1104 719 inisse
1131 680 1148 734 ;
1186 661 1328 719 tum
1358 657 1679 720 Maronem
1699 659 1975 738 Augusti
1998 659 2508 722 beneuolentiam
2532 657 2719 719 vnico
2744 656 3019 718 disticho

529 775 594 826 50
615 757 952 820 redemisse
978 778 994 831 ;
1033 776 1231 835 neque
1272 776 1412 818 raro
1453 756 1611 818 alias
1649 777 1935 819 summos
1971 757 2146 820 viros
2183 759 2425 836 exiguis
2464 755 2865 818 munusculis
2904 756 3020 815 im·

614 855 847 935 pendio
891 855 1086 916 fuisse
1120 854 1494 931 delectatos;
1534 857 1865 934 postremo,
1898 855 2063 933 quod
2102 851 2417 935 eleganter
2451 853 2700 933 scripsit
2742 852 3015 927 Plinius,

614 953 987 1016 numinibus
1012 953 1168 1030 ipsis
1192 952 1356 1014 salsa
1380 952 1550 1015 mola
1576 952 1760 1015 litare
1784 957 1892 1015 eos
1919 953 2030 1033 qui
2057 953 2246 1015 thura
2271 973 2400 1015 non
2425 953 2678 1015 habent.

535 1041 536 1046 ἵ
618 1088 622 1091 >
699 1053 943 1129 Quibus
987 1052 1174 1113 rebus
1221 1052 1417 1113 fretus
1474 1069 1664 1113 ausus
1711 1072 1856 1113 sum
1900 1056 1963 1114 et
2010 1052 2145 1131 ipse
2191 1056 2339 1115 tuae
2383 1051 2855 1130 praecellentiae
2897 1050 3018 1111 hos

615 1151 798 1231 quasi
850 1153 980 1211 tres
1032 1149 1323 1211 flosculos
1381 1150 1704 1212 strenulae
1754 1149 1894 1212 vice
1955 1150 2122 1213 dono
2173 1151 2427 1213 mittere
2496 1150 2576 1212 de
2632 1153 3017 1218 Graecorum

528 1269 589 1326 55
615 1248 870 1310 rosariis
888 1247 1245 1326 decerptos;
1287 1247 1797 1329 quandoquidem
1823 1249 1945 1310 hoc
1971 1249 2229 1310 nomine
2260 1250 2362 1312 vel
2400 1250 2741 1312 Paestanas
2764 1248 3021 1310 delicias

615 1347 884 1409 vincunt
935 1346 1260 1408 Musarum
1314 1345 1569 1419 hortuli,
1627 1346 1793 1425 quod
1847 1347 2028 1409 nullo
2081 1368 2299 1410 mense
2354 1369 2484 1410 non
2534 1350 2826 1411 vernant.
2929 1349 3022 1409 At

616 1447 860 1525 primus
912 1445 1165 1525 quidem
1221 1446 1407 1525 longe
1460 1445 1848 1508 bellissimus
1894 1465 1965 1507 ac
2007 1446 2545 1526 fragrantissimus
2597 1446 2668 1509 in
2715 1445 3022 1507 Latinum

615 1564 971 1606 sermonem
997 1544 1493 1623 transplantatus
1517 1545 1614 1605 est
1639 1542 1720 1604 de
1744 1542 2114 1606 cultissimis
2142 1544 2367 1606 areolis
2394 1544 2642 1607 Libanii
2682 1543 3017 1623 sophistae,

617 1643 719 1705 cui
773 1642 1098 1703 doctorum
1147 1642 1482 1704 hominum
1530 1641 1788 1703 calculis
1840 1642 2009 1702 inter
2053 1641 2382 1705 Atticistas
2428 1643 2802 1722 praecipuus
2847 1642 3024 1706 locus

529 1747 594 1797 60
616 1741 956 1820 tribuitur.¹
1019 1741 1176 1802 Eius
1202 1740 1309 1801 ille
1335 1740 1760 1816 seminarium,
1792 1739 1909 1800 hoc
1944 1744 2043 1801 est
2077 1744 2535 1820 argumentum,
2566 1741 2648 1804 ab
2677 1740 3025 1819 omniparis

616 1839 884 1901 Homeri
918 1838 1154 1917 campis
1185 1838 1550 1916 desumpsit,
1582 1838 1774 1916 idque
1797 1857 1874 1899 ex
1900 1838 2246 1900 Antenoris
2272 1839 2564 1914 oratione,
2594 1838 2758 1899 libro
2784 1837 3025 1900 Iliados

616 1937 845 2010 tertio;
884 1935 998 1998 vbi
1043 1937 1235 1997 refert
1279 1935 1632 1998 Menelaum
1676 1935 1865 2014 atque
1902 1935 2194 2015 Vlyssen‚
2243 1957 2439 2017 quum
2479 1937 2557 2000 ad
2598 1956 2699 1998 res
2737 1940 3021 2015 repeten-

616 2034 729 2096 das
776 2034 854 2095 ad
903 2034 1157 2095 Troiam
1199 2034 1537 2108 venissent,
1596 2034 1763 2113 apud
1816 2054 1886 2095 se
1936 2033 2133 2096 fuisse
2176 2034 2538 2110 diuersatos,
2583 2038 2648 2097 et
2688 2035 3023 2113 vtriusque

617 2132 886 2211 speciem
928 2152 996 2193 ac
1041 2132 1379 2194 dictionem
1418 2152 1458 2194 a
1495 2152 1563 2194 se
1604 2131 1940 2211 diligenter
1985 2132 2487 2195 animaduersam
2534 2133 2835 2195 describit
2880 2153 3022 2195 con-

530 2237 592 2301 65
616 2230 877 2308 fertque.
963 2229 1279 2291 Dialectos
1330 2230 1547 2292 Attica
1598 2232 1714 2293 est.
1818 2231 2188 2310 Quanquam
2241 2230 2406 2292 nihil
2462 2230 2722 2293 omnino
2774 2233 3028 2294 veneris

617 2331 868 2391 Atticae
900 2328 1092 2402 deest,
1129 2329 1199 2389 in
1234 2328 1505 2391 Menelai
1540 2347 1807 2406 persona
1845 2330 2139 2391 decorum
2178 2330 2339 2391 mire
2378 2329 2670 2392 seruauit.
2755 2330 2924 2391 Nam
2960 2333 3026 2392 et

620 2428 996 2506 Spartanam
1035 2426 1212 2489 illam
1254 2427 1324 2488 in
1366 2427 1626 2490 dicendo
1662 2427 2137 2504 simplicitatem
2177 2428 2654 2506 libertatemque
2690 2448 2845 2507 quae
2878 2448 3021 2506 pro·

619 2525 833 2588 uerbio
860 2545 1102 2605 quoque
1129 2525 1338 2588 locum
1364 2525 1527 2603 fecit,
1551 2525 1707 2587 scite
1732 2525 2135 2589 adumbrauit
2146 2549 2164 2603 ς
2196 2529 2339 2588 tum
2371 2525 2550 2590 velut
2576 2546 2654 2588 ex
2680 2525 3022 2588 Homerico

619 2624 959 2704 archetypo
1005 2624 1137 2703 regi
1170 2643 1485 2685 summam
1518 2624 1720 2685 animi
1757 2623 2262 2703 magnitudinem
2293 2624 2599 2705 appinxit,
2632 2624 2739 2687 sed
2765 2642 3023 2686 summa

534 2746 597 2797 70
621 2743 767 2786 cum
803 2722 1235 2787 moderatione
1280 2742 1480 2802 neque
1521 2742 1651 2785 non
1687 2722 1888 2785 animi
1922 2722 2312 2786 iucunditate
2345 2724 2761 2787 coniunctam.
2849 2724 3023 2786 Nam

620 2822 951 2886 Priamum
987 2821 1179 2883 etiam
1210 2820 1441 2896 laudat,
1477 2841 1515 2881 a
1538 2821 1777 2900 'populo
1806 2841 1959 2883 vero
1994 2840 2246 2884 omnem
2286 2822 2574 2885 criminis
2606 2822 2917 2885 inuidiam
2956 2823 3029 2884 in

618 2940 820 2983 vnum
848 2920 1142 2983 Paridem
1169 2920 1409 2981 confert
1433 2942 1448 2995 3
1488 2940 1560 2980 ac
1582 2940 1662 2980 ne
1686 2919 1759 2982 in
1785 2920 1956 2982 hunc
1982 2920 2234 3000 quidem
2255 2922 2587 3001 quicquam
2614 2920 2899 2983 atrocius
2912 2922 3027 2982 aut

618 3018 919 3082 rabiosius
951 3017 1122 3081 dicit.
1229 3018 1425 3081 Porro
1462 3018 1705 3080 bellum
1739 3019 1831 3081 ita
1864 3017 2183 3081 dissuadet
2207 3023 2280 3081 vt
2315 3020 2448 3098 ipse
2479 3020 2609 3082 iam
2646 3019 2726 3080 de
2756 3019 3022 3080 victoria

619 3134 875 3181 securus
903 3120 1155 3179 tantum
1181 3117 1465 3195 ipsorum
1495 3115 1684 3178 rebus
1711 3116 2032 3179 consulere
2050 3116 2357 3181 videatur.
2434 3117 2724 3197 Denique
2752 3116 3024 3179 breuilo-

534 3229 595 3284 75
621 3217 942 3296 quentiam
969 3215 1348 3277 nominatim
1368 3215 1562 3277 etiam
1586 3214 1865 3291 effinxit3
1906 3234 2099 3295 quam
2119 3215 2374 3296 quidem
2398 3219 2837 3296 praeterquam
2860 3215 3022 3296 quod

619 3314 871 3376 homini
901 3313 1138 3376 Laconi
1174 3314 1350 3393 quasi
1383 3312 1700 3391 gentilicia
1729 3316 1846 3389 est,
1876 3313 2275 3392 peculiariter
2298 3315 2368 3376 in
2394 3313 2675 3377 Menelao
2704 3333 2857 3377 cum
2882 3313 3021 3375 sub-

618 3414 851 3475 tilitate
891 3412 1202 3491 elegantia
1228 3411 1736 3492 iucunditateque
1760 3411 1956 3474 fuisse
1982 3413 2386 3475 coniunctam
2414 3411 2644 3489 Cicero,
2678 3410 2930 3488 Fabius,
2953 3415 3018 3473 et

623 3511 865 3573 Gellius
908 3513 1236 3587 testantur,
1275 3512 1384 3572 sed
1430 3530 1654 3573 omnes
1686 3512 1958 3573 eundem
1990 3511 2323 3573 authorem
2357 3511 2715 3573 Homerum
2747 3510 3023 3591 sequuti,

621 3609 798 3672 cuius
824 3608 977 3671 haec
995 3608 1186 3671 verba
1210 3612 1361 3671 sunt
1388 3608 1457 3672 in
1484 3628 1559 3670 eo
1585 3608 1724 3671 loco
1752 3626 1942 3688 quem
1969 3608 2157 3670 modo
2185 3608 2586 3671 rettulimus:

536 3721 600 3772 80
947 3714 1117 3776 Ἀλλ’
1156 3717 1250 3777 ὅτε
1290 3716 1360 3793 δὴ
1398 3717 1609 3794 μύθους
1647 3717 1740 3777 καὶ
1779 3716 1958 3795 μήδεα
1997 3720 2176 3777 πᾶσιν
2213 3717 2467 3793 ὕφαινον,

939 3806 1024 3869 Ἢ
1062 3836 1152 3872 τοι
1191 3811 1295 3889 μὲν
1335 3812 1627 3876 Μενέλαος
1667 3810 2039 3890 ἐπιτροχάδην
2077 3810 2307 3891 ἀγόρευε

949 3908 1152 3981 Ποῦρα
1189 3906 1310 3982 μέν,
1354 3907 1510 3965 ἀλλὰ
1547 3907 1709 3982 μάλα
1748 3905 1962 3987 λιγέως,
2003 3906 2126 3965 ἐπεὶ
2163 3907 2231 3966 οὔ
2269 3903 2597 3982 πολύμυθος

948 3998 1081 4059 Οὐδ’
1121 4000 1576 4077 ἀφαμαρτοεπής,
1619 4000 1671 4060 εἰ
1710 4001 1803 4060 καὶ
1839 4000 1988 4080 γένει
2028 4000 2260 4077 ὕστερος
2297 3999 2413 4076 ἦεν.

621 4108 791 4184 Quae
820 4126 936 4168 nos
959 4108 1279 4185 vtc'unque
1305 4085 1612 4167 vertimus
1637 4106 1716 4167 ad
1744 4106 1914 4169 hunc
1941 4104 2237 4168 modum:

536 4226 597 4289 85
942 4212 1184 4274 Verum
1222 4211 1333 4272 vbi
1372 4211 1629 4274 consilia
1665 4216 1733 4273 et
1772 4231 2094 4274 sermones
2133 4215 2346 4273 texere
2386 4211 2630 4273 cunctis

834 4341 838 4344 >
949 4307 1190 4385 Cepere
1235 4305 1505 4368 strictim
1546 4309 1644 4367 est
1682 4305 2004 4369 Menelaus
2043 4325 2236 4385 pauca
2274 4306 2539 4379 locutus,

901 4462 904 4465 ,
941 4400 1163 4475 Pauca,
1207 4399 1316 4461 sed
1357 4404 1576 4478 argute
1618 4399 1909 4477 nimium,
1953 4420 2153 4478 neque
2192 4399 2608 4479 multiloquus
2646 4419 2763 4461 nec

947 4495 1027 4557 In
1068 4496 1281 4557 verbis
1319 4514 1554 4571 errans,
1599 4496 1890 4575 quamuis
1929 4498 2084 4557 natu
2124 4495 2334 4555 minor
2370 4497 2553 4555 esset.

713 4670 714 4673 Ἴ
1243 4611 1325 4672 63.
1364 4609 1433 4659 ad
1458 4626 1554 4660 om.
1575 4612 1629 4665 β.
1832 4623 1909 4671 70.
1944 4623 2070 4658 cum
2093 4610 2159 4662 B:
2197 4608 2328 4659 item
2350 4625 2397 4659 α.

627 4690 1409 4784 What.
1442 4731 1519 4767 11.
1934 4718 2017 4767 80.
2052 4712 2194 4764 Ἀλλ’
2217 4712 2329 4779 ὅτι]
2353 4718 2417 4766 Il.
2441 4730 2491 4777 3.
2516 4727 2694 4776 ars-5.
