3355 5380
612 344 729 399 544
1321 336 1709 423 LETTERS
1738 336 1848 399 oF
1886 333 2286 411 ERASMUs
2829 331 3026 415 [1513

606 518 828 559 verum
854 499 1047 560 etiam
1075 498 1241 576 quod
1269 495 1676 576 promerenti.
1750 496 2122 574 Quanquam
2152 494 2301 573 quid
2329 492 2534 555 adhuc
2559 493 2629 554 in
2655 495 2725 554 te
2749 491 3028 553 contulit

523 608 583 658 35
607 596 859 659 fortuna
902 597 1005 659 vel
1050 597 1190 658 istis
1228 595 1431 657 literis
1475 596 1578 656 vel
1627 594 1771 657 istis
1807 594 2072 672 dignum
2108 592 2392 653 moribus
2406 594 2439 653 ⁸?
2520 590 2912 653 Subuererer
2947 611 3027 651 ne

604 698 746 756 tuae
773 696 1061 757 felicitati
1099 694 1376 756 blandiri
1417 693 1681 768 viderer,
1714 692 1786 754 ni
1826 712 2077 754 nossem
2113 692 2231 753 tibi
2261 691 2417 753 satis
2452 693 2853 769 perspectum
2888 709 3029 751 esse

604 793 928 871 ingenium
970 814 1203 870 meum,
1234 793 1341 873 qui
1380 813 1461 854 ne
1498 791 1769 871 satrapis
1807 790 2060 871 quidem
2096 788 2332 852 soleam
2372 789 2691 851 assentari.
2776 787 3025 850 Verum

603 895 716 953 aut
743 913 845 952 me
871 880 1034 953 fallit
1059 892 1312 952 animus
1340 894 1453 952 aut
1481 890 1722 952 summi
1750 890 2019 950 honores
2045 891 2304 949 manent
2332 886 2771 950 Ammonium.

684 989 859 1066 Vide,
892 1009 1133 1070 quaeso,
1165 1009 1356 1067 quam
1383 989 1506 1049 sim
1536 988 1813 1066 4>eroe
1838 987 1907 1048 18
1938 986 2203 1064 Adagiis
2228 985 2405 1060 meis,
2425 989 2498 1046 vt
2525 985 2771 1046 nemini
2793 989 3025 1061 putem

517 1099 586 1149 40
604 1105 741 1149 esse
767 1092 916 1150 nota
943 1088 1070 1149 nisi
1097 1087 1260 1148 mihi
1284 1108 1300 1161 3
1341 1086 1656 1165 siquidem
1687 1085 2049 1164 suspicabar
2073 1085 2286 1163 fugere
2322 1087 2387 1145 te
2422 1084 2831 1163 prouerbium
2858 1083 3022 1144 illud

602 1184 761 1246 οὖδὲν
786 1188 925 1265 πρὸς
958 1187 1103 1250 ἔπος.
1193 1185 1365 1247 Huic
1401 1186 1615 1246 autem
1650 1184 1850 1245 errori
1888 1203 2032 1245 meo
2067 1203 2287 1245 ansam
2325 1183 2499 1244 dedit
2534 1183 2633 1243 σοὶ
2667 1201 3022 1259 pronomen

600 1282 714 1345 abs
744 1287 810 1346 te
844 1284 1132 1346 additum
1170 1286 1251 1357 et,
1284 1283 1354 1345 ni
1389 1281 1693 1345 memoria
1727 1282 1918 1358 labor,
1948 1284 2088 1361 πρὸς
2124 1281 2450 1343 omissum.
2539 1280 2702 1342 Nam
2741 1279 2812 1341 in
2849 1300 3021 1359 prae-

601 1381 807 1443 sentia
850 1401 979 1445 non
1023 1385 1156 1444 erat
1200 1381 1278 1443 ad
1325 1399 1589 1442 manum
1630 1379 1895 1459 epistola
1921 1383 2066 1455 tua3
2113 1380 2405 1457 ὑπόκρινςν
2445 1379 2619 1439 981111
2657 1377 2843 1439 facile
2883 1398 3024 1440 con·

564 1508 574 1514 ·
599 1478 905 1542 iectabam
933 1483 1223 1559 ἀπέκρινεν
1251 1484 1314 1541 te
1344 1479 1616 1541 voluisse
1640 1478 1924 1541 scribere.
2009 1478 2154 1540 Non
2180 1478 2456 1540 redditas
2488 1477 2681 1539 fuisse
2724 1497 2843 1538 nec
2880 1481 3024 1539 tuas

516 1593 578 1643 45
601 1575 745 1639 illas
788 1579 1028 1656 priores
1074 1598 1187 1640 899
1228 1578 1552 1657 Baptistae
1600 1577 1813 1639 literas
1859 1577 1977 1638 1109
2024 1581 2191 1638 certe
2237 1577 2495 1639 nomine
2537 1576 2797 1655 gaudeo,
2851 1578 3022 1654 quod

602 1672 859 1737 interim
880 1696 1095 1738 curam
1117 1675 1519 1754 doloremque
1539 1675 1978 1752 lucrifecerim,
1999 1694 2185 1754 quem
2206 1675 2464 1736 morbus
2484 1674 2659 1735 illius
2677 1673 3021 1735 nunciatus

600 1774 932 1836 attulisset.
1018 1774 1237 1853 Neque
1262 1773 1612 1851 voluptatis
1643 1774 1818 1835 lucro
1846 1774 2115 1835 frustror
2150 1773 2314 1851 quod
2353 1772 2667 1848 reuixerit,
2696 1771 3020 1851 simulque

602 1871 766 1932 mihi
790 1870 1071 1950 gratulor
1095 1871 1204 1950 qui
1233 1870 1408 1932 domi
1444 1872 1870 1933 remanserim.
1957 1872 2126 1933 Istos
2160 1871 2376 1933 hostes
2413 1872 2615 1949 magis
2651 1870 3021 1932 metuebam

602 1987 791 2046 quam
819 1967 1052 2043 Gallos,
1084 1987 1442 2046 quanquam
1470 1988 1700 2048 anceps
1727 1969 2037 2031 bellorum
2063 1970 2285 2031 exitus.
2353 1970 2529 2046 Quod
2552 1969 2734 2030 offert
2754 1968 3022 2047 hospitii

517 2080 585 2131 50
602 2084 976 2144 mensaeque
1014 2065 1539 2142 communionem,
1565 2070 1641 2135 Aet
1677 2088 1823 2130 amo
1858 2072 1923 2129 et
1959 2069 2158 2130 habeo
2195 2068 2476 2146 gratiam.
2560 2067 2764 2129 Video
2804 2070 3019 2128 totum

601 2163 699 2224 illi
747 2165 1065 2225 mutatum
1113 2183 1249 2226 esse
1289 2164 1638 2241 consilium,
1689 2169 2095 2244 posteaquam
2142 2167 2400 2229 accersit
2445 2166 2629 2228 filios.
2738 2166 2834 2227 De
2879 2167 3021 2227 Car·

601 2260 874 2321 meliano
913 2281 1042 2323 non
1082 2262 1272 2324 modo
1309 2262 1632 2339 satisfacis,
1664 2264 1773 2325 sed
1809 2265 2114 2343 pietatem
2139 2264 2334 2326 etiam
2362 2265 2561 2341 laudo,
2593 2263 2703 2342 qui
2731 2262 3019 2342 neglecto

601 2357 915 2421 nebulone
965 2362 1205 2438 patriae
1258 2361 1549 2424 consulas
1602 2362 1845 2424 honori.
1959 2364 2083 2424 Sed
2143 2364 2390 2425 vtinam
2453 2383 2673 2425 omnes
2734 2361 3021 2423 hominis

528 2459 861 2521 ·:mendas
892 2459 1095 2537 possis
1139 2459 1375 2536 tollere,
1383 2460 1670 2538 —magis
1715 2460 2071 2523 consuleres
2105 2462 2546 2541 patriae—hoc
2595 2464 2691 2522 est
2733 2464 2837 2523 τὸν
2879 2461 3021 2521 ὅλον.

512 2572 575 2622 55
600 2560 816 2618 ἀνελεῖν
851 2558 1177 2635 κατάρατον.
1247 2558 1540 2619 Demiror
1574 2561 1638 2620 te
1680 2578 1863 2637 posse
1900 2579 2261 2622 succensere
2300 2564 2410 2621 tuo
2447 2561 2740 2637 Thomae,
2772 2559 3019 2621 famulo

599 2657 733 2716 tam
757 2655 1054 2735 prudenti
1081 2659 1337 2735 tamque
1363 2656 1656 2736 vigilanti
1681 2660 1752 2720 vt
1779 2656 1966 2720 rebus
1994 2648 2123 2720 tuis
2150 2658 2380 2720 melius
2405 2658 2691 2720 consulat
2719 2677 2917 2738 quam
2943 2662 3018 2722 tu

600 2752 748 2832 ipse.
839 2755 1014 2834 Rogo
1042 2775 1124 2816 ne
1152 2755 1272 2816 1109
1301 2756 1417 2831 1111,
1449 2756 1556 2817 sed
1586 2756 1746 2818 meis
1774 2757 1925 2819 fatis
1950 2757 2354 2836 imputemus.

681 2851 867 2915 Nunc
911 2854 990 2914 ad
1037 2851 1495 2931 Panegyricum
1542 2858 1729 2915 tuum
1776 2855 2015 2929 accedo,
2068 2854 2249 2916 cuius
2308 2874 2429 2931 me,
2484 2855 2541 2916 si
2604 2854 2727 2916 diis
2786 2854 3014 2934 placet,

559 2984 564 2992 ·
598 2949 869 3012 iudicem
907 2951 1064 3012 facis
1097 2971 1168 3012 ac
1204 2971 1541 3028 censorem,
1572 2955 1948 3032 tantumque
1982 2955 2313 3031 potestatis
2349 2953 2664 3031 permittis
2699 2958 3017 3032 quantum

508 3047 578 3098 ⁶0
600 3048 917 3111 Homerus
941 3049 1169 3111 tribuit
1196 3051 1357 3126 Ioui,
1381 3054 1451 3112 vt
1478 3054 1640 3112 nutu
1668 3071 1739 3113 ac
1766 3055 2000 3113 renutu
2025 3052 2283 3130 probem
2311 3073 2468 3131 quae
2486 3053 3015 3132 νε1118,1113ι119111

598 3167 755 3225 quae
802 3147 1030 3210 lubeat.
1141 3148 1455 3227 Equidem
1504 3169 1634 3210 non
1684 3150 1849 3211 mihi
1895 3153 2144 3211 tantum
2192 3171 2414 3229 arrogo
2461 3151 2563 3212 vel
2611 3151 2856 3229 ingenii
2911 3152 3018 3214 vel

596 3246 967 3309 eruditionis
1004 3250 1076 3307 vt
1112 3250 1221 3307 tua
1249 3246 1355 3307 vel
1382 3247 1716 3309 emendare
1752 3248 1991 3326 possim
2028 3248 2129 3309 vel
2167 3269 2437 3311 censere.
2525 3248 2700 3310 Illud
2738 3248 3017 3328 ingenue

598 3343 812 3420 fateor,
865 3345 1028 3407 nihil
1075 3365 1211 3408 esse
1258 3345 1423 3423 quod
1470 3343 1587 3407 abs
1632 3349 1698 3407 te
1744 3346 2173 3425 proficiscatur
2220 3348 2385 3425 quod
2428 3367 2557 3409 non
2603 3349 3017 3409 vehementer

555 3442 885 3519 admirer,
919 3443 1053 3504 siue
1080 3443 1243 3504 mihi
1279 3443 1603 3522 contingat
1637 3443 1759 3505 1109
1796 3443 2028 3506 iudicio
2056 3444 2588 3524 (quandoquidem
2628 3445 2704 3508 de
2740 3447 3016 3508 summis

507 3539 570 3603 ⁶5
598 3538 888 3616 operibus
934 3540 1216 3602 iudicant
1257 3561 1387 3603 1108
1427 3561 1760 3621 nunquam
1801 3547 1893 3604 et
1906 3542 2251 3604 mediocres
2295 3543 2591 3620 artifices)
2636 3544 2773 3605 siue
2816 3563 3015 3607 sensu

595 3637 866 3715 quodam
913 3638 1172 3717 ingemi.
1277 3640 1517 3702 Amore
1564 3643 1733 3702 certe
1778 3660 1908 3702 non
1958 3640 2153 3716 labor,
2206 3643 2317 3721 qui
2370 3641 2543 3704 hunc
2594 3661 2879 3704 amorem
2933 3663 3015 3704 ex

593 3734 1009 3797 admiratione
1036 3737 1408 3816 scriptorum
1436 3741 1693 3816 tuorum
1720 3739 2053 3802 hauserim.
2141 3739 2380 3802 Verum
2401 3741 2496 3802 vti
2516 3739 2784 3802 diuersis
2810 3741 3016 3803 oculis

594 3832 752 3893 aliae
775 3835 966 3911 atque
991 3833 1150 3896 aliae
1177 3834 1428 3913 placent
1452 3837 1708 3913 formae,
1734 3837 1982 3898 diuersa
2005 3836 2214 3916 palata
2242 3838 2419 3900 cibus
2444 3839 2607 3901 alius
2631 3841 2822 3917 atque
2846 3840 3017 3902 alius

555 3966 566 3974 -
597 3929 877 4008 delectat,
922 3932 1012 3994 sic
1049 3932 1273 4011 opinor
1305 3937 1372 3996 et
1408 3935 1480 3995 in
1517 3935 1795 4013 ingeniis
1835 3936 2083 3996 varium
2116 3938 2429 4015 quendam
2466 3956 2599 3998 esse
2642 3957 2905 3999 sensum
2947 3943 3018 4002 et

510 4041 573 4095 70
595 4048 890 4091 arcanam
927 4031 1244 4110 quandam
1271 4032 1372 4092 vel
1399 4033 1836 4111 cognationem
1874 4033 1983 4114 vel,
2013 4034 2364 4096 dissidium.
2450 4035 2822 4098 Ostenderat
2850 4037 3015 4099 olim

987 4217 1067 4265 70.
1103 4201 1191 4252 vel
1214 4205 1590 4267 cognationem
1614 4204 1698 4254 vel
1719 4208 1791 4255 B:
1828 4207 2221 4268 cognationem,
2246 4206 2332 4256 vel
2354 4206 2521 4256 etiam
2544 4211 2609 4256 H.

661 4380 740 4425 41.
777 4364 917 4415 οὐδὲν
936 4384 971 4413 π
1073 4364 1205 4431 ἔπος]
1227 4370 1387 4427 Aaou.
1414 4380 1527 4428 445.
1911 4366 1995 4429 58.
2056 4367 2472 4433 Panegyricum]
2521 4368 2883 4432 Panefflricus
2936 4369 3010 4419 ad

726 4430 804 4480 σοὶ
857 4431 936 4484 Cf.
1006 4448 1056 4495 p.
1083 4433 1198 4483 280.
1224 4446 1308 4493 33,
1332 4447 1381 4493 4.
1848 4433 2152 4482 Hem-icum
2178 4447 2283 4483 vm
2305 4435 2577 4484 autoreA.
2604 4435 2921 4486 Ammonio.
2962 4436 3011 4485 E

662 4512 742 4558 44.
828 4513 899 4547 08
924 4497 1189 4563 redditas]
1215 4497 1292 4547 Cf.
1320 4497 1417 4560 Ep.
1444 4497 1558 4547 282.
1585 4511 1630 4560 5.
1844 4503 1901 4546 in
1921 4514 2076 4559 mas-9.
2131 4499 2187 4549 It
2206 4498 2338 4549 does
2360 4504 2458 4549 not
2474 4514 2617 4549 seem
2641 4502 2696 4548 to
2713 4499 2852 4549 have
2866 4500 3010 4550 been

662 4577 742 4623 45.
781 4562 1063 4626 Baptistae
1112 4564 1342 4624 Boerio;
1375 4563 1441 4613 cf.
1468 4564 1563 4627 Ep.
1591 4564 1706 4624 267.
1846 4564 2151 4627 published.

661 4642 742 4689 55.
779 4627 1040 4694 Thomae]
1109 4631 1147 4680 f.
1172 4629 1269 4692 Ep.
1297 4644 1411 4693 239.
1437 4644 1518 4679 πο.
1909 4632 1989 4680 60.
2031 4630 2330 4696 Homerus]
2357 4634 2422 4681 Il.
2450 4632 2525 4680 16.
2553 4643 2666 4692 250.
