3355 5380
242 349 421 434 1540]
640 356 980 419 BEATUS
1034 354 1513 420 RHENANUS
1566 356 1674 420 ΤΟ
1730 355 2127 421 CHARLES
2178 358 2242 419 V
2557 361 2628 418 71

234 532 361 574 non
398 515 792 591 vmrpatum,
825 532 1021 592 quum
1059 512 1337 591 primum
1377 512 1643 574 scribere
1683 513 2001 592 coepisset,
2034 516 2098 575 et
2138 513 2362 576 aeditis
2400 512 2635 575 libellis

235 610 638 673 innotescere.
735 614 752 642 ‘
769 611 923 687 Quis
967 610 1137 672 enim
1153 614 1170 639 ⁹
1210 610 1429 689 inquit,
1483 612 1498 642 ⁴
1516 630 1867 690 quenquam
1923 611 2283 675 mortalium
2330 613 2633 675 Amorem

235 709 476 772 audiuit
503 709 808 788 appellari
821 712 855 770 ’ἒ
872 710 905 785 ’,
955 708 1023 771 id
1050 708 1214 788 quod
1242 709 1495 772 Graecis
1521 709 1835 788 significat
1860 711 2121 789 δρασμός.

313 809 408 871 De
433 808 622 870 libris
648 828 833 887 porro
866 808 1013 883 suis,
1044 828 1199 886 quos
1231 808 1300 869 in
1339 807 1515 869 omni
1548 808 1682 870 vita
1707 808 2076 887 conscripsit
2098 809 2482 886 innumeros,
2515 829 2637 888 qua
2661 827 2758 879 550

232 927 436 968 sacros
477 927 603 985 qua
641 907 1014 986 prophano&
1050 904 1430 967 coniunctim
1464 909 1530 967 et
1562 906 1910 967 vniuersim
1948 907 2273 982 aedundis,
2304 907 2406 968 vir
2432 907 2637 968 mode·

231 1006 551 1067 stissimus
597 1005 761 1066 nihil
816 1004 1091 1066 moriens
1151 1004 1383 1080 statuit,
1445 1004 1736 1083 opinatus
1789 1006 2077 1068 futurum
2132 1008 2205 1067 vt
2268 1005 2639 1068 cultioribus

231 1104 515 1182 quotidie
542 1103 1013 1182 emergentibus
1029 1102 1151 1164 ista
1176 1122 1288 1164 sua
1308 1102 1539 1182 scripta
1557 1102 1740 1165 facile
1764 1103 2245 1183 negligerentur.
2309 1104 2639 1166 Caeterum

232 1222 431 1283 quum
487 1201 927 1280 Hieronymus
978 1201 1325 1263 Frobenius
1387 1204 1451 1263 et
1504 1201 1795 1264 Nicolaus
1850 1201 2218 1281 Episcopius
2269 1202 2642 1281 typographi

230 1299 587 1362 sensissent
611 1320 685 1360 ea
708 1319 747 1360 a
772 1299 1066 1361 studiosis
1100 1299 1167 1360 in
1205 1320 1276 1360 eo
1303 1299 1519 1361 ordine
1555 1299 1748 1361 simul
1784 1300 2042 1362 collecta
2067 1299 2418 1378 desiderari,
2451 1322 2638 1380 quem
2663 1322 2758 1375 555

230 1400 363 1477 ipse
390 1417 598 1476 quum
616 1398 860 1459 viueret
884 1398 961 1459 ad
985 1397 1292 1459 Ioannem
1311 1396 1753 1460 Botzhemium
1784 1401 1847 1459 et
1865 1399 2178 1477 postremo
2199 1401 2277 1462 ad
2302 1399 2641 1462 Hectorem

230 1495 577 1558 Boeotium
628 1514 886 1557 suarum
926 1496 1460 1558 Lucubrationum
1514 1496 1882 1576 Gatalogum
1935 1517 2265 1560 recensens
2316 1498 2634 1575 indicauit,
2676 1519 2682 1524 ·

230 1594 535 1657 videlicet
563 1594 644 1655 iis
679 1594 957 1672 primum
994 1594 1338 1656 coniunctis
1370 1614 1524 1674 quae
1556 1593 1661 1657 vel
1699 1595 1777 1656 ad
1813 1594 2280 1657 institutionem
2316 1595 2638 1659 literarum

230 1693 337 1754 vel
363 1693 449 1755 ad
476 1693 779 1771 pietatem
810 1693 1140 1770 pertinent,
1175 1696 1311 1754 tum
1340 1692 1697 1769 moralibus,
1733 1693 1957 1755 deinde
1988 1693 2306 1773 apologiis,
2333 1698 2397 1755 et
2414 1694 2641 1757 vltimo

232 1791 370 1853 loco
441 1790 783 1869 recognitis
849 1791 1171 1852 autoribus
1224 1810 1369 1853 suas
1423 1794 1630 1869 partes
1683 1792 2112 1870 implentibus,
2173 1791 2641 1871 obsequendum
2665 1800 2762 1864 560
2883 1766 2886 1767 ⁷

232 1889 541 1952 studiosis
579 1888 714 1963 rati,
746 1908 881 1949 rem
913 1888 1050 1950 ausi
1085 1891 1237 1951 sunt
1271 1909 1466 1969 quum
1498 1889 1899 1969 magnificam
1933 1892 2072 1950 tum
2106 1891 2394 1952 omnium
2429 1890 2640 1953 fauore

232 1988 499 2066 dignam
528 2010 546 2063 ;
595 1987 775 2049 nulla
815 2007 930 2049 nec
969 1991 1342 2066 sumptuum
1383 2007 1497 2049 nec
1537 1987 1826 2049 laborum
1866 1988 2298 2067 magnitudine
2339 1988 2635 2065 deterriti,

234 2085 602 2165 quicunque
634 2086 891 2146 tandem
924 2089 1283 2164 sequeretur
1324 2088 1603 2161 euentus,
1638 2086 1825 2147 modo
1852 2089 1925 2147 vt
1959 2086 2363 2150 voluminum
2397 2088 2643 2150 Erasmi

234 2186 448 2245 tomos
476 2182 867 2258 conficerent,
889 2183 1122 2245 autoris
1147 2183 1509 2262 catalogum
1530 2184 1608 2244 ad
1630 2184 1968 2246 Hectorem
1988 2186 2320 2249 Boeotium
2339 2190 2643 2266 tanquam

234 2281 654 2343 recentiorem
687 2281 1086 2359 potissimum
1124 2282 1413 2360 sequuti3
1461 2282 1715 2344 adiectis
1747 2284 1936 2344 etiam
1969 2283 2049 2345 ab
2080 2284 2497 2347 Amerbachio
2530 2304 2644 2347 suo
2668 2287 2762 2353 565

235 2379 597 2459 quibusque
652 2379 784 2440 loco
838 2379 935 2454 iis,
997 2399 1153 2459 quae
1204 2382 1417 2459 postea
1469 2379 1637 2441 idem
1691 2381 1802 2442 ille
1857 2381 2158 2443 Erasmus
2218 2381 2646 2457 elucubrauit;

235 2478 477 2541 omisso
502 2479 722 2538 tamen
749 2476 991 2539 decimo
1018 2479 1208 2554 tomo,
1242 2498 1373 2542 non
1407 2478 1533 2540 nisi
1568 2477 1726 2540 alios
1752 2483 2002 2541 autores
2027 2480 2105 2542 ab
2135 2480 2272 2559 ipso
2300 2480 2648 2558 recognitos

234 2575 740 2655 complectente:
800 2575 868 2636 in
917 2576 1142 2655 quibus
1187 2597 1468 2638 seorsum
1524 2596 1809 2640 successu
1857 2581 2213 2656 temporum
2268 2579 2644 2640 excudendis

234 2675 434 2737 etiam
462 2694 647 2737 suam
675 2694 929 2752 operam
955 2674 1250 2737 studiosis
1275 2675 1468 2737 iidem
1495 2675 1932 2754 chalcographi
1957 2675 2343 2755 pollicentur,
2375 2676 2431 2739 si
2457 2677 2644 2738 modo

236 2792 512 2852 aequum
539 2772 785 2849 experti
811 2772 1049 2834 fuerint
1074 2771 1391 2836 lectorem.
1481 2774 1654 2850 Quae
1693 2775 1926 2836 aeditio
1953 2794 2149 2853 quum
2177 2763 2256 2836 ob
2282 2776 2404 2837 alia
2430 2775 2643 2854 magni
2668 2789 2765 2845 570

236 2870 529 2932 facienda
556 2871 669 2946 est,
700 2871 839 2930 tum
868 2870 947 2931 ob
974 2871 1093 2932 hoc
1121 2871 1285 2951 quod
1317 2872 1479 2932 tanti
1505 2870 1832 2934 literarum
1859 2872 2166 2934 antistitis
2192 2872 2645 2934 existimationi

240 2969 535 3044 consulit,
585 2987 667 3029 ne
707 2968 849 3047 quis
895 2972 1004 3030 aut
1046 2970 1259 3032 animo
1305 2971 1570 3032 nocendi
1614 2973 1726 3032 aut
1766 2972 2060 3050 quaestus
2108 2971 2330 3049 studio,
2377 2970 2644 3049 gratiam

239 3067 539 3129 videlicet
580 3066 889 3127 Erasmici
930 3067 1103 3145 genii
1142 3072 1417 3147 captans,
1451 3068 1741 3146 deinceps
1783 3070 2021 3148 aliquid
2062 3070 2161 3131 illi
2201 3069 2439 3133 tribuat
2479 3068 2643 3147 quod

238 3167 376 3244 ipse
417 3185 551 3227 non
593 3165 849 3242 scripsit
874 3165 968 3244 (id
1009 3167 1173 3245 quod
1208 3168 1467 3229 viuente
1504 3187 1576 3228 eo
1614 3169 1856 3229 factum
1898 3167 2153 3244 scimus)
2197 3170 2307 3230 aut
2345 3170 2644 3246 tanquam

242 3285 426 3326 suum
475 3284 609 3325 non
657 3264 935 3341 agnouit,
985 3267 1094 3326 aut
1139 3265 1332 3327 etiam
1379 3265 1669 3344 agnitum
1710 3266 1976 3327 minime
2022 3266 2333 3329 seditione
2378 3265 2641 3344 dignum
2669 3279 2763 3332 575

246 3361 655 3425 existimauit.
711 3405 727 3420 .
775 3405 789 3420 .
838 3407 855 3423 .

323 3460 701 3536 Seletstadii,
738 3459 1019 3521 calendis
1046 3460 1269 3536 Iuniis,
1302 3463 1496 3523 Anno
1522 3482 1559 3523 a
1585 3462 1836 3524 Christo
1863 3465 2013 3524 nato
2042 3480 2180 3525 ιω).
2198 3481 2298 3525 11..
