3355 5380
264 373 435 457 1500]
1093 372 1200 432 To
1249 369 1527 431 JAMES
1583 370 1810 431 BATT
2530 374 2642 429 327

260 552 293 594 a
314 530 446 594 filio
482 551 750 591 sumam.
837 529 1115 591 Adiicies
1150 528 1217 588 in
1261 529 1387 587 fine
1425 546 1526 587 me
1562 526 1630 586 in
1668 526 1868 587 literis
1904 547 2036 587 esse
2073 530 2363 605 questum
2391 527 2456 589 id
2485 528 2649 606 quod

260 631 683 708 Hieronymus
721 629 789 687 in
831 627 1108 704 epistolis
1155 627 1435 704 queritur
1480 645 1608 686 non
1649 626 1861 700 semel,
1907 626 2188 686 studium
2239 626 2449 688 oculos
2490 628 2651 688 mihi

263 729 502 806 eripere,
547 749 746 805 eoque
787 747 922 788 rem
963 729 1239 804 spectare
1283 727 1354 785 vt
1393 744 1538 785 cum
1581 724 1975 801 Hieronymo
2025 724 2284 785 auribus
2324 730 2387 786 et
2436 726 2652 803 lingua

262 834 504 892 tantum
546 827 795 888 studere
837 825 1172 902 incipiam;
1224 829 1285 884 et
1328 842 1517 901 quam
1559 822 1794 901 poteris
1833 822 2232 883 facetissimis
2271 825 2480 886 verbis
2522 846 2652 902 per·

264 928 562 1001 suadebis,
617 929 689 986 vt
734 924 1060 1003 saphirum
1109 922 1385 1000 aliquem
1430 926 1540 982 aut
1586 940 1906 999 gemmam
1963 922 2161 982 oculis
2207 924 2653 985 confirmandis
2682 944 2743 996 70

263 1027 479 1088 vtilem
522 1025 685 1085 mihi
726 1023 954 1083 mittat.
1060 1021 1230 1097 Quae
1270 1041 1417 1082 vero
1458 1039 1742 1098 gemmae
1780 1039 1920 1080 eam
1961 1018 2095 1080 vim
2135 1020 2421 1096 habeant,
2468 1023 2654 1100 scrip·

266 1127 476 1186 sissem
507 1125 654 1201 ipse,
683 1122 791 1183 sed
821 1140 949 1182 non
975 1120 1191 1181 aderat
1217 1120 1505 1192 Plinius;
1546 1122 1617 1179 tu
1645 1140 1682 1180 e
1709 1119 1949 1179 medico
1977 1122 2088 1180 tuo
2115 1120 2446 1196 expiscare.

345 1225 534 1297 Haec,
565 1215 660 1282 mi
687 1221 926 1294 Iacobe,
961 1239 1161 1296 neque
1187 1217 1473 1296 improba
1499 1237 1702 1294 neque
1736 1217 2120 1294 desperanda
2148 1218 2312 1279 mihi
2338 1220 2648 1295 videntur,

270 1323 322 1382 si
346 1323 534 1383 modo
569 1324 641 1381 tu
679 1319 912 1396 poteris
946 1316 1233 1378 animum
1270 1317 1453 1376 illum
1493 1319 1675 1376 tuum
1714 1314 1876 1375 mihi
1912 1315 2166 1376 fatalem
2206 1315 2482 1378 induere.
2573 1319 2655 1378 Et

269 1441 428 1483 nunc
472 1419 747 1480 maxime
782 1416 944 1477 mihi
978 1415 1229 1476 videtur
1269 1416 1455 1492 καιρὸς
1491 1413 1603 1475 ille
1638 1414 1865 1490 capillo
1901 1414 2309 1491 arripiendus,
2342 1435 2486 1476 cum
2529 1422 2659 1477 tam
2690 1437 2748 1489 75

268 1522 527 1581 honesta
563 1517 819 1577 offertur
853 1534 1021 1576 ansa.
1111 1513 1351 1589 Quaeso
1389 1515 1467 1588 te,
1503 1512 1593 1572 mi
1621 1512 1827 1586 Batte‚
1861 1513 1979 1573 hoc
2017 1512 2206 1573 etiam
2244 1517 2430 1591 atque
2468 1515 2658 1576 etiam

266 1615 467 1680 tecum
498 1617 715 1694 cogita,
740 1616 980 1674 tantam
1007 1632 1144 1673 esse
1173 1615 1452 1672 nostram
1473 1611 2016 1685 necessitudinem,
2040 1614 2108 1671 vt
2135 1610 2193 1671 si
2212 1612 2454 1672 vteruis
2480 1613 2662 1673 alteri

267 1717 360 1778 vel
400 1714 583 1795 graui
624 1732 738 1774 suo
778 1710 1173 1772 incommodo
1213 1711 1506 1788 prodesse
1547 1713 1749 1787 queat,
1784 1713 1997 1769 tamen
2042 1710 2205 1770 nihil
2246 1711 2659 1772 recusandum

266 1815 492 1889 fuerit;
533 1832 701 1874 nunc
738 1829 935 1889 quum
975 1809 1253 1883 Erasmo,
1288 1828 1475 1886 quem
1513 1827 1759 1885 semper
1792 1828 2000 1868 amore
2026 1808 2217 1868 etiam
2246 1809 2474 1884 vicisti,
2506 1809 2664 1870 citra

263 1914 459 1975 vllum
506 1908 974 1975 incommodum
1002 1911 1184 1967 tuum
1222 1910 1475 1967 tantum
1512 1907 1715 1982 possis
1750 1906 1990 1967 adferre
2027 1907 2453 1981 emolumenti,
2486 1908 2556 1968 in
2592 1927 2664 1969 ea
2690 1919 2754 1968 80

265 2034 330 2074 re
377 2030 609 2090 negare
662 2026 912 2084 operam
968 2026 1096 2067 non
1146 2009 1276 2066 tam
1329 2004 1586 2083 quidem
1635 2024 1861 2081 parum
1915 2005 2104 2064 amici
2160 2025 2350 2083 quam
2406 2007 2665 2068 omnino

267 2106 510 2171 inimici
566 2107 728 2167 mihi
782 2105 1048 2166 videtur.
1166 2104 1380 2180 Neque
1444 2107 1542 2164 est
1604 2102 1771 2180 quod
1829 2102 1938 2163 ille
1994 2104 2324 2181 scrupulus
2378 2105 2663 2166 animum

266 2215 444 2270 tuum
491 2205 789 2278 mordeat,
843 2203 942 2264 ‘Si
984 2205 1100 2264 hoc
1141 2222 1310 2262 nunc
1361 2201 1467 2262 dat
1508 2201 1797 2276 Domina,
1845 2221 1968 2279 qua
2007 2202 2212 2263 fronte
2251 2207 2461 2281 petam
2510 2225 2666 2282 quae

266 2307 565 2368 mihimet
592 2307 743 2365 sunt
767 2300 1079 2380 petendae
1160 2301 1300 2362 Scio
1335 2301 1508 2361 enim
1536 2300 1656 2361 tibi
1684 2301 2089 2361 vehementer
2116 2301 2424 2362 Dominae
2450 2303 2669 2364 libera·

263 2406 434 2467 litate
463 2424 609 2466 esse
636 2421 808 2479 opus.
867 2399 1106 2460 Verum
1134 2400 1198 2461 id
1227 2399 1421 2460 velim
1446 2401 1657 2459 tecum
1686 2398 1819 2475 ipse
1845 2402 2111 2476 reputes,
2132 2399 2326 2460 simul
2355 2405 2668 2478 vtrunque
2694 2411 2755 2472 85

265 2523 387 2565 non
417 2505 595 2564 recte
630 2499 851 2561 confici
887 2518 1084 2576 posse.
1176 2498 1359 2558 Nunc
1396 2517 1592 2574 quum
1630 2497 2066 2574 opportunitas
2103 2497 2304 2572 datur,
2340 2503 2450 2560 tuo
2478 2499 2670 2561 dilato

266 2602 448 2664 amici
504 2599 842 2677 negocium
905 2617 1054 2674 age;
1124 2600 1308 2657 tuum
1361 2616 1475 2656 suo
1529 2595 1663 2656 loco
1717 2599 1984 2670 acturus,
2045 2600 2108 2656 et
2163 2600 2416 2657 acturus
2471 2599 2672 2659 nihilo

269 2701 756 2765 incommodius.
846 2700 1060 2775 Neque
1100 2717 1348 2758 vereare
1388 2716 1469 2757 ne
1510 2695 1765 2757 tantilla
1805 2715 1904 2756 res
1946 2695 2282 2756 Dominam
2323 2698 2663 2759 exhauriat.

268 2800 472 2862 Simul
516 2799 683 2861 illud
726 2797 941 2873 cogita,
980 2796 1098 2856 tibi
1140 2794 1412 2873 quotidie
1453 2793 1703 2871 petendi
1745 2794 2275 2871 opportunitatem
2319 2795 2470 2870 dari,
2509 2797 2672 2857 mihi

269 2919 390 2961 non
432 2900 618 2960 item.
2699 2915 2764 2966 90

346 2999 442 3059 Tu
470 2996 764 3058 fortassis
791 2994 946 3054 bene
974 3011 1220 3053 mecum
1257 2992 1358 3069 agi
1384 2995 1580 3068 putas,
1613 2992 1667 3052 si
1700 2990 2167 3051 mendicitatem
2204 2991 2452 3069 effugio.
2543 2994 2675 3071 Ego

269 3115 409 3157 vero
448 3096 547 3156 sic
592 3113 739 3154 sum
780 3092 1056 3165 affectus,
1103 3092 1174 3150 vt
1213 3094 1322 3151 aut
1362 3109 1616 3167 prorsus
1654 3089 2000 3150 abiicienda
2039 3093 2256 3167 putem
2297 3091 2522 3166 studia,
2566 3096 2674 3152 aut

266 3191 767 3272 comparandum
796 3189 1204 3266 vndecunque
1230 3188 1397 3265 quod
1436 3187 1654 3248 literae
1682 3186 2016 3265 postulant.
2105 3187 2436 3249 Postulant
2464 3193 2675 3251 autem

266 3293 463 3354 vitam
523 3310 665 3353 non
721 3288 980 3349 omnino
1033 3287 1352 3349 sordidam
1419 3289 1484 3347 et
1547 3285 1858 3347 afflictam.
1985 3285 2357 3363 Quanquam
2425 3288 2573 3364 quid
2641 3309 2678 3349 a

267 3390 687 3453 mendicitate
727 3388 1068 3460 aberamus,
1110 3386 1240 3445 imo
1283 3384 1474 3445 etiam
1516 3384 1831 3458 absumus,
1864 3404 2060 3461 quum
2103 3403 2182 3443 ne
2223 3385 2510 3447 Turonus
2551 3386 2681 3463 qui·
2704 3407 2766 3457 95

265 3488 407 3551 dem
435 3490 511 3550 in
541 3487 776 3550 loculis
804 3486 937 3546 sit?
1012 3484 1275 3561 Reliqua
1302 3481 1495 3560 pudet
1520 3482 1805 3543 scribere.
1892 3482 2311 3558 Circumspice
2338 3486 2491 3559 quot
2517 3484 2681 3544 asini

265 3588 530 3649 omnino
576 3585 782 3648 nullis
820 3583 1022 3644 literis
1058 3602 1210 3660 quas
1249 3602 1396 3658 opes
1427 3580 1823 3658 possideant3
1877 3583 1940 3640 et
1983 3599 2285 3657 magnum
2326 3580 2593 3655 videtur,
2626 3584 2681 3643 si

263 3705 387 3747 non
427 3686 682 3747 esuriat
711 3684 1008 3743 Erasmus
1024 3684 1057 3742 ⁸?
1129 3679 1328 3754 Adde,
1358 3678 1509 3757 quid
1545 3680 1601 3739 si
1635 3677 1896 3739 morbus
1931 3678 2183 3752 incidat,
2217 3679 2464 3755 quando
2490 3680 2683 3741 febris

266 3783 392 3844 iam
422 3804 593 3862 pene
624 3780 1056 3843 anniuersaria
1083 3778 1347 3840 recurrit
1375 3777 1728 3856 quotannis,
1763 3776 1912 3855 quid
1944 3776 1998 3836 si
2027 3776 2228 3837 multa
2255 3777 2396 3852 alia,
2428 3798 2585 3856 quae
2612 3779 2680 3840 in

264 3883 616 3945 hominum
667 3879 868 3941 vitam
896 3877 1194 3939 ·incidere
1249 3880 1313 3937 et
1361 3876 1493 3954 ipse
1538 3879 1828 3953 expertus
1875 3878 1993 3936 es?
2104 3876 2342 3953 Ecquid
2393 3876 2595 3938 adhuc
2647 3898 2685 3938 a
2716 3898 2808 3934 100

268 3982 550 4043 Domina
573 3982 823 4059 praeter
842 3997 1018 4055 spem
1044 3975 1392 4053 accepimus
1407 3976 1440 4036 ⁶?
1488 3977 1577 4035 At
1598 3975 1799 4051 periit,
1826 3973 2091 4052 inquieS,
2114 3994 2212 4035 res
2235 3976 2300 4035 in
2323 3975 2684 4050 Britannia3

266 4100 394 4142 non
423 4085 545 4142 tua
584 4077 865 4157 quidem,
897 4075 1002 4136 sed
1033 4095 1148 4135 nec
1184 4093 1322 4134 mea
1350 4092 1566 4133 rursus
1604 4073 1785 4150 culpa
1822 4072 2022 4150 periit.
2111 4073 2245 4151 Ego
2283 4074 2454 4134 enim
2486 4095 2684 4152 neque

265 4184 508 4241 temere
535 4176 854 4255 Angliam
881 4173 1024 4247 adii,
1057 4193 1256 4250 neque
1285 4171 1641 4233 inconsulte
1668 4171 1908 4231 exitum
1937 4191 2080 4231 sum
2110 4172 2383 4233 molitus.
2444 4172 2683 4232 Verum

267 4278 490 4340 fatales
520 4294 717 4338 casus
743 4273 926 4335 nobis
953 4273 1021 4332 in
1050 4291 1242 4332 manu
1274 4290 1399 4331 non
1427 4273 1594 4331 sunt.

335 4432 414 4479 77.
453 4415 684 4466 vtemis
708 4416 773 4461 F:
809 4416 931 4460 vter
955 4414 1012 4461 Ε.
1208 4426 1289 4471 9⁴-
1325 4409 1457 4471 quid
1482 4414 1554 4460 E:
1590 4410 1915 4472 quantulum
1942 4413 2005 4459 H.
2219 4425 2300 4473 95.
2332 4410 2578 4458 Turonus
2601 4413 2675 4458 E:
2784 4466 2787 4467 ⁷

268 4484 562 4533 teruncius
586 4484 664 4530 Η.
868 4493 976 4526 roo.
1014 4476 1219 4539 Ecquid
1241 4480 1288 4524 Ε
1310 4492 1322 4524 z
1355 4477 1424 4526 Et
1446 4475 1579 4538 quid
1602 4480 1656 4524 F.

807 4573 870 4580 ‘-

332 4630 417 4678 95.
455 4611 753 4676 'rm-onus]
791 4611 846 4660 Η
869 4610 1186 4659 substitutes
1215 4625 1246 4657 a
1271 4623 1416 4657 more
1516 4608 1850 4658 'turonenses
1862 4610 1988 4657 bore
2006 4609 2101 4657 the
2121 4608 2440 4670 inscription
2460 4610 2683 4655 Tun-onus.

267 4676 713 4731 classicalword.
748 4676 1052 4726 TlteGrossi
1066 4674 1174 4724 and
1189 4675 1413 4724 Denarii
1583 4688 1691 4723 τοι.
1734 4675 1792 4724 in
1817 4673 2126 4738 Britannia]
2164 4672 2241 4723 Cf.
2268 4673 2362 4735 Ep.
2392 4687 2494 4735 119.
2525 4687 2552 4732 7
2579 4688 2631 4721 n.
