3355 5380
311 369 334 409 1
350 365 419 426 51
439 347 498 431 ι]
1092 352 1323 416 FROM
1378 352 1611 415 JOHN
1669 351 1939 414 COLET
2590 350 2708 411 471

301 525 513 585 regem
549 527 772 586 regum
804 530 939 573 esse
969 511 1276 589 (putes);
1321 511 1536 572 forsan
1572 512 1936 587 contemptu
1974 527 2378 570 nummorum
2420 526 2715 569 nummos

302 607 368 665 et
394 605 716 668 fortunam
742 627 1082 687 assequere.
1149 609 1232 670 In
1258 608 1414 671 viris
1449 607 1826 669 Christianis
1861 608 2139 669 mundus
2169 606 2449 685 sequitur
2475 607 2714 685 fugien-

302 705 415 764 tes.
503 704 689 766 Vnde
734 708 830 768 tot
875 708 1205 769 facultates
1249 710 1315 770 et
1364 727 1514 784 opes
1560 706 1628 767 in
1671 704 1963 780 Ecclesia,
2017 705 2144 767 nisi
2191 725 2266 765 ex
2314 704 2511 781 fuga?
2593 704 2715 767 Sed
2742 720 2805 771 30

301 801 446 877 scio,
492 822 620 864 non
660 803 912 882 placent
950 807 1070 867 tibi
1108 806 1229 867 ista
1268 805 1593 883 parodoxa.

387 899 570 975 Quod
619 902 839 964 scribis
886 904 964 966 de
1010 904 1321 967 Richardo
1369 903 1561 965 Croco
1602 901 1835 980 miror3
1897 902 2048 981 quid
2089 922 2204 982 ego
2251 921 2396 963 cum
2435 903 2716 981 pecuniis

303 997 589 1076 aliorum,
621 1001 783 1062 vnde
825 1002 1060 1064 iudices
1101 1005 1211 1063 aut
1250 1002 1564 1081 suspicere
1603 1002 1768 1081 apud
1810 1021 1914 1063 me
1955 1021 2089 1063 esse
2129 1002 2422 1080 pecunias
2463 1021 2715 1081 quoquo

303 1096 494 1159 modo
534 1099 697 1159 mihi
736 1099 1048 1162 creditas?
1116 1101 1262 1163 Non
1302 1103 1442 1162 asto
1481 1100 1829 1178 morituris,
1860 1120 1989 1163 non
2030 1099 2322 1162 blandior
2360 1099 2715 1179 pecuniosis

303 1196 529 1272 viduis,
555 1215 683 1259 non
709 1197 1034 1262 immisceo
1060 1220 1165 1261 me
1193 1200 1262 1261 in
1293 1199 1691 1261 testamentis
1717 1198 2011 1276 diuitum,
2042 1218 2170 1261 non
2198 1218 2428 1278 quaero
2455 1198 2713 1260 familia·
2741 1213 2803 1265 3⁵

304 1295 521 1356 ritates
573 1296 975 1375 locupletum,
1020 1318 1147 1360 non
1188 1297 1378 1361 laudo
1419 1300 1665 1376 peccata
1711 1317 1948 1372 eorum,
1994 1317 2124 1360 non
2172 1297 2355 1360 iubeo
2403 1297 2714 1358 redimant

300 1393 532 1455 scelera
567 1415 685 1456 sua
719 1397 998 1474 pecuniis
1034 1397 1291 1459 arbitrio
1331 1416 1474 1460 meo
1512 1395 1752 1475 positis.
1835 1396 2045 1472 Crede,
2078 1397 2246 1475 apud
2288 1414 2404 1458 nos
2441 1396 2548 1474 qui
2583 1414 2714 1457 non

302 1496 401 1553 est
439 1492 505 1554 id
547 1513 744 1572 genus
785 1494 1137 1572 hominum,
1167 1515 1297 1557 non
1338 1494 1519 1556 facile
1563 1493 1823 1556 habebit
1866 1495 2160 1574 pecunias
2205 1494 2709 1573 elemosynaria&

302 1592 436 1670 Ego
475 1611 648 1654 meas
685 1592 892 1655 solum
932 1595 1229 1673 pecunias
1267 1597 1482 1669 tracto,
1521 1612 1676 1671 quas
1715 1593 1785 1654 in
1828 1612 2017 1672 quam
2057 1596 2302 1671 partem
2342 1593 2610 1665 effunde,
2641 1597 2713 1655 tu

303 1690 489 1752 nosti.
576 1692 698 1754 Sed
739 1692 988 1769 subrisi,
1032 1693 1309 1767 Erasme,
1357 1695 1419 1753 et
1468 1691 1662 1753 simul
1710 1691 1918 1754 amaui
1964 1692 2154 1770 istam
2203 1694 2378 1754 tuam
2426 1691 2715 1752 innatam
2739 1702 2807 1752 40

303 1790 792 1869 simplicitatem,
850 1791 1017 1870 quod
1070 1791 1142 1852 in
1196 1791 1321 1853 ista
1374 1791 1588 1853 odiosa
1639 1793 1751 1852 tua
1802 1789 2201 1853 mendicitate
2261 1790 2446 1868 egisti
2505 1791 2717 1868 potius

305 1908 557 1950 causam
609 1889 879 1951 aliorum
938 1910 1126 1969 quam
1180 1889 1520 1967 propriam.
1616 1889 1877 1951 Summa
1929 1891 2042 1964 est,
2103 1890 2176 1949 vt
2231 1888 2394 1949 nihil
2445 1888 2715 1950 habeam

304 1986 545 2049 alienae
604 1988 899 2066 pecuniae
958 2008 1074 2066 pro
1134 1987 1286 2062 aliis,
1348 1987 1439 2049 ita
1491 1989 1547 2050 si
1600 1986 1932 2049 humiliter
1984 1985 2455 2062 mendicaueris,
2512 1986 2714 2049 habeo

306 2084 543 2163 aliquid
580 2086 825 2165 proprie
861 2090 925 2148 et
956 2107 1135 2149 meae
1167 2087 1463 2165 pecuniae
1496 2105 1611 2164 pro
1646 2088 1751 2160 te;
1801 2084 1966 2164 quod
1995 2085 2052 2147 si
2076 2088 2248 2163 petas
2275 2085 2710 2162 inuerecunde,

305 2186 636 2262 paupertas
661 2188 1096 2264 paupertatem
1135 2185 1362 2246 saltem
1389 2185 1784 2263 pauperrime
1818 2182 2162 2246 adiuuabit.
2249 2183 2424 2259 Vale,
2456 2188 2520 2246 et
2547 2203 2708 2262 sepe,
2739 2195 2803 2245 45

306 2285 370 2344 te
397 2301 636 2361 quaeso,
668 2283 747 2345 ad
776 2303 879 2344 me
905 2283 1175 2346 scribite.

2123 2381 2300 2442 Tuus
2317 2380 2406 2442 10.
2441 2380 2707 2444 Coletus.

1051 2555 1256 2640 2312³7
1346 2553 1443 2618 Το
1487 2551 1679 2619 ὖοΗΝ
1724 2550 1975 2619 Consr.

375 2656 625 2728 Farrago
648 2674 705 2728 p.
728 2670 847 2726 309.
2226 2653 2577 2727 Cambridge.

377 2744 438 2800 F.
465 2762 523 2815 p.
549 2745 688 2813 416:
729 2743 870 2801 HN:
910 2744 1090 2801 Lond.
1115 2761 1170 2800 x.
1196 2760 1265 2814 9:
1305 2744 1418 2800 LB.
1451 2759 1568 2802 121.
2166 2758 2193 2814 5
2221 2743 2463 2800 October
2493 2758 2644 2815 151¹·

539 2866 988 2931 [Contemporary
1010 2867 1150 2916 with
1175 2867 1273 2930 Ep.
1298 2880 1413 2932 939,
1438 2865 1548 2915 and
1571 2864 1765 2929 briefly
1787 2864 2116 2929 responding
2136 2867 2192 2914 to
2214 2866 2311 2928 Ep.
2333 2864 2476 2930 93ο.]

732 2998 1049 3047 ERAsts
1094 2998 1609 3048 ROTERODAMVS
1656 2997 1916 3046 COLETO
1943 2996 2084 3046 .SVO
2130 2999 2182 3047 S.
2228 2999 2291 3045 D.

391 3119 522 3180 Ian
549 3139 720 3180 nunc
749 3120 1090 3183 subodoror
1126 3140 1327 3201 genus
1362 3121 1482 3182 hoc
1508 3120 1844 3182 hominum
1872 3120 1951 3181 de
1979 3140 2104 3197 quo
2131 3120 2509 3181 memineras
2532 3142 2547 3194 3
2589 3140 2712 3198 qua

309 3218 385 3279 de
426 3238 491 3278 re
532 3217 714 3296 plura
752 3238 978 3282 coram.
1056 3220 1217 3282 Cum
1258 3220 1540 3299 proxime
1581 3240 1784 3280 essem
1827 3218 2115 3293 Londini‚
2164 3238 2294 3279 non
2334 3217 2464 3280 adii
2507 3221 2586 3293 te,
2630 3239 2712 3279 ne

307 3317 459 3396 quid
492 3317 611 3379 tibi
652 3318 958 3379 molestus
997 3338 1234 3393 essem;
1277 3339 1426 3379 nam
1468 3320 1602 3379 erat
1643 3319 1859 3380 statim
1900 3339 1937 3379 a
1978 3318 2239 3397 prandio
2281 3318 2707 3396 equitandum.

310 3417 537 3479 Petrus
562 3417 869 3479 vnoculus
897 3437 1041 3479 casu
1068 3417 1230 3478 mihi
1258 3417 1458 3478 factus
1490 3417 1718 3478 obuius
1744 3416 2046 3477 indicauit
2081 3419 2145 3476 te
2181 3416 2485 3494 proximis
2512 3416 2714 3478 literis

305 3515 467 3579 meis
507 3515 920 3593 respondisse,
969 3536 1189 3577 verum
1235 3535 1339 3576 eas
1388 3516 1675 3577 nondum
1718 3515 1940 3594 accepi.
2029 3514 2167 3576 Nisi
2213 3534 2318 3576 me
2371 3516 2713 3576 deterreret
2738 3529 2767 3582 5

308 3614 679 3692 pestilentia,
729 3614 849 3675 sub
895 3613 1306 3676 Decembrem
1361 3633 1463 3674 me
1512 3613 1590 3675 ad
1639 3632 1753 3675 vos
1806 3612 2177 3691 reciperem;
2233 3613 2602 3692 praesertim
2656 3612 2715 3674 si

909 3745 1022 3795 280.
1039 3760 1119 3804 4¹·
1155 3744 1470 3794 medicitate
1492 3743 1680 3807 oglatis
1699 3746 1805 3793 MS.
1827 3759 1840 3795 ε
1874 3758 1994 3793 corr.
2015 3746 2114 3794 ΖΒ.

373 3879 489 3928 230.
506 3877 588 3939 38.
625 3876 685 3925 id
705 3890 876 3940 genus
903 3876 1219 3941 hominum]
1249 3875 1329 3926 Cf.
1356 3877 1452 3940 Ep.
1561 3879 1662 3936 Liso
1691 3879 1747 3936 os
1760 3879 1887 3937 cola,
1914 3891 2005 3939 pp.
2028 3877 2111 3939 69,
2136 3890 2170 3938 3
2192 3878 2534 3927 enumerates
2563 3890 2713 3926 some

309 3957 423 4005 231.
453 3958 494 3993 1.
1562 3941 1712 3992 MSS.
1731 3944 1789 3991 at
1803 3942 2124 4004 Cambridge
2145 3944 2367 3992 written
2392 3943 2464 4003 by
2485 3941 2606 3991 him
2627 3942 2711 3991 for

369 4010 485 4060 281.
514 4024 557 4060 1.
605 4006 955 4071 memineras]
995 4009 1086 4057 An
1129 4006 1367 4057 allusion
1403 4010 1459 4057 to
1559 4008 1729 4069 Colet,
1767 4021 1869 4055 one
1907 4007 1967 4056 of
1993 4007 2176 4056 which
2216 4023 2328 4057 was
2363 4006 2599 4057 finished
2638 4022 2711 4056 on

309 4074 405 4137 Ep.
429 4088 542 4136 230.
561 4074 643 4136 38,
671 4075 771 4123 not
792 4087 826 4122 a
846 4073 1021 4122 direct
1043 4087 1269 4122 answer.
1559 4073 1593 4121 8
1610 4074 1737 4135 May
1756 4085 1896 4135 1509.
1965 4072 2092 4122 Two
2104 4074 2327 4123 written
2344 4075 2403 4123 at
2419 4072 2712 4123 Urswick’s

374 4156 421 4192 9.
456 4138 722 4205 Londini]
749 4139 1007 4189 Erasmus
1039 4153 1213 4188 seems
1242 4140 1299 4187 to
1320 4138 1457 4187 have
1558 4140 1686 4201 (Ep.
1724 4138 1841 4200 193)
1877 4139 2207 4189 instruction
2239 4140 2301 4186 in
2339 4152 2466 4199 1514
2501 4138 2583 4188 for
2616 4138 2710 4187 the

309 4205 464 4255 made
487 4220 520 4254 a
541 4206 705 4268 hasty
726 4205 857 4255 visit
879 4208 936 4253 to
957 4203 1201 4266 London,
1229 4204 1459 4266 perhaps
1561 4203 2047 4267 CistercianAbbey
2055 4204 2712 4255 ofHailesinGloucester·

308 4272 367 4319 to
403 4271 690 4321 interview
733 4270 939 4321 Badius
980 4269 1103 4335 (Ep.
1146 4274 1286 4333 939).
1354 4269 1460 4318 For
1559 4270 1708 4319 shire
1738 4283 1830 4318 are
1860 4284 1983 4319 now
2005 4271 2066 4318 in
2097 4271 2192 4319 the
2216 4270 2452 4331 Chapter
2481 4269 2712 4330 Library

309 4335 405 4385 the
437 4336 739 4386 connexion
780 4338 1026 4386 between
1062 4335 1214 4385 them
1249 4338 1307 4386 at
1342 4335 1458 4384 this
1558 4338 1616 4384 at
1646 4335 1836 4386 Wells.
1902 4335 2002 4384 See
2036 4335 2225 4385 Canon
2259 4334 2316 4384 C.
2343 4332 2414 4384 M.
2450 4331 2710 4383 Church's

310 4401 445 4451 time
467 4402 658 4465 sceBp
736 4403 851 4464 218,
877 4416 989 4466 219,
1012 4402 1259 4463 and263.
1557 4404 1695 4450 Nouo
1739 4415 1811 4450 on
1855 4399 1980 4450 that
2024 4400 2266 4463 Libram
2306 4414 2359 4460 p.
2400 4412 2483 4460 93,
2526 4399 2710 4448 where

375 4482 422 4528 4.
473 4466 663 4517 Petrus
733 4468 894 4517 Peter
939 4467 1170 4531 Meghen
1199 4467 1457 4532 (Magius)
1557 4467 1715 4517 other
1768 4466 1919 4517 MSS.
1976 4467 2203 4516 written
2264 4464 2349 4514 for
2404 4463 2557 4514 Celet
2616 4478 2710 4515 are

311 4531 372 4581 ot
401 4531 841 4595 Hertogenbosch
876 4534 936 4582 in
971 4533 1229 4594 Brabant,
1267 4548 1300 4582 a
1331 4547 1456 4583 one·
1558 4531 1799 4582 referred
1820 4536 1893 4583 to.

309 4596 446 4660 eyed
482 4610 628 4659 man,
657 4597 780 4647 who
812 4599 970 4648 made
1001 4598 1093 4648 his
1124 4599 1301 4662 living
1332 4613 1391 4648 as
1424 4613 1457 4647 a
1692 4598 1955 4660 proximis
2012 4596 2212 4660 literis]
2266 4596 2337 4647 In
2392 4608 2604 4647 answer
2654 4596 2710 4646 to

310 4663 484 4713 scribe
522 4663 634 4713 and
670 4677 730 4712 as
766 4677 799 4712 a
831 4678 1150 4729 messenger.
1222 4665 1452 4728 Lupton,
1558 4664 1656 4727 Ep.
1682 4678 1797 4727 930.
