3355 5380
683 399 796 455 194
1391 394 1773 455 LETTERS
1814 394 1920 454 OF
1963 392 2358 454 ERASMUS
2880 389 3065 473 [1497

672 551 731 598 to
755 548 921 598 Paris.
986 547 1157 597 There
1187 548 1257 596 he
1278 547 1474 610 taught
1504 546 1622 596 first
1652 547 1715 596 in
1742 547 1840 597 the
1869 547 2136 597 Lombard
2164 547 2377 610 college
2406 545 2518 595 and
2546 546 2864 597 afterwards
2886 546 2948 594 in
2969 546 3064 594 the

673 612 887 676 College
918 613 979 662 of
1008 613 1261 675 Navarra,
1297 616 1353 661 to
1385 612 1568 661 which
1601 613 1671 661 he
1711 627 1822 661 was
1855 612 1969 661 still
2007 611 2260 662 attached
2296 614 2358 661 in
2393 624 2520 674 1535
2554 627 2615 660 or
2652 613 2778 673 1536
2812 609 3062 675 (Breslau

674 676 787 728 ΠΒ.
808 679 936 728 Cod.
961 678 1135 728 Rhed.
1158 692 1269 739 ²54-
1298 678 1433 741 159).
1505 678 1590 726 He
1632 679 1682 727 is
1714 679 1947 741 perhaps
1980 678 2077 726 the
2111 678 2349 727 Norman
2382 677 2767 727 schoolmaster
2794 676 2856 725 of
2880 676 3064 725 whom

675 743 929 793 Erasmus
959 744 1150 807 speaks
1178 759 1237 792 so
1270 743 1741 806 contemptuously
1772 744 1833 792 in
1869 743 2041 794 Lond.
2072 757 2162 794 xx.
2189 758 2274 805 94,
2300 744 2409 794 LB.
2430 758 2546 805 991.
2613 743 2713 793 See
2746 743 2859 792 also
2892 742 3062 793 Lond.

676 810 712 858 i.
738 824 831 858 ωε
870 809 975 859 LB.
1006 825 1114 872 199,
1142 809 1283 872 App.
1310 825 1369 870 71
1397 809 1504 858 and
1526 808 1638 872 95.]

853 984 1166 1032 ERASMVS
1213 981 1673 1032 ROTERDAMVS
1724 961 2141 1053 [GVILIELMO
2187 961 2522 1053 THALEIO]
2573 981 2695 1030 SVO
2739 984 2790 1029 S.
2837 983 2897 1029 D.

763 1123 905 1183 Nan
925 1126 997 1183 tu
1019 1123 1205 1199 istud,
1232 1124 1322 1183 mi
1345 1119 1649 1204 [Thaleie]
1673 1121 2058 1197 suauissime,
2086 1124 2151 1181 et
2177 1125 2354 1181 acute
2375 1121 2696 1199 preuidisti
2715 1124 2780 1180 et
2801 1121 3074 1197 grauiter

679 1242 946 1300 vereque
988 1222 1238 1297 iudicas,
1283 1220 1627 1298 plurimum
1667 1221 1893 1279 referre
1934 1239 2057 1297 qua
2097 1220 2338 1280 ratione
2380 1239 2625 1296 quoque
2664 1218 2879 1279 ordine
2921 1220 3072 1296 quid

678 1341 861 1399 agas3
922 1321 1111 1398 idque
1160 1321 1508 1380 maximum
1556 1319 1780 1379 habere
1834 1320 2244 1392 momentum,
2292 1336 2436 1377 cum
2481 1317 2734 1377 caeteris
2778 1317 2846 1376 in
2890 1318 3077 1378 rebus

681 1420 992 1495 omnibus,
1039 1424 1179 1479 tum
1221 1419 1545 1497 praecipue
1586 1418 1657 1476 in
1698 1417 2005 1476 bonarum
2051 1415 2279 1476 studiis
2320 1415 2685 1476 litterarum.
2789 1417 2896 1475 An
2945 1435 3076 1475 non

622 1529 653 1578 5
680 1518 968 1579 videmus
1012 1517 1289 1595 ingentia
1336 1516 1610 1593 pondera
1656 1514 1920 1575 minimo
1972 1514 2217 1592 negotio
2272 1513 2408 1574 tolli
2463 1517 2608 1589 arte,
2670 1533 2827 1590 quae
2881 1512 3078 1573 nullis

680 1615 912 1694 alioqui
958 1615 1197 1676 viribus
1237 1613 1477 1674 moueri
1515 1615 1803 1690 poterant
1821 1615 1853 1673 ⁴?
1933 1612 2472 1687 Quemadmodum
2511 1615 2576 1672 et
2623 1612 2692 1671 in
2731 1611 2898 1672 bello
2945 1630 3077 1672 non

680 1714 939 1792 perinde
976 1713 1165 1772 refert
1213 1711 1464 1789 quantis
1502 1710 1698 1787 copiis
1738 1713 2090 1788 quantoque
2132 1709 2386 1785 impetu,
2428 1712 2500 1770 vt
2540 1729 2728 1787 quam
2768 1710 3079 1770 instructo

681 1813 954 1873 exercitu
996 1813 1350 1888 quantoque
1391 1809 1607 1869 ordine
1646 1827 1905 1885 pugnes.
1987 1809 2081 1868 Ac
2125 1808 2324 1868 multo
2357 1807 2614 1869 celerius
2649 1827 2772 1886 quo
2805 1808 3081 1868 tendunt

682 1909 1063 1987 perueniunt
1100 1908 1163 1983 ii,
1198 1907 1307 1985 qui
1346 1906 1603 1967 semitas
1644 1906 2132 1983 compendiarias
2167 1908 2417 1982 norunt,
2451 1926 2640 1983 quam
2677 1906 2786 1983 qui
2822 1924 3079 1966 amnem

596 2025 657 2061 10
685 2008 909 2067 ducem
956 2009 1305 2084 sequuntur
1352 2005 1430 2065 ad
1472 2024 1661 2078 mare,
1713 2003 2240 2081 quemadmodum
2281 2003 2369 2064 ait
2410 2004 2687 2065 Plautus.
2803 2003 3078 2064 Proinde

683 2104 847 2181 petis
882 2106 955 2164 vt
990 2104 1342 2164 studiorum
1380 2102 1667 2162 ordinem
1709 2122 1780 2161 ac
1817 2101 1985 2161 viam
2023 2101 2141 2161 tibi
2180 2102 2608 2178 praescribam,
2648 2121 2838 2179 quam
2877 2101 3080 2162 veluti

684 2203 909 2263 Thesei
935 2202 1119 2261 filum
1138 2204 1389 2261 secutus
1406 2202 1476 2261 in
1497 2202 1819 2260 auctorum
1839 2198 2219 2276 labirynthis
2236 2203 2470 2261 versari
2491 2221 2702 2279 queas.
2768 2199 3082 2277 Equidem

684 2320 798 2379 pro
830 2319 971 2361 mea
996 2303 1160 2361 certe
1191 2299 1359 2359 virili
1385 2317 1515 2359 non
1541 2298 1849 2376 grauatim
1875 2298 2101 2374 parebo
2127 2298 2375 2359 homini
2399 2302 2533 2360 tam
2559 2298 2775 2373 amico,
2807 2300 2880 2359 vt
2907 2298 3083 2358 nefas

684 2400 769 2459 sit
833 2398 1100 2476 quoduis
1160 2398 1350 2458 etiam
1410 2416 1650 2475 negare,
1718 2397 1952 2456 nedum
2017 2416 2150 2456 rem
2213 2400 2345 2458 tam
2404 2397 2767 2475 frugiferam
2826 2399 3082 2474 tamque

599 2512 657 2564 15
683 2497 1029 2558 honestam.

770 2596 885 2673 (ΞΟ.
915 2614 999 2674 40
1018 2595 1154 2672 v0.)
1188 2595 1360 2655 Haec
1380 2594 1591 2669 habui,
1618 2594 1710 2653 mi
1728 2593 2144 2671 Leucophaee,
2169 2613 2324 2671 quae
2347 2594 2415 2654 in
2431 2593 2776 2671 praesentis
2792 2593 2869 2654 de
2882 2592 3086 2652 studii

686 2693 925 2754 ratione
951 2690 1073 2752 tibi
1099 2690 1453 2752 scriberem.
1525 2689 1618 2751 Ea
1645 2689 1702 2750 si
1728 2687 1993 2767 placent,
2021 2693 2223 2762 vtere3
2264 2689 2365 2749 sin
2392 2689 2621 2762 minus,
2645 2687 3087 2749 saedulitatem

686 2790 852 2848 certe
903 2789 1184 2846 nostram
1231 2786 1383 2846 boni
1439 2784 1741 2846 consules.
1842 2785 1938 2844 'ru
1993 2785 2183 2845 modo
2239 2804 2425 2862 perge
2477 2786 2548 2844 vt
2600 2781 2951 2857 instituisti,
3012 2804 3086 2845 ac

687 2880 998 2943 natalium
1052 2884 1306 2941 tuorum
1360 2880 1754 2958 splendorem
1808 2881 2270 2941 honestissimis
2321 2881 2513 2942 etiam
2568 2879 2770 2939 literis
2813 2878 3081 2940 illustra.

602 2996 664 3032 ²0
687 2978 864 3041 Vale.

1436 3069 1743 3152 [Londini
1785 3073 2009 3133 Idibus
2050 3070 2342 3152 Martiis]

755 3213 834 3261 66.
869 3225 965 3259 ‘rx-r.
1028 3211 1311 3258 Enasuvs.
1384 3223 1593 3258 ‚svoza
1626 3210 1873 3258 Euam
1896 3209 2284 3258 Rom-nonum
2306 3209 2480 3258 Prrso
2510 3210 2735 3258 Vri-mo
2754 3222 3086 3258 mmm:

689 3289 1101 3324 »mussavit
1123 3288 1433 3324 rsoroesom
1455 3288 1644 3322 mino
1665 3276 1717 3327 β.
1926 3289 1971 3324 ι.
2006 3275 2155 3324 istud
2178 3292 2243 3323 α·
2276 3289 2387 3324 rem
2407 3276 2569 3324 istam
2592 3274 2993 3329 B.'1'haleie
3015 3292 3088 3323 α·

690 3341 848 3389 Petre
870 3343 922 3394 β.
1085 3345 1241 3388 acute
1261 3339 1550 3402 prouidisti
1570 3339 1621 3386 ιιι
1642 3340 1958 3403 (peruidisti
1980 3340 2089 3400 α’).
2121 3341 2380 3404 perspicis
2399 3344 2556 3390 acute
2576 3342 2628 3395 β.
2786 3353 2833 3402 3.
2870 3353 2994 3403 agas
3017 3358 3087 3388 α.

691 3406 949 3455 instituas
965 3407 1017 3460 β.
1117 3422 1163 3466 4.
1201 3409 1320 3454 tum
1343 3422 1403 3453 α.
1435 3408 1554 3454 tum
1576 3419 1705 3453 vero
1727 3407 1778 3458 β.
1863 3419 1910 3466 5.
1947 3407 2209 3455 minimo.
2273 3409 2429 3455 ‚arte
2445 3424 2498 3470 a,
2537 3408 2583 3454 si
2607 3409 2780 3455 artem
2802 3406 3083 3467 adhibeas,

690 3472 925 3519 minimo
957 3471 1079 3519 tolli
1113 3471 1330 3533 negotio
1361 3471 1412 3524 β.
1525 3485 1570 3530 7.
1606 3473 1952 3532 quantoque.
2027 3473 2113 3520 ..8
2151 3441 2355 3534 pugnes
2393 3489 2458 3520 a:
2507 3473 2836 3533 quantisque
2873 3471 3090 3521 viribus

691 3536 906 3584 hostem
927 3535 1204 3599 adoriaris,
1231 3538 1292 3583 vt
1313 3549 1476 3596 quam
1498 3536 1661 3598 probe
1685 3536 1950 3585 instructo
1972 3538 2228 3600 exercitu,
2255 3551 2363 3600 quo
2393 3538 2637 3597 consilio,
2658 3551 2868 3599 quoque
2890 3536 3091 3586 ordine

691 3614 928 3664 pugnam
953 3615 1192 3664 capessas
1214 3603 1264 3654 β.
1637 3615 1714 3651 10.
1750 3601 1945 3651 ducem
1966 3637 1980 3650 .
2011 3638 2025 3651 .
2055 3637 2070 3652 .
2096 3601 2321 3652 Plautus
2342 3620 2406 3651 a:
2438 3605 2500 3651 vt
2522 3604 2601 3652 ait
2625 3573 2864 3665 ’Plautum
2890 3602 3091 3652 ducem

692 3670 1007 3731 sequuntur,
1024 3670 1080 3715 et
1098 3666 1185 3716 vel
1199 3667 1510 3728 contempto
1529 3665 1834 3730 Pythagora
1852 3667 1936 3729 τῆς
1949 3668 2197 3731 λεωφόρου
2211 3669 2603 3732 lngmdiuntur‚
2626 3668 2714 3716 vel
2730 3669 2897 3717 variis
2914 3668 3092 3717 etiarn

691 3746 935 3780 errorum
959 3733 1270 3795 ambagibus
1292 3733 1736 3794 circumaguntur
1755 3734 1809 3787 β.
2189 3748 2264 3782 ιι.
2303 3736 2442 3797 petis
2463 3736 2523 3782 vt
2543 3750 2607 3782 a:
2643 3748 2797 3796 rogas
2817 3737 2878 3783 vt
2898 3734 3004 3782 tibi
3029 3737 3086 3788 β.

691 3798 795 3846 tibi
817 3815 883 3845 a:
916 3799 1252 3860 formamque
1272 3800 1323 3851 β.
1448 3811 1614 3858 quam
1636 3815 1698 3849 a:
1731 3812 1895 3861 quam
1919 3801 1981 3847 tu
2003 3800 2055 3853 β.
2320 3813 2398 3847 12.
2449 3802 2511 3847 in
2533 3835 2546 3848 .
2577 3835 2590 3848 .
2619 3835 2632 3848 .
2661 3814 2824 3862 queas
2846 3816 2909 3847 a:
2941 3802 2998 3848 et
3025 3801 3092 3848 in

694 3863 986 3911 authorum
1020 3862 1355 3925 labyrinthis
1388 3864 1526 3912 eitra
1558 3878 1794 3913 errorem
1823 3865 2025 3912 versari
2057 3879 2236 3927 queas,
2274 3868 2328 3913 et
2358 3865 2427 3913 ad
2457 3865 2783 3914 eruditionis
2813 3875 3094 3914 summm

692 3927 920 3977 celerius
963 3942 1251 3991 emergere,
1298 3928 1385 3978 vel
1428 3929 1660 3978 aliorum
1704 3931 1876 3992 magis
1919 3929 2118 3978 studiis
2160 3929 2453 3992 consulere,
2500 3945 2634 3994 qnos
2678 3932 2835 3980 bonis
2882 3929 3097 3980 litteris

694 3992 959 4055 instituis,
1005 3995 1446 4056 quandoquidem
1501 3996 1615 4058 ipse
1672 3996 1782 4045 iam
1845 3995 2234 4058 propemodum
2291 3995 2362 4045 ad
2423 3996 2750 4046 eruditionis
2809 3996 3096 4059 fastigium

693 4028 994 4122 peruenis'ti
1016 4060 1068 4113 β.
1231 4075 1304 4120 ι4.
1343 4060 1575 4123 quoduis
1598 4062 1765 4110 etiam
1787 4078 1848 4110 a:
1883 4060 2105 4121 quiduis
2124 4061 2287 4110 etiam
2313 4061 2586 4124 flagitanti
2606 4063 2657 4116 β.
2842 4063 2995 4110 tam.

695 4125 983 4173 honestam
1005 4143 1071 4173 α.
1250 4129 1365 4175 tam
1388 4127 1672 4175 honestam
1691 4131 1913 4187 tamque
1935 4126 2267 4189 frugiferam.
2338 4126 2489 4189 Quod
2511 4128 2560 4176 si
2582 4128 2813 4176 senseris
2838 4130 3096 4176 nestrum

696 4189 799 4240 hoc
826 4190 1119 4240 consilium
1144 4191 1248 4240 tibi
1278 4190 1560 4240 commodo
1590 4192 1771 4254 fuisse,
1799 4194 1880 4241 tui
1911 4192 2159 4241 candoris
2188 4192 2294 4241 erit
2328 4195 2384 4241 et
2419 4193 2542 4242 aliis
2574 4192 2643 4241 ad
2675 4194 2842 4242 bonas
2873 4191 3100 4242 litteras

696 4256 1035 4305 enitentibus
1057 4256 1230 4319 digito
1258 4258 1408 4306 viam
1440 4257 1684 4306 indicare
1704 4259 1757 4312 β.
1865 4258 1941 4305 16.
1981 4258 2058 4306 mi
2093 4293 2106 4306 .
2134 4293 2147 4306 .
2177 4292 2190 4305 .
2249 4258 2644 4320 17.t1bia:1n
2666 4258 2982 4321 praesentia,
3005 4259 3098 4307 mi

696 4322 993 4372 clarissime
1018 4322 1360 4385 (charissime
1384 4324 1434 4386 ὃ)
1460 4323 1632 4384 Petro,
1657 4336 1796 4386 quae
1818 4323 1919 4371 tibi
1944 4321 2010 4371 de
2033 4323 2201 4372 studii
2225 4324 2437 4372 ratione
2458 4326 2510 4377 β.
2755 4324 2834 4375 18.
2868 4324 3002 4373 boni
3025 4340 3062 4371 α
3085 4341 3098 4372 :

698 4401 795 4451 pro
826 4389 923 4437 tuo
959 4386 1188 4437 candore
1221 4389 1348 4437 boni
1382 4392 1435 4443 β.
1572 4392 1634 4437 vt
1657 4424 1670 4436 .
1704 4426 1715 4439 .
1741 4423 1754 4437 .
1795 4403 1870 4449 19.
1907 4388 2086 4437 literis
2108 4405 2178 4437 a:
2228 4390 2307 4437 ita
2340 4392 2402 4438 vt
2434 4389 2728 4439 instituisti
2762 4392 2821 4438 in
2854 4389 3099 4452 optimas

696 4454 891 4517 (bonas
910 4452 972 4516 γ)
1005 4453 1216 4504 litteras
1245 4455 1572 4515 incumbere,
1600 4468 1660 4502 ac
1695 4453 1929 4503 Galliam
1961 4455 2113 4503 tuam
2143 4453 2348 4516 alioqui
2378 4455 2817 4505 florentissimam
2844 4455 3101 4504 honedis

698 4520 1123 4583 (honestissimis
1143 4520 1200 4581 γ)
1225 4521 1392 4570 etiam
1412 4520 1611 4570 studiis
1635 4521 1687 4572 β.
1824 4533 1903 4569 21.
1944 4519 2183 4568 Londini
2208 4555 2221 4569 .
2250 4555 2263 4568 .
2292 4555 2307 4568 .
2334 4520 2547 4570 ltu-tiis
2570 4536 2659 4570 om.
2682 4523 2733 4575 β.

1469 4701 1543 4737 ιο.
1578 4683 1828 4750 Plautus]
1852 4690 1991 4736 Pom.
2015 4700 2063 4747 3.
2089 4700 2140 4748 3.
2171 4701 2247 4749 14,
2274 4701 2324 4749 5.
