3355 5380
657 357 768 411 140
1357 350 1734 412 LETTERS
1788 351 1893 412 OF
1951 351 2350 413 ERASMUS
2865 345 3055 431 [1494

893 509 1062 568 Dum
1103 507 1249 586 iuga
1289 508 1527 568 montis
1566 527 1729 586 aper,
1773 507 2001 570 fluuios
2041 508 2193 569 dum
2237 507 2426 585 piscis
2467 507 2724 582 amabit,

894 606 1184 684 Dumque
1226 606 1448 683 thymo
1488 609 1824 682 pascentur
1863 626 2027 683 apes,
2075 606 2228 667 dum
2269 627 2405 668 rore
2456 606 2717 680 cicadae,

560 721 621 772 45
895 705 1132 766 Lucida
1172 705 1326 765 dum
1367 708 1619 767 current
1660 705 1888 766 annosi
1927 704 2128 767 sidera
2170 705 2411 781 mundi,

895 804 1181 866 Oceanus
1222 806 1476 865 vastum
1518 805 1672 864 dum
1715 804 2010 865 fluctibus
2050 804 2288 865 ambiet
2332 803 2588 864 orbem:

894 901 954 962 N
957 920 1040 963 on
1081 921 1184 962 me
1226 904 1358 962 tam
1403 901 1602 962 dulcis
1645 901 2014 963 meminisse
2054 902 2294 980 pigebit
2334 901 2545 962 amici.

650 1025 771 1086 Sed
813 1025 971 1086 heus
1008 1024 1156 1086 vide
1200 1046 1277 1085 ne
1323 1028 1394 1085 tu
1440 1028 1698 1085 mutuae
1744 1028 1994 1087 nostrae
2039 1025 2353 1086 amicitiae
2402 1024 2714 1086 maculam
2764 1022 3054 1083 iniecisse

647 1124 936 1199 videaris,
986 1123 1093 1201 qui
1133 1144 1272 1184 eam
1315 1126 1449 1185 tam
1490 1124 1662 1184 facili
1704 1122 1930 1185 ductus
1981 1123 2274 1202 opinione
2315 1124 2661 1184 extinctam
2705 1120 3056 1199 suspicatus

562 1248 626 1296 50
650 1242 757 1297 es;
798 1221 942 1283 vide
976 1243 1055 1282 ne
1091 1222 1190 1281 illi
1223 1222 1498 1282 fictionis
1534 1225 1753 1283 notam
1786 1222 2158 1299 imposuisse
2197 1222 2450 1283 noteris.
2538 1220 2844 1281 Amicitia
2879 1218 3055 1279 enim

652 1320 766 1399 (ait
804 1321 1058 1397 Seneca)
1094 1340 1253 1399 quae
1289 1320 1573 1381 desinere
1614 1321 1835 1399 potuit,
1868 1342 2018 1383 vera
2059 1340 2388 1399 nunquam
2427 1320 2568 1380 fuit.
2655 1318 2795 1379 Nisi
2832 1318 3054 1378 fictum

650 1439 863 1480 meum
899 1420 968 1479 in
1013 1421 1076 1478 te
1125 1438 1406 1480 amorem
1451 1421 1752 1497 putasseS,
1799 1420 2224 1481 immortalem
2281 1439 2523 1497 quoque
2567 1438 2695 1479 non
2737 1415 3057 1493 ambigere

651 1517 940 1596 oportuit,
967 1519 1032 1577 et
1058 1521 1130 1577 tu
1159 1536 1235 1577 ex
1264 1517 1630 1594 coniectura,
1664 1521 1728 1580 et
1759 1538 1832 1579 ea
1869 1519 2126 1596 quidem
2159 1521 2294 1578 tam
2335 1517 2528 1592 tenui,
2559 1517 2694 1577 eius
2721 1514 3057 1576 interitum

650 1614 1124 1694 argumentaris,
1172 1618 1245 1676 vt
1289 1616 1435 1692 quia
1478 1636 1606 1677 non
1652 1617 1930 1678 crebrius
1978 1618 2141 1677 istuc
2185 1636 2361 1677 meae
2404 1616 2665 1677 veniant
2708 1614 2946 1687 literae,
2990 1615 3056 1673 te

562 1735 624 1785 55
649 1714 885 1793 pectori
952 1716 1165 1774 nostro
1226 1714 1529 1775 excidisse
1592 1715 1842 1789 credas;
1913 1715 2157 1777 tantine
2220 1718 2290 1774 tu
2358 1714 2657 1775 aestimas
2726 1710 3055 1774 silentium

650 1816 938 1873 nostrum
960 1813 994 1872 *Ρ

732 1910 865 1987 Ego
894 1908 1147 1987 quidem
1180 1908 1292 1969 hoc
1322 1929 1422 1969 me
1448 1911 1731 1989 purgabo
1759 1912 2037 1984 crimine,
2073 1931 2196 1988 quo
2224 1930 2327 1970 me
2355 1909 2540 1971 ferire
2568 1910 2936 1985 contendis3
2985 1912 3055 1973 in

649 2011 714 2067 te
740 2006 1108 2083 retorquebo
1135 2006 1411 2068 iaculum
1442 2011 1671 2087 tuoque
1699 2012 1763 2071 te
1794 2009 2087 2088 iugulabo
2117 2008 2340 2087 gladio.
2415 2007 2644 2069 Nonne
2677 2009 3055 2089 iampridem

650 2108 716 2165 te
769 2124 1022 2180 prorsus
1076 2105 1455 2167 dormitante
1509 2110 1691 2169 tanta
1743 2111 1808 2169 te
1861 2108 2189 2169 literarum
2238 2106 2603 2167 assiduitate
2658 2108 2924 2185 pulsaui,
2984 2112 3056 2170 vt

559 2211 625 2261 60
652 2204 917 2265 moleste
943 2204 1071 2264 iam
1100 2204 1294 2265 ferres
1311 2207 1344 2266 ‘t‘
1385 2207 1601 2267 orabas
1635 2227 1714 2266 ne
1769 2206 1971 2283 magis
2001 2206 2188 2267 solito
2227 2205 2611 2279 lacesserem,
2648 2205 2757 2283 qui
2785 2207 3058 2268 oratiun-

652 2301 825 2362 culae
851 2300 1101 2361 cuidam
1130 2303 1417 2363 animum
1447 2305 1819 2365 aduerteras.
1905 2304 2148 2380 Quibus
2174 2322 2306 2363 non
2334 2304 2521 2363 modo
2549 2302 3055 2365 vicissitudinem

652 2420 783 2459 non
810 2398 1175 2474 reddidisti;
1217 2401 1324 2461 sed
1355 2402 1462 2462 vix
1489 2402 1747 2463 illarum
1786 2402 2039 2463 lectioni
2065 2403 2255 2462 breue
2290 2402 2492 2462 otium
2521 2404 3050 2478 accommodabas,

616 2500 785 2571 ,tam
829 2496 1007 2557 breui
1052 2497 1255 2558 nostri
1301 2501 1750 2561 consuetudine
1800 2500 2086 2578 expletus
2134 2520 2287 2576 eras,
2335 2521 2414 2561 ne
2459 2500 2663 2560 dicam
2714 2501 3050 2563 fastiditus.

648 2597 740 2656 At
787 2594 1098 2656 mendacii
1140 2616 1242 2656 me
1290 2596 1551 2659 forsitan
1609 2619 1846 2677 argues,
1882 2599 2111 2677 quippe
2168 2598 2276 2677 qui
2332 2618 2776 2676 saepenumero
2823 2601 2901 2660 ad
2950 2620 3054 2661 me

559 2699 621 2762 65
649 2695 987 2772 scripseris.
1072 2694 1215 2757 Non
1242 2697 1486 2758 inficias
1515 2718 1601 2773 eo,
1634 2698 1868 2760 extorsi
1897 2698 2149 2776 quidem
2178 2697 2437 2758 tandem
2465 2696 2789 2775 improbus
2829 2699 3054 2777 episto·

648 2793 745 2853 lae
764 2794 1057 2873 indignas
1078 2795 1335 2855 nomine
1355 2795 1665 2857 litterulas
1694 2796 2010 2875 quasdam,
2034 2800 2107 2857 vt
2128 2815 2411 2874 perraras
2430 2796 2522 2855 ita
2548 2798 2613 2856 et
2631 2796 3051 2872 breuissimas‚

650 2890 1064 2968 Philelphicis
1106 2891 1324 2969 plenas
1367 2894 1709 2970 blanditiis,
1760 2893 2106 2956 lutulentas
2147 2897 2211 2954 et
2254 2893 2512 2972 puluere
2557 2894 2875 2971 grauiores
2921 2896 3059 2975 ipsa

649 2988 829 3049 facile
858 2989 1063 3050 fronte
1096 2990 1622 3053 inaestimabilem
1657 2993 1855 3053 animi
1894 2993 1964 3053 in
1997 3013 2097 3053 me
2130 2992 2227 3052 tui
2264 2992 2771 3054 beneuolentiam
2813 3014 2960 3070 prae
2988 3016 3054 3057 se

649 3087 934 3149 ferentes.
1037 3089 1122 3148 Et
1173 3090 1363 3167 (quod
1413 3092 1701 3151 omnium
1757 3091 2029 3152 ferebam
2080 3089 2548 3170 molestissime)
2597 3094 2669 3152 tu
2711 3091 3054 3154 leuioribus

562 3204 624 3256 70
650 3185 1023 3263 quibusdam
1051 3185 1120 3245 in
1149 3186 1240 3246 eis
1267 3186 1417 3247 iocis
1444 3190 1510 3248 et
1538 3189 1773 3249 salibus
1800 3189 2134 3267 indulgens
2154 3189 2320 3250 votis
2341 3189 2499 3249 meis
2525 3188 2789 3250 minime
2809 3209 3053 3252 morem

648 3284 919 3360 gerebas.
993 3284 1085 3345 At
1111 3284 1167 3344 si
1194 3304 1307 3362 ego
1326 3284 1539 3347 forsan
1567 3286 1636 3346 in
1662 3286 1769 3364 eis,
1794 3307 1948 3365 quas
1975 3287 2053 3348 ad
2074 3289 2137 3346 te
2165 3287 2462 3362 dederim,
2487 3287 2684 3348 literis
2709 3288 3051 3367 quidquam

648 3382 956 3443 iocantius
991 3382 1375 3460 scripseram,
1408 3404 1534 3444 non
1562 3384 1793 3463 vbique
1827 3384 2048 3446 ludum
2083 3406 2184 3445 me
2212 3406 2392 3465 agere
2419 3385 2723 3447 creditum
2753 3388 3048 3465 oportuit,

650 3479 757 3539 sed
813 3477 967 3540 iocis
1021 3479 1153 3539 ioca
1208 3483 1273 3540 et
1336 3481 1498 3542 seria
1561 3484 1975 3560 comparanda
2028 3483 2210 3544 seriis
2265 3488 2462 3545 erant.
2570 3484 2665 3544 Tu
2718 3485 3052 3565 vtrobique

649 3576 920 3638 ludebas.
1016 3577 1341 3639 Praeterea
1370 3580 1521 3640 dum
1552 3580 1833 3642 vicissim
1863 3581 2025 3641 mihi
2052 3581 2325 3642 adiocari
2352 3601 2548 3660 paras,
2583 3582 2755 3644 illius
2778 3584 3053 3647 Senecae

563 3689 621 3741 75
652 3675 851 3737 nostri
904 3674 1218 3753 dogmatis
1273 3676 1508 3738 oblitus
1563 3699 1644 3754 es,
1702 3678 1847 3741 Sint
1902 3679 2064 3740 sales
2120 3679 2216 3741 tui
2265 3679 2403 3740 sine
2460 3681 2688 3756 dente3
2755 3684 2820 3743 et
2874 3684 3048 3758 item,

650 3773 951 3834 Amicum
1005 3772 1260 3851 quidem
1321 3795 1401 3835 ne
1463 3777 1597 3837 ioco
1660 3777 1915 3856 quidem
1974 3777 2216 3838 laedere
2273 3781 2533 3856 oportet.
2645 3779 2847 3841 Tenes
2902 3781 3051 3859 quid

649 3872 842 3933 velim
859 3874 893 3933 ⁶?
960 3870 1182 3949 Itaque
1223 3873 1279 3933 si
1321 3894 1423 3934 me
1465 3875 1840 3951 criminariS,
1889 3877 2053 3954 quod
2092 3876 2410 3955 paulisper
2447 3878 2764 3940 calamum
2799 3900 3055 3958 suspen·

650 3970 867 4045 derim,
905 3972 1136 4048 quanto
1168 3971 1425 4049 aequius
1467 3974 1687 4034 eodem
1724 3979 1787 4035 te
1829 3974 2110 4035 vicissim
2153 3975 2585 4036 condemnabo
2631 3976 2910 4051 crimine,
2944 3977 3054 4056 qui

648 4072 788 4146 post
817 4067 1116 4128 diuturna
1143 4068 1399 4131 silentia
1423 4071 1812 4134 calumniose
1840 4072 2182 4150 scripseris.
2269 4073 2409 4133 Iam
2444 4094 2548 4133 me
2573 4073 2820 4151 piatum
2842 4075 3023 4135 credo
3038 4097 3054 4150 ;

561 4173 626 4218 80
651 4167 777 4226 iam
806 4187 928 4245 quo
956 4186 1059 4226 me
1085 4168 1339 4244 petebas
1369 4170 1437 4230 in
1466 4173 1531 4231 te
1558 4174 1865 4233 retortum
1893 4170 2184 4247 iaculum,
2219 4171 2347 4231 iam
2380 4174 2490 4232 tuo
2527 4174 2589 4233 te
2629 4192 2779 4234 ense
2819 4172 3057 4252 iugula·

651 4266 788 4324 tum
817 4264 1099 4326 arbitror.

732 4365 823 4423 At
866 4366 936 4423 tu
983 4362 1140 4423 forte
1192 4364 1475 4427 nondum
1532 4365 1850 4442 fatebere;
1907 4388 2159 4446 pergam
2218 4368 2426 4446 igitur,
2483 4373 2546 4429 et
2594 4369 2766 4430 aliud
2822 4369 3056 4431 certius

716 4589 799 4636 45.
839 4574 1066 4653 Lucida]
1093 4576 1308 4637 Seneca,
1339 4580 1441 4625 Oed.
1468 4592 1580 4640 504,
1608 4591 1654 4638 5.
1963 4592 2044 4639 51.
2085 4577 2577 4643 Seneca]Awrong
2598 4581 2925 4643 ascription3
2958 4581 3055 4632 the

715 4655 798 4703 ⁴7·
836 4639 1179 4705 meminisse]
1200 4640 1279 4692 Cf.
1294 4642 1448 4706 Verg.
1469 4647 1589 4693 Aen.
1611 4660 1658 4704 4.
1683 4657 1794 4706 335.
1898 4648 2153 4694 sentence
2179 4647 2225 4694 is
2248 4647 2308 4693 in
2332 4646 2367 4694 J
2370 4660 2565 4708 erome,
2593 4649 2680 4706 Ep.
2709 4662 2743 4711 3
2767 4646 2860 4697 fin.
