3355 5380
278 381 461 467 1500]
1115 384 1225 446 ‘ro
1279 384 1558 447 JAMES
1615 385 1846 446 BA'r'r
2550 393 2672 450 277

270 543 437 605 dicta
475 563 548 606 ac
587 544 790 617 facta;
848 560 1005 619 quae
1045 540 1309 602 consilio
1348 543 1545 604 soceri
1582 542 1661 603 de
1700 543 2045 620 composito
2080 548 2442 622 praeparata
2475 546 2676 608 videri
2702 551 2769 602 60

269 645 544 720 possent.
632 642 688 702 E
728 640 973 702 duobus
1014 639 1193 716 equis
1233 639 1394 701 alter
1434 644 1570 702 erat
1607 640 2077 719 ignauissimus,
2110 645 2181 703 vt
2219 642 2289 703 in
2329 642 2478 721 fuga
2512 644 2677 706 nihil

269 741 563 802 futurum
610 739 804 802 fuerit
852 737 1158 816 praesidii.
1254 737 1324 798 Is
1370 738 1472 798 cui
1521 758 1636 818 ego
1689 738 2058 814 insidebam,
2103 740 2173 799 in
2227 739 2394 801 collo
2440 742 2678 805 vulnus

270 840 495 917 ingens
541 838 811 902 habebat
850 836 1056 898 adhuc
1101 836 1446 913 vnguentis
1494 835 1787 900 oblitum.
1875 836 2021 898 Non
2068 835 2159 900 ita
2204 838 2422 916 procul
2468 841 2677 903 abera-

271 954 415 997 mus
470 935 551 997 ab
607 934 779 1010 vrbe,
830 937 1006 1012 rogat
1064 935 1314 996 iuuenis
1370 934 1494 996 sibi
1553 935 1741 996 liceat
1792 955 1833 997 a
1883 938 2058 1013 tergo
2114 955 2255 998 meo
2307 936 2379 999 in
2426 937 2678 1001 lumbos

268 1036 413 1113 equi
472 1032 902 1105 conscendere,
963 1031 1322 1095 iumentum
1375 1035 1700 1094 assuetum
1753 1033 2027 1094 ferendis
2087 1033 2333 1095 duobus
2386 1055 2469 1097 ne
2524 1037 2673 1116 quid
2700 1046 2766 1111 65

268 1136 614 1195 metuerem
639 1151 819 1210 equo.
900 1129 1105 1193 ‘Sero’
1131 1129 1342 1210 inquit
1376 1131 1733 1207 ‘exiuimus,
1765 1131 1885 1193 hoc
1912 1132 2176 1193 celerius
2201 1136 2676 1212 perueniemus)

272 1230 506 1292 Passus
535 1251 722 1306 sum3
779 1231 979 1290 oritur
1015 1249 1223 1291 sermo
1260 1229 1453 1291 variis
1493 1230 1570 1291 de
1603 1229 1809 1291 rebus.
1896 1230 2003 1292 Sic
2041 1231 2319 1310 loquitur
2354 1232 2432 1293 de
2466 1252 2675 1295 socero

271 1330 449 1408 quasi
494 1348 623 1391 non
670 1329 906 1409 optime
954 1327 1033 1390 de
1081 1327 1196 1389 illo
1244 1327 1524 1389 sentiret.
1612 1328 1730 1390 Est
1774 1331 1839 1389 et
1880 1328 1998 1390 hoc
2035 1349 2237 1392 vnum
2277 1351 2313 1391 e
2353 1331 2674 1394 latronum

267 1429 602 1507 mysteriis.
689 1427 941 1489 Interea
980 1445 1279 1488 crumena
1319 1445 1461 1487 mea
1499 1427 1723 1488 defluit
1763 1427 1833 1487 in
1875 1430 2139 1505 tergum,
2174 1429 2423 1490 inerant
2461 1433 2672 1492 autem

266 1531 406 1589 octo
456 1527 661 1588 ferme
716 1526 991 1587 coronati
1047 1525 1235 1587 aurei.
1342 1523 1411 1585 Is
1463 1523 1708 1602 reponit
1759 1525 1838 1586 ad
1891 1525 2282 1589 vmbilicum.
2392 1528 2673 1590 Rursum
2701 1545 2763 1599 70

266 1625 650 1688 defluentem
703 1622 967 1703 reponit,
1018 1623 1365 1684 admonens
1419 1625 1493 1683 vt
1547 1640 1846 1684 crumena
1897 1643 2143 1703 semper
2195 1626 2285 1686 sit
2338 1625 2408 1686 in
2455 1626 2671 1688 oculis.

264 1725 402 1803 Ego
437 1723 652 1786 ridens
684 1725 702 1755 ⁴
717 1722 1030 1799 Quorsum
1047 1721 1064 1747 ’
1090 1721 1351 1799 inquam
1396 1723 1412 1756 ‘
1427 1723 1659 1782 attinet
1693 1740 1939 1783 seruare
1965 1742 2229 1785 vacuam
2245 1725 2279 1786 ?
2297 1724 2314 1749 '
2392 1724 2674 1786 Obscura

263 1822 393 1884 iam
414 1824 600 1884 nocte
624 1839 851 1882 nemus
876 1818 1188 1897 quoddam
1207 1818 1448 1881 emensi
1471 1819 1733 1881 tandem
1760 1821 1828 1881 in
1843 1821 2057 1884 vicum
2085 1822 2403 1899 quendam
2422 1825 2672 1885 emersi·
2751 1840 2771 1862 ·

264 1939 424 1982 mus.
498 1918 760 1980 quenis
777 1919 1301 1995 circumspectans
1326 1917 1512 1995 fingit
1533 1936 1600 1978 se
1628 1919 1870 1979 nescire
1888 1919 2147 1981 Vbinam
2172 1920 2454 1982 locorum
2482 1926 2663 2002 oeset,

263 2018 440 2081 ducit
479 2038 594 2080 nos
634 2017 705 2078 in
746 2015 930 2077 aedes
968 2016 1177 2078 nescio
1212 2033 1386 2094 quas.
1472 2015 1670 2077 Iubeo
1700 2019 1775 2080 vt
1809 2017 2057 2079 iuuenis
2082 2019 2215 2096 ipse
2242 2038 2311 2080 se
2338 2022 2512 2081 curet
2554 2038 2671 2082 suo
2696 2038 2758 2092 75

265 2136 456 2194 more,
489 2135 605 2178 nos
629 2115 881 2193 vtrique
905 2114 1106 2176 ieiuni
1132 2113 1416 2175 cubitum
1444 2114 1628 2175 imus.
1715 2116 1967 2193 Anglus
1991 2115 2111 2177 hoc
2144 2116 2435 2196 religioni
2462 2117 2666 2194 dabat,

263 2235 381 2294 ego
433 2213 826 2289 valetudini;
895 2232 1047 2274 nam
1101 2211 1378 2291 grauiter
1436 2231 1471 2272 e
1534 2212 1859 2274 stomacho
1919 2213 2295 2276 laborabam.
2409 2216 2667 2277 Accedit

262 2313 500 2374 mulier
538 2311 738 2385 nobis,
785 2313 857 2372 vt
902 2309 1179 2388 putabat,
1230 2310 1436 2371 altum
1483 2310 1959 2386 dormientibus,
2005 2310 2209 2374 multa
2255 2332 2402 2374 cum
2448 2314 2668 2391 ignoto

261 2410 396 2487 illo,
449 2413 524 2474 vt
570 2408 922 2484 simulabat,
980 2408 1208 2470 iuuene
1261 2408 1750 2470 familiarissime
1805 2408 2112 2472 collocuta
2167 2412 2280 2472 est.
2384 2411 2665 2473 Tandem

256 2509 493 2570 iuuene
531 2508 947 2570 submonente
990 2506 1267 2585 reliquus
1306 2525 1513 2568 sermo
1552 2506 1757 2568 sibilis
1796 2511 2084 2586 peractus
2124 2511 2237 2582 est,
2266 2512 2339 2570 vt
2371 2509 2665 2571 exaudire
2691 2530 2755 2578 80

255 2625 386 2668 non
412 2625 681 2686 possem.

339 2709 518 2768 Ante
542 2705 749 2768 lucem
776 2705 1037 2766 extrudo
1063 2723 1170 2766 eos
1203 2703 1282 2765 ad
1309 2704 1444 2765 iter.
1533 2704 1693 2766 Toto
1718 2704 1944 2766 itinere
1969 2709 2167 2767 tracto
2193 2705 2485 2767 iuuenem
2513 2725 2664 2768 sane

258 2806 541 2867 comiter.
626 2803 754 2865 Vbi
793 2805 1173 2880 peruentum
1213 2804 1310 2863 est
1345 2802 1426 2863 ad
1467 2803 1768 2882 oppidum
1811 2803 1913 2864 cui
1952 2822 2184 2865 nomen
2215 2803 2398 2865 Claro
2433 2804 2657 2879 monti,

252 2923 412 2983 paro
437 2902 703 2981 ingredi,
734 2919 864 2963 non
897 2899 1031 2962 illic
1064 2903 1317 2963 acturus
1354 2904 1601 2961 noctem
1639 2901 1750 2962 sed
1777 2921 2004 2963 aurum
2031 2902 2549 2977 commutaturus,
2580 2921 2663 2963 ne

253 3002 413 3082 quid
439 3020 515 3062 ea
545 3020 647 3061 res
680 3002 842 3061 efflet
869 2999 940 3060 in
966 3019 1140 3059 mora
1168 2999 1238 3059 in
1262 2998 1402 3061 vico
1435 3000 1964 3076 pernoctantibus.
2033 2999 2366 3061 Dissuadet
2390 2999 2657 3074 iuuenis,
2686 3019 2750 3081 85

253 3100 579 3161 affirmans
606 3097 730 3160 sibi
753 3098 908 3159 satis
930 3116 1066 3158 esse
1089 3100 1377 3159 monetae
1401 3101 1747 3176 argenteae.
1835 3097 2059 3178 Itaque
2092 3098 2171 3158 ad
2197 3097 2406 3159 leuam
2434 3098 2661 3177 oppido

254 3198 476 3259 relicto
503 3196 840 3275 pergimus.
925 3195 1066 3256 Iam
1092 3194 1232 3257 vico
1256 3196 1530 3274 proximi
1556 3215 1704 3257 cum
1731 3214 2029 3273 essemus,
2059 3196 2218 3258 forte
2254 3199 2662 3276 praecesserat

252 3295 513 3374 Anglus
538 3313 663 3356 vna
688 3312 835 3356 cum
862 3294 1101 3368 iuuene,
1133 3312 1248 3371 ego
1273 3312 1515 3371 sequor,

1558 3416 1723 3478 sicut
1748 3408 1929 3479 meus
1956 3422 2053 3479 est
2076 3437 2232 3494 mos,

745 3514 959 3576 nescio
984 3514 1132 3594 quid
1161 3515 1475 3576 meditans
1502 3533 1812 3594 nugarum
1836 3518 1901 3576 et
1928 3518 2101 3577 totus
2126 3517 2193 3577 in
2224 3516 2371 3578 illis.
2685 3533 2750 3583 90

256 3639 532 3701 Interim
579 3638 981 3716 imprudente
1035 3658 1139 3699 me
1194 3637 1592 3698 descenderat
1639 3638 1906 3717 Anglus.
2011 3639 2270 3702 quenis
2314 3641 2657 3701 adduxerat

256 3757 493 3817 equum
547 3738 628 3799 ad
684 3737 861 3813 fores,
919 3736 1029 3797 vbi
1084 3755 1412 3815 nunquam
1467 3736 1667 3798 fuerat
1736 3737 2165 3799 diuersorium.
2280 3738 2406 3799 Vbi
2470 3737 2655 3812 sensi,

253 3837 533 3898 demiror
599 3835 751 3914 quid
818 3834 1072 3914 cogitet.
1173 3833 1292 3895 Ille
1362 3835 1866 3914 circunspectans
1931 3840 2119 3914 negat
2184 3856 2249 3898 se
2303 3836 2436 3899 illic
2490 3836 2660 3897 intra

254 3934 728 4013 quatuordecim
759 3933 953 3994 fuisse
993 3952 1208 3995 annos.
1298 3933 1500 4011 Rogat
1533 3934 1701 4012 quod
1744 3933 1905 3995 mihi
1938 3934 2176 4014 placeat
2218 3933 2651 3996 diuersorium.

255 4032 461 4109 ‘Quid
489 4032 548 4093 si
568 4032 692 4093 huc
712 4033 731 4059 ’
755 4030 965 4110 inquit
996 4033 1012 4063 ‘
1028 4031 1480 4094 diuertamus?'
1553 4031 1639 4093 Et
1667 4032 1946 4094 ostendit
1974 4031 2233 4095 domum
2261 4033 2652 4095 destinatam.
2683 4048 2745 4100 95

247 4130 396 4192 Non
437 4129 662 4205 abnue,
706 4149 948 4191 memor
990 4130 1152 4208 quod
1192 4129 1325 4191 illic
1365 4130 1521 4192 olim
1557 4133 1653 4192 sat
1691 4130 2016 4193 commode
2052 4134 2340 4211 acceptus
2377 4131 2651 4207 fuissem,

239 4292 334 4352 69.
370 4304 497 4340 mea
518 4293 631 4339 aad.
658 4293 725 4339 H.
919 4303 999 4351 75.
1033 4304 1089 4340 se
1111 4294 1226 4339 aad.
1251 4294 1306 4340 F.
1494 4304 1578 4353 91.
1610 4291 1955 4354 imprudente
1979 4306 2065 4341 me
2086 4296 2163 4343 11':
2194 4292 2573 4355 imprudenter
2594 4293 2653 4339 Ε.

320 4505 402 4552 70.
459 4491 710 4539 coronati
770 4488 946 4554 aurei]
1024 4489 1165 4539 Gold
1231 4489 1400 4552 coins,
1505 4490 1727 4553 Friday,
1748 4490 1845 4540 the
1873 4493 2105 4554 century
2131 4506 2285 4555 years
2317 4492 2480 4553 being
2509 4489 2650 4552 leap-

227 4556 433 4607 ποι-ὡ
485 4568 555 4618 35
609 4554 771 4604 solidi
824 4554 1162 4605 Turonenses
1227 4556 1404 4605 under
1503 4570 1656 4619 years
1688 4557 1836 4606 until
1869 4556 1965 4606 the
1996 4557 2289 4620 Gregorian
2322 4556 2561 4605 revision
2596 4554 2654 4604 of

225 4621 479 4675 charles
498 4634 605 4671 vm
625 4619 738 4670 and
761 4619 923 4670 Leuis
943 4634 1041 4673 xn.
1501 4622 1598 4671 the
1618 4621 1887 4672 calendar.

320 4688 396 4748 76.
434 4686 715 4751 religioni]
759 4700 822 4749 3¹
868 4686 991 4739 Jan.
1045 4700 1173 4749 1500
1215 4700 1327 4736 was
1370 4701 1403 4737 a
1563 4689 1646 4751 89.
1685 4686 1850 4752 sicut]
1887 4687 2146 4739 nox-‚sat-
2178 4702 2220 4740 1.
2241 4702 2292 4750 9.
2321 4701 2362 4750 1,
2389 4702 2436 4737 ο.
