3355 5380
611 300 730 356 482
1314 297 1690 360 LETTERS
1744 297 1850 359 OF
1906 295 2306 358 ERASMUS
2819 292 3017 376 [1511

610 457 826 532 postea
870 455 1129 516 arbitrio
1176 454 1505 516 Pontificis
1548 455 1939 516 admittetur.
2038 454 2252 515 Nostri
2300 453 2450 532 quid
2500 453 2700 514 acturi
2746 453 2894 524 sint,
2943 455 3021 512 vt

611 552 951 626 coniicitur,
994 572 1226 630 magno
1276 552 1587 629 remigum
1628 553 1996 630 compendio
2035 553 2317 613 nondum
2359 550 2798 612 deliberauere.
2888 549 3021 608 Im·

610 653 857 728 perator
883 650 1083 711 huius·
1093 650 1183 710 rei
1201 653 1508 727 spectator
1528 650 1735 712 solum
1762 650 1899 712 erit.
1959 651 2199 711 Rumor
2221 655 2318 711 est
2338 650 2731 711 Florentinos
2753 668 2791 708 a
2810 647 3023 710 Gallis

524 774 584 825 55
611 750 1029 812 defectionem
1055 767 1289 825 parare.

694 847 910 908 Habes
937 848 1013 908 de
1034 846 1223 907 rebus
1243 847 1486 907 Italicis
1512 866 1671 924 quae
1691 847 1994 909 hactenus
2015 848 2312 908 ferantur.
2372 847 2573 908 Tuam
2594 845 3017 919 raucedinem,

612 947 669 1006 si
708 946 811 1006 hic
850 945 1090 1021 fuisses,
1122 966 1248 1007 vna
1286 945 1653 1023 potiuncula
1693 947 2005 1024 extemplo
2048 965 2377 1007 curassem.
2466 945 2663 1005 Doleo
2703 963 2881 1022 spem
2920 946 3022 1004 tui

611 1044 691 1105 ad
719 1063 836 1106 nos
864 1043 1102 1105 reditus
1127 1044 1205 1105 ad
1234 1043 1440 1105 Galen.
1470 1063 1664 1121 vsque
1694 1043 2015 1105 Ianuarias
2042 1045 2428 1121 productam.
2516 1043 2774 1104 Gaudeo
2801 1045 3021 1102 tamen

615 1143 802 1203 istam
838 1142 956 1203 tibi
992 1141 1385 1219 prouinciam
1418 1160 1549 1202 non
1591 1142 1755 1203 male
1791 1142 2130 1220 obtigisse;
2186 1141 2581 1219 desyderium
2619 1140 2716 1200 tui
2752 1158 3026 1199 commo·

525 1252 591 1302 60
615 1240 839 1301 dorum
886 1244 1140 1301 tuorum
1186 1240 1622 1316 magnitudine
1677 1239 2036 1301 solabimur.
2126 1239 2424 1318 Reliquae
2480 1241 2624 1298 tuae
2677 1238 2895 1298 literae
2949 1236 3023 1296 in

616 1339 870 1399 Italiam
911 1358 1047 1399 cras
1080 1338 1296 1400 sedulo
1335 1338 1765 1417 perferentur3
1809 1338 1882 1399 in
1919 1342 2199 1415 tempore
2235 1338 2409 1398 enim
2444 1356 2514 1397 ac
2552 1356 2742 1413 prope
2779 1336 2845 1394 in
2884 1334 3025 1412 ipso

615 1435 928 1497 tabellarii
946 1435 1219 1497 discessu
1243 1435 1568 1498 aduenere.
1624 1436 1801 1512 Cura,
1829 1435 1921 1496 mi
1940 1437 2216 1511 Erasme,
2236 1437 2310 1495 vt
2325 1435 2536 1496 valeas
2561 1456 2576 1507 ;
2607 1437 2675 1494 et
2695 1431 3027 1492 Bouillum

619 1538 908 1596 nostrum
935 1538 1153 1614 terque
1182 1539 1521 1614 quaterque
1546 1555 1689 1597 meo
1715 1534 1972 1596 nomine
1998 1536 2241 1597 saluere
2269 1534 2432 1596 iube.
2520 1533 2762 1594 Iterum
2791 1531 2945 1593 vale.

702 1632 992 1695 Londini.
1080 1633 1271 1694 Sexto
1298 1633 1441 1695 idus
1470 1634 1803 1695 Nouembr.
1837 1654 2065 1695 imma.

1183 1837 1474 1922 ²³⁹2420²⁴3
1562 1837 1659 1902 To
1706 1843 2020 1903 Annnsw
2066 1840 2470 1903 Ammmus.

695 1973 940 2045 Farrago
966 1991 1021 2043 p.
1050 1988 1170 2043 203.
2449 1972 2801 2045 Cambridge.

697 2060 757 2116 F.
784 2079 842 2130 p.
872 2062 1009 2130 338:
1047 2059 1185 2114 HN:
1226 2059 1398 2115 Lond.
1424 2059 1539 2115 viii.
1567 2076 1633 2130 9:
1672 2061 1779 2117 LB.
1813 2064 1927 2131 138.
2290 2076 2347 2117 11
2381 2060 2698 2117 November
2726 2058 2955 2132 (151¹)-

1292 2199 1610 2247 ERASMVS
1658 2200 1986 2248 AMMONIO
2031 2200 2155 2249 SVO
2200 2200 2251 2248 S.
2299 2200 2365 2248 D.

711 2321 947 2382 Pruna-2
980 2319 1236 2382 Martini
1272 2322 1551 2383 redditae
1587 2325 1739 2384 sunt
1774 2322 1935 2382 mihi
1971 2326 2117 2383 tuae
2151 2322 2384 2398 literae,
2413 2321 2470 2381 si
2508 2324 2724 2382 notam
2760 2321 3025 2399 quaeris,

629 2417 1109 2494 stomachantes,
1133 2439 1261 2479 vna
1281 2439 1427 2480 cum
1455 2421 1674 2499 lagena
1701 2421 1840 2481 vini
1861 2419 2222 2481 Graecanici
2249 2420 2609 2496 semiplena.
2668 2419 2790 2495 Qui
2815 2420 3033 2480 attulit

630 2516 913 2594 poposcit
949 2516 1106 2577 duas
1147 2517 1491 2595 drachmas,
1536 2519 1683 2580 dedi
1724 2518 2007 2579 denarios
2043 2537 2190 2592 sex3
2238 2519 2460 2579 deinde
2497 2519 2698 2579 literis
2732 2519 2862 2580 tuis
2895 2517 3033 2578 dili·

631 2616 882 2695 gentius
909 2616 1205 2693 inspectis
1230 2617 1652 2679 animaduerti
1679 2619 1965 2697 lagenam
1988 2638 2115 2677 non
2144 2637 2288 2678 cum
2317 2617 2621 2697 proximis
2642 2617 2854 2692 literis,
2880 2635 3034 2694 quas

578 2735 605 2784 5
631 2717 709 2776 ad
765 2736 852 2777 vx.
917 2715 1072 2777 Idus
1139 2717 1530 2778 Nouembres
1584 2718 1937 2796 scripseras,
1996 2718 2104 2778 sed
2171 2735 2315 2778 cum
2368 2717 2792 2794 superioribus
2844 2715 3036 2776 fuisse

634 2814 928 2889 missam3
987 2833 1136 2875 nam
1181 2815 1244 2876 id
1293 2815 1482 2876 etiam
1529 2817 1665 2876 vini
1713 2817 1882 2876 color
1924 2815 2256 2876 indicabat,
2345 2816 2512 2891 Quin
2561 2836 2707 2876 cum
2756 2814 3034 2892 primum

635 2914 934 2987 mitteres,
965 2914 1318 2975 admirabar
1346 2918 1409 2975 te
1446 2935 1572 2974 non
1609 2915 2008 2992 obsignatum
2035 2913 2282 2974 misisse
2319 2934 2431 2992 per
2468 2934 2574 2974 eos
2611 2914 2839 2992 quibus
2874 2911 3036 2972 nihil

635 3016 731 3074 est
758 3012 1180 3091 obsignatum.
1262 3011 1463 3073 Plane
1492 3032 1636 3073 cum
1666 3014 1784 3073 hoc
1812 3013 2141 3073 hominum
2169 3032 2393 3090 genere
2432 3012 2616 3073 nobis
2647 3014 2751 3073 hic
2789 3031 2888 3071 res
2922 3012 3032 3082 est,

635 3113 727 3172 mi
773 3111 1044 3186 Andron,
1098 3110 1208 3188 qui
1255 3129 1400 3171 cum
1455 3131 1707 3171 summa
1759 3111 2107 3172 rusticitate
2161 3131 2476 3173 summam
2526 3110 2835 3171 maliciam
2894 3129 3037 3170 con·

550 3227 611 3262 ιο
635 3211 894 3272 iunxere
919 3232 933 3283 ;
974 3231 1088 3271 nec
1116 3212 1212 3270 est
1236 3208 1495 3270 omnino
1522 3209 1854 3288 quicquam
1881 3210 2044 3288 quod
2073 3210 2235 3270 mihi
2263 3209 2453 3270 huius
2479 3228 2755 3270 secessus
2782 3209 3041 3269 nomine

635 3308 983 3386 gratuleris,
1022 3328 1244 3369 verum
1283 3308 1454 3368 solus
1489 3308 1693 3385 pudor
1727 3309 2135 3386 querimoniis
2167 3309 2360 3370 finem
2398 3308 2697 3385 imponit:
2740 3307 2850 3367 sed
2886 3308 3039 3367 haec

638 3426 848 3467 coram
890 3407 958 3466 in
1002 3408 1162 3467 sinu.

720 3504 861 3564 Non
889 3505 1290 3580 expectabam
1328 3505 1586 3565 alteram
1615 3506 1924 3583 lagenam,
1958 3506 2083 3566 nisi
2119 3506 2284 3585 quod
2314 3508 2402 3580 tu,
2438 3508 2507 3565 vt
2537 3525 2604 3564 es
2632 3505 2790 3564 mire
2813 3503 3036 3576 ciuilis,

637 3621 784 3661 cum
830 3602 1147 3664 laudarem
1196 3603 1440 3679 vinum,
1495 3603 1670 3682 quasi
1718 3605 1924 3665 denuo
1978 3624 2258 3682 rogarem
2307 3603 2836 3680 interpretabaris
2946 3602 3041 3662 De

555 3718 611 3767 15
640 3700 1075 3775 recuperandis
1101 3701 1304 3761 literis
1334 3701 1463 3762 tuis
1491 3702 1694 3779 magis
1722 3703 1933 3763 laboro
1962 3723 2150 3781 quam
2188 3703 2264 3762 de
2292 3703 2441 3764 vino
2475 3704 2585 3762 aut
2611 3705 2846 3780 lagena,
2879 3703 3042 3780 quod

639 3795 893 3875 quidem
921 3798 997 3857 ad
1031 3817 1132 3857 me
1160 3800 1445 3875 pertinet.
1538 3799 1702 3860 Nam
1729 3801 1783 3861 si
1822 3821 1950 3861 non
1990 3802 2111 3861 nisi
2140 3820 2334 3861 vnam
2371 3803 2433 3861 et
2472 3800 2733 3861 alt-eram
2761 3802 3044 3878 lagenam

639 3893 887 3967 misisti,
930 3899 1152 3956 neutra
1191 3897 1400 3973 periit.
1490 3898 1736 3958 Remisi
1777 3899 2068 3977 priorem,
2112 3902 2174 3959 et
2218 3900 2498 3971 eandem,
2540 3898 2609 3958 ni
2649 3898 2853 3971 fallor,
2901 3917 3045 3957 cum

642 3993 948 4072 proximis
981 3994 1111 4055 tuis
1149 3994 1353 4056 literis
1390 3996 1614 4074 accepi.
1703 3999 1798 4058 De
1837 4018 1974 4058 meo
2012 3998 2224 4075 auriga
2262 3997 2422 4057 mihi
2451 4000 2717 4058 narras?
2798 3996 2962 4072 Quid
2990 3996 3045 4056 si

642 4092 906 4154 vidisses
951 4113 1094 4154 mea
1140 4094 1370 4155 scrinia
1413 4096 1691 4173 vndique
1740 4096 1989 4157 lacera?
2072 4096 2255 4171 Quid,
2305 4096 2361 4156 si
2409 4094 2659 4156 audires
2709 4096 2922 4156 fucum
2970 4096 3046 4156 de

559 4208 622 4243 πο
645 4212 818 4270 equo,
871 4195 1010 4252 tum
1059 4193 1344 4254 diceres?
1425 4196 1490 4253 et
1545 4194 1763 4254 caluus
1818 4194 1928 4255 ille
1976 4194 2205 4255 nebulo
2262 4214 2585 4273 nunquam
2634 4194 2737 4254 hic
2785 4195 2855 4255 in
2903 4213 3047 4255 con·

646 4294 928 4368 spectum
983 4291 1230 4369 prodiit.
1330 4291 1605 4352 Proinde
1653 4292 1796 4353 vide
1850 4313 1930 4352 ne
1984 4292 2067 4353 sit
2123 4292 2406 4370 ineptum
2461 4292 2543 4353 ab
2591 4292 2694 4353 his
2750 4293 3050 4353 monstris

715 4438 827 4487 239.
846 4439 929 4487 ⁶0.
964 4441 1180 4487 tuorum
1204 4442 1279 4486 E:
1312 4438 1394 4487 tui
1420 4442 1482 4488 N.
1684 4440 1765 4500 64.
1803 4453 1973 4488 11.n.x1
1994 4443 2110 4489 add.
2133 4442 2284 4488 HN‘:
2317 4456 2407 4490 om,
2431 4439 2517 4489 ΙΨ.
2736 4440 2855 4489 240.
2877 4452 2953 4486 ιο.
2989 4439 3048 4488 in

647 4503 833 4551 sinum
857 4507 901 4551 F
922 4507 1091 4564 Gon-iq.

1271 4613 1384 4663 240.
1403 4627 1451 4675 5.
1489 4612 1875 4678 superioribus]
1902 4613 1999 4675 Ep.
2023 4613 2157 4674 2363
2190 4613 2257 4662 cs.
2286 4613 2323 4661 l.
2355 4627 2429 4675 ¹5·
