3355 5380
244 387 428 473 ¹53⁶]
513 390 857 454 BEATUS
898 390 1373 452 RHENANUS
1414 390 1521 452 ΤΟ
1564 389 2000 453 HERMANN
2042 392 2148 453 OF
2188 392 2431 453 WIED
2556 396 2632 453 55

318 548 494 609 Vixit
525 549 603 610 ad
632 548 1162 627 septuagesimum
1202 566 1459 623 annum,
1491 568 1676 628 quem
1706 568 2105 610 communem
2131 549 2440 611 humanae
2466 549 2632 612 vitae
2661 569 2721 623 75

232 647 585 708 terminum
622 647 832 725 regius
866 646 1166 724 propheta
1200 646 1405 707 Dauid
1434 647 1673 722 statuit,
1706 651 1819 708 aut
1857 651 2021 709 certe
2062 668 2191 709 non
2224 649 2501 709 multum
2537 652 2633 710 est

232 765 712 824 supergressum
755 765 906 806 nam
948 746 1025 806 de
1065 765 1231 806 anno
1271 765 1393 823 quo
1425 748 1613 806 natus
1652 748 1748 806 est
1783 747 1947 823 apud
1982 748 2254 808 Batauos
2287 747 2468 808 nobis
2499 768 2630 809 non

234 845 498 919 constat,
548 842 626 904 de
679 843 781 903 die
829 846 1088 918 constat,
1133 843 1240 921 qui
1285 843 1410 903 fuit
1451 843 1529 904 ad
1572 843 1869 920 quintum
1924 844 2157 905 calend.
2205 844 2630 919 Nouembreis,

229 941 566 1018 Apostolis
592 940 839 1003 Simoni
871 944 938 1003 et
964 941 1156 1002 Iudae
1184 960 1374 1002 sacer.
1460 941 1650 1018 Apud
1681 942 2094 1004 Dauentriam
2121 943 2397 1019 primum
2424 944 2634 1021 posuit

228 1041 299 1100 in
354 1038 566 1100 literis
618 1039 1015 1117 tyrocinium,
1071 1039 1392 1117 vtriusque
1435 1039 1689 1116 linguae
1736 1039 2115 1101 rudimentis
2162 1039 2470 1101 imbibitis
2515 1040 2632 1102 sub
2658 1048 2723 1098 80

226 1137 605 1197 Alexandro
633 1138 838 1215 Hegio
869 1137 1273 1215 Vuestpha10,
1305 1138 1413 1215 qui
1448 1156 1595 1197 cum
1631 1137 1963 1215 Rudolpho
1991 1137 2285 1216 Agricola
2317 1157 2530 1200 recens
2556 1159 2634 1200 ex

226 1234 426 1296 Italia
458 1255 714 1297 reuerso
745 1236 1091 1297 amicitiam
1126 1239 1512 1298 contraxerat
1543 1240 1606 1298 et
1644 1235 1724 1296 ab
1759 1235 1976 1297 eodem
2005 1237 2233 1297 Graece
2262 1235 2631 1313 docebatur;

224 1352 383 1394 nam
410 1333 612 1395 huius
636 1334 989 1396 literaturae
1015 1334 1303 1413 peritiam
1327 1333 1435 1394 ille
1459 1334 1703 1412 primus
1726 1333 1795 1394 in
1817 1334 2217 1396 Germaniam
2244 1336 2627 1414 importauit.

222 1431 515 1493 Terentii
553 1433 904 1494 comoedias
930 1453 1086 1510 puer
1109 1453 1238 1495 non
1265 1452 1443 1493 secus
1469 1431 1723 1494 tenebat
1747 1451 1819 1493 ac
1847 1432 2075 1510 digitos
2105 1452 2251 1494 suos
2273 1455 2290 1509 3
2330 1434 2633 1495 memoria

222 1548 485 1609 nanque
535 1530 661 1591 fuit
699 1530 1110 1606 tenacissima,
1163 1530 1414 1609 ingenio
1464 1529 2011 1609 perspicacissime.
2121 1531 2415 1610 Exceptis
2469 1533 2633 1593 rudi·
2659 1540 2721 1602 85

219 1629 470 1690 mentis
498 1629 687 1706 plane
708 1628 835 1690 dici
865 1633 1074 1707 potest
1110 1629 1179 1690 in
1211 1628 1413 1691 literis
1437 1629 1826 1693 αἰποδῶακτος
1851 1652 1868 1705 ;
1908 1650 2060 1691 nam
2086 1631 2246 1709 quod
2276 1630 2345 1691 in
2375 1631 2632 1693 Italiam

217 1727 355 1786 iam
384 1730 549 1787 natu
576 1726 868 1804 grandior
894 1727 1205 1805 profectus
1242 1728 1340 1787 est
1374 1730 1516 1804 post
1549 1727 1706 1805 regii
1732 1726 1896 1805 apud
1924 1728 2167 1805 Anglos
2194 1728 2419 1790 medici
2446 1729 2629 1806 filios,

218 1823 710 1902 archiepiscopi
742 1844 988 1903 quoque
1022 1826 1083 1887 S.
1125 1825 1416 1886 Andreae
1456 1823 1527 1885 in
1568 1816 1777 1886 Scotia
1815 1825 1925 1903 qui
1965 1828 2105 1886 tum
2148 1827 2329 1888 Senis
2370 1827 2632 1906 degebat

218 1922 603 2001 aliquandiu
650 1925 1028 2000 praeceptor,
1087 1922 1511 1985 nobilissimae
1559 1921 1833 1999 regionis
1887 1922 2182 1985 visendae
2240 1944 2425 1987 causa
2465 1925 2627 2002 fecit,

218 2039 361 2081 non
403 2025 482 2082 vt
530 2021 985 2098 professoribus
1038 2041 1291 2100 operam
1345 2019 1477 2081 illic
1530 2019 1722 2083 daret.
1827 2019 2038 2099 Neque
2093 2021 2264 2083 enim
2310 2023 2630 2086 Bononiae
2656 2047 2723 2098 90

218 2140 597 2199 quenquam
638 2119 888 2197 publice
933 2120 1425 2199 praelegentium
1473 2118 1737 2195 audiuit,
1780 2119 1889 2180 sed
1934 2119 2118 2180 Pauli
2160 2120 2483 2182 Bombasii
2521 2123 2631 2201 qui

216 2218 349 2278 sub
381 2219 595 2278 Leone
627 2220 845 2296 postea
877 2218 1109 2279 Romae
1150 2218 1336 2296 periit
1366 2216 1643 2278 amicitia
1668 2220 2015 2292 contentus,
2049 2217 2221 2279 domi
2247 2220 2472 2280 studiis
2499 2222 2631 2282 suis

217 2316 648 2395 inuigilabat;
689 2315 1077 2394 Adagiorum
1117 2337 1274 2395 opus
1314 2319 1452 2377 tum
1492 2315 1809 2394 colligens,
1851 2316 2014 2394 quod
2054 2315 2241 2394 paulo
2278 2320 2422 2395 post
2462 2318 2629 2383 Aldo

216 2414 522 2477 Manutio
559 2414 732 2475 dedit
768 2413 1216 2475 excudendum.
1302 2414 1474 2490 Quae
1513 2434 1612 2475 res
1653 2414 1801 2474 fecit
1840 2418 1913 2475 vt
1940 2415 2234 2476 Venetias
2272 2418 2490 2495 adiret,
2521 2419 2629 2479 vbi

215 2512 440 2574 Marco
512 2511 773 2573 Musuro
861 2515 1047 2590 atque
1125 2511 1414 2590 Scipione
1482 2511 1958 2573 Carteromacho
2026 2512 2179 2575 viris
2255 2514 2630 2577 doctissimis
2655 2538 2719 2590 95

215 2610 630 2672 familiariter
652 2630 807 2673 vsus
832 2613 968 2685 est;
1010 2629 1164 2688 quos
1191 2609 1410 2671 ambos
1438 2629 1568 2670 non
1595 2609 1789 2671 semel
1816 2611 2146 2687 consuluit,
2179 2610 2235 2670 si
2260 2612 2399 2690 quis
2425 2614 2629 2675 nodus

218 2710 576 2784 incidisset,
609 2709 839 2770 horum
889 2708 1307 2769 eruditionem
1349 2728 1421 2769 ac
1458 2708 1795 2769 candorem
1831 2708 1996 2786 apud
2040 2708 2273 2771 amicos
2310 2731 2628 2773 commen-

222 2809 375 2869 dare
432 2807 679 2869 solitus.
795 2806 1193 2886 Hieronymo
1259 2806 1576 2868 Aleandro
1645 2806 1948 2867 Mottensi
2013 2807 2207 2868 trium
2269 2808 2627 2886 linguarum

221 2905 636 2984 peritissimo,
681 2905 789 2983 qui
844 2904 1029 2965 hodie
1075 2905 1514 2967 Brundusinae
1561 2903 1855 2966 ecclesiae
1898 2903 2423 2982 Archiepiscopus
2461 2926 2628 2984 prae·

224 3005 413 3081 sidet,
473 3003 662 3081 longe
708 3003 1083 3065 familiarius
1136 3003 1506 3064 coniunctus
1551 3003 1688 3076 fuit,
1745 3005 1820 3063 vt
1869 3006 2020 3080 puta
2073 3003 2502 3064 contubernali
2557 3004 2627 3064 in
2657 3028 2752 3065 100

220 3101 496 3163 aedibus
522 3102 779 3164 Aldim's
804 3125 821 3178 3
863 3101 971 3181 qui
997 3101 1118 3162 scit
1143 3121 1248 3162 me
1279 3121 1428 3162 vera
1466 3101 1741 3179 prodere.
1831 3101 2086 3162 Praeter
2121 3100 2239 3162 hos
2274 3103 2337 3162 et
2364 3101 2625 3162 Ambro-

218 3202 399 3262 sium
442 3199 766 3261 Nolanum
821 3200 1136 3261 medicum
1184 3219 1255 3261 ac
1311 3198 1665 3277 Baptistam
1712 3198 2055 3277 Egnatium
2107 3198 2344 3261 ibidem
2395 3198 2628 3261 amicos

224 3298 475 3359 habuit.
565 3297 803 3358 Romae
842 3301 1054 3376 postea
1095 3296 1529 3360 cardinalibus
1570 3296 1872 3375 Raphaeli
1913 3296 2134 3357 Reario
2175 3300 2361 3375 atque
2401 3296 2625 3358 Ioanni

226 3398 526 3472 Medicam,
560 3396 668 3475 qui
709 3415 859 3457 mox
896 3397 1064 3457 Iulio
1103 3414 1158 3457 11
1196 3397 1267 3458 P.
1276 3395 1360 3457 M.
1395 3396 1691 3457 successit
1729 3395 1957 3456 Leonis
1991 3395 2214 3456 decimi
2249 3394 2625 3457 vocabulum

226 3500 473 3569 nactus,
528 3493 927 3572 gratissimus
967 3493 1106 3556 fuit.
1195 3493 1423 3554 Docuit
1463 3493 1746 3568 Louanii,
1791 3493 2224 3571 cantabrigiae
2262 3493 2331 3553 in
2370 3494 2621 3572 Anglia,
2655 3520 2745 3572 105

231 3594 524 3654 Lutetiae
593 3594 784 3654 etiam
853 3591 1167 3671 priuatim,
1225 3591 1334 3652 vbi
1402 3591 1748 3669 theologiae
1808 3590 1979 3652 dedit
2042 3590 2290 3651 iuuenis
2353 3610 2618 3668 operam.

233 3692 488 3753 Pileum
546 3690 769 3752 deinde
825 3691 1218 3766 doctoralem,
1271 3708 1466 3768 quum
1513 3688 1582 3749 in
1638 3687 1895 3748 Italiam
1944 3689 2079 3762 iret,
2131 3688 2201 3748 in
2254 3688 2625 3750 Taurinensi

234 3789 575 3852 Academia
632 3790 881 3867 accepit.
968 3790 1277 3851 Patronos
1332 3807 1404 3847 ac
1463 3788 1855 3848 Moecenates
1909 3785 2135 3848 habuit
2191 3787 2540 3848 Hem-icum
2587 3806 2624 3848 a

232 3888 456 3967 ‘Bergis
512 3887 877 3966 episcopum
932 3887 1459 3962 Cameracensem,
1507 3884 1926 3947 Guilielmum
1977 3884 2374 3960 Montioium,
2435 3888 2623 3963 atque

237 3987 519 4048 omnium
583 3985 1097 4047 liberalissimum
1154 3985 1567 4047 Guilielmum
1621 3984 2030 4057 Vuaramum‚
2086 3982 2622 4062 archiepiscopum
2653 4010 2747 4047 110

239 4087 763 4160 Cantuariensem,
809 4083 1077 4161 Angliae
1116 4083 1464 4161 primatem,
1511 4083 1690 4143 cuius
1729 4082 1799 4144 in
1837 4081 2022 4142 libris
2060 4082 2193 4143 suis
2232 4101 2415 4159 saepe
2453 4102 2627 4143 men·

239 4185 464 4246 tionem
512 4183 709 4258 facit3
771 4181 1017 4257 amicos,
1063 4183 1134 4242 in
1182 4180 1512 4242 Britannia
1557 4180 1856 4241 Ioannem
1903 4180 2207 4254 Coletum,
2255 4180 2618 4256 Grocinum,

238 4282 655 4358 Latumerum,
720 4280 1078 4357 Linacrum,
1150 4279 1463 4340 Thomam
1529 4279 1819 4354 Morum;
1899 4278 2284 4356 Antuerpiae
2354 4278 2621 4339 Petrum

240 4383 582 4462 Aegidium,
632 4378 1001 4442 Conradum
1047 4376 1464 4439 Gochlenium
1511 4375 1800 4438 Louanii.
1887 4376 2264 4455 Corpusculo
2303 4376 2429 4437 fuit
2469 4376 2622 4438 satis

234 4488 553 4561 compacto,
596 4480 711 4542 sed
751 4477 920 4556 quod
967 4480 1129 4538 esset
1170 4477 1542 4537 tenerrimae
1589 4474 2055 4554 complexionis,
2097 4477 2160 4538 et
2209 4463 2619 4536 minimarum
2648 4496 2668 4531 ι
2681 4495 2702 4531 1
2714 4495 2745 4545 ⁵

236 4580 403 4642 etiam
443 4599 667 4643 rerum
707 4574 1062 4638 mutatione
1101 4574 1278 4653 (puta
1316 4574 1467 4647 vini,
1509 4573 1636 4634 cibi
1668 4573 1923 4652 caelius)
1959 4573 2139 4634 facile
2177 4573 2610 4635 offenderetur.

1142 4703 1250 4749 114.
1281 4687 1636 4740 Coehlenium
1659 4704 1707 4736 α.
