3355 5380
260 385 431 468 1489]
898 389 1004 449 ΤΟ
1059 388 1543 451 CORNELIUS
1598 389 1952 450 GERARD
2516 393 2630 449 103

247 545 312 605 id
336 545 496 606 enim
523 546 857 625 singularis
884 546 980 606 tui
1013 547 1083 606 in
1116 566 1218 606 me
1254 546 1487 607 amoris
1520 565 1650 606 non
1676 545 2010 607 obscurum
2038 547 2134 605 est
2169 550 2626 623 argumentum.

246 644 360 703 Sed
383 643 494 720 hic,
518 645 684 722 proh
703 645 918 723 pudor,
940 664 1070 705 non
1091 643 1710 722 argumentationum
1730 644 1837 705 sed
1865 643 2212 722 iurgiorum
2236 644 2631 723 inuidiaeque
2657 665 2686 715 5

248 741 444 804 iaculis
475 742 827 819 dimicatur,
859 742 914 804 si
950 742 1197 821 quando
1230 743 1392 804 forte
1427 744 1505 804 de
1543 742 1718 821 poesi
1757 743 1997 805 oriatur
2033 743 2365 806 contentio.
2452 745 2632 821 Quod

242 841 293 900 si
316 840 680 918 rationibus,
711 844 784 904 vt
819 861 1086 921 aequum
1115 843 1227 917 est,
1259 861 1479 903 aurem
1505 841 2059 916 accommodarent,
2090 841 2217 901 iam
2244 841 2454 903 nescio
2480 845 2630 921 quid

240 937 391 998 factu
428 942 644 1017 posset
687 959 820 1002 esse
854 939 1099 1001 facilius
1131 959 1319 1018 quam
1353 959 1459 1000 eos
1495 939 1883 1000 conuincere.
1973 939 2292 1000 Damnant
2326 938 2428 1000 illi
2462 940 2631 1002 inter

240 1036 552 1098 verborum
580 1038 858 1099 nitorem
879 1057 1089 1098 rerum
1109 1037 1476 1114 spurcitiem
1489 1059 1506 1112 ;
1539 1041 1600 1098 et
1628 1057 1746 1098 nos
1763 1057 1891 1100 vna
1912 1057 2057 1098 cum
2086 1037 2217 1098 illis
2239 1038 2626 1100 damnamus.

238 1133 568 1197 Immodico
617 1136 833 1197 studio
878 1138 1238 1214 poematum
1280 1135 1565 1212 occupari
1603 1135 1764 1196 vitio
1803 1135 1998 1209 dant;
2057 1156 2173 1197 nec
2220 1155 2337 1198 nos
2378 1139 2630 1216 quidem
2661 1155 2722 1193 10

232 1233 379 1293 illud
405 1234 580 1295 laudi
597 1234 841 1295 damus.
928 1233 1050 1295 Sed
1085 1233 1236 1312 quid
1254 1235 1288 1294 ⁴?
1344 1233 1743 1296 Continuone
1772 1234 2073 1312 quidquid
2103 1235 2427 1311 disertum,
2456 1237 2631 1315 quid·

233 1330 371 1408 quid
407 1331 730 1409 poeticum
769 1331 975 1408 fuerit,
1010 1351 1309 1408 spurcum
1350 1352 1593 1411 quoque
1630 1351 1768 1393 esse
1808 1331 2202 1393 censebimus
2218 1336 2250 1394 *Ρ
2330 1335 2426 1394 Tu
2467 1339 2633 1396 certe

232 1429 331 1505 qui
378 1433 711 1507 poetarum
764 1429 957 1491 libros
1002 1430 1292 1490 euoluere
1342 1429 1566 1491 solitus
1611 1451 1702 1505 es,
1749 1429 1989 1508 liquido
2041 1430 2348 1510 intelligis
2395 1436 2630 1511 quanta

227 1528 523 1590 melliflua
556 1531 772 1607 poesis
812 1549 941 1590 non
984 1530 1168 1590 modo
1208 1529 1513 1591 orationis
1538 1531 1889 1605 venustate,
1921 1530 2030 1590 sed
2072 1532 2136 1591 et
2175 1531 2631 1593 sententiarum

227 1627 518 1703 grauitate
558 1630 628 1687 et
670 1628 958 1687 omnium
1001 1626 1267 1706 denique
1308 1647 1519 1687 rerum
1559 1625 1788 1704 peritia
1826 1627 2120 1690 luxuriet.
2204 1630 2313 1690 An
2351 1649 2486 1708 ego,
2523 1629 2631 1690 vbi
2659 1649 2717 1698 15

228 1726 392 1785 tanta
445 1724 674 1799 nitent,
733 1724 949 1801 paucis
1004 1724 1283 1785 offendar
1337 1724 1598 1785 maculis
1615 1726 1647 1784 *Ρ
1732 1725 1854 1786 Sed
1923 1724 2022 1785 illi
2092 1744 2240 1786 suae
2291 1726 2629 1788 rusticitati

226 1823 476 1898 panium
499 1823 882 1897 obtendunt,
907 1825 981 1883 vt
1006 1826 1404 1883 contemnere
1430 1825 1738 1901 putentur
1758 1821 1923 1901 quod
1954 1823 2250 1901 consequi
2276 1823 2624 1903 desperant.

230 1919 339 1996 Qui
373 1921 428 1981 si
462 1921 1005 1999 Hieronymianas
1032 1920 1326 1999 epistolas
1360 1924 1525 1982 recte
1560 1920 1924 1999 aspicerent,
1958 1921 2389 2000 intelligerent
2414 1923 2630 2001 vtique

229 2019 632 2081 rusticitatem
660 2019 1146 2080 sanctimoniam
1173 2040 1304 2080 non
1332 2038 1483 2095 esse,
1517 2038 1634 2080 nec
1665 2019 2170 2082 disertitudinem
2196 2021 2603 2099 impietatem.

304 2115 470 2191 Quod
516 2121 743 2179 autem
790 2117 867 2178 ad
918 2137 1024 2178 eas
1070 2118 1438 2178 lectitandas
1482 2138 1584 2179 me
1638 2117 1890 2195 inuitas,
1937 2119 2133 2180 habeo
2182 2119 2627 2198 gratissimum.
2658 2142 2719 2179 20

227 2213 359 2273 Iam
396 2215 544 2276 olim
581 2218 810 2277 tamen
848 2236 954 2276 eas
994 2235 1123 2276 non
1162 2215 1353 2276 modo
1393 2216 1535 2293 legi,
1568 2216 1674 2277 sed
1716 2220 1783 2278 et
1823 2221 2130 2296 quotquot
2169 2222 2321 2279 sunt
2361 2220 2633 2297 propriis

223 2311 347 2389 ime
386 2312 692 2392 descrip&
732 2313 1051 2389 articulis3
1107 2314 1176 2373 in
1218 2314 1449 2391 quibus
1486 2315 1608 2374 etsi
1649 2334 1839 2392 quam
1877 2315 2166 2393 plurima,
2199 2315 2428 2394 quibus
2464 2317 2632 2378 dicto

221 2409 468 2486 facilius,
501 2416 576 2473 vt
621 2412 820 2487 aiunt,
853 2411 1256 2473 barbarorum
1290 2411 1567 2472 conuitia
1594 2413 1799 2473 refelli
1825 2417 2098 2491 possent,
2130 2414 2332 2476 iacula
2357 2415 2633 2476 inuenia-

218 2527 364 2582 mus,
406 2509 470 2570 id
513 2513 749 2570 tamen
789 2509 893 2571 vel
934 2529 1135 2570 vnum
1173 2510 1453 2573 sufficere
1492 2514 1721 2588 posset,
1770 2512 1933 2589 quod
1983 2512 2052 2573 in
2100 2513 2343 2591 pagina,
2389 2533 2513 2591 qua
2554 2513 2632 2574 de

222 2608 444 2686 prodigi
470 2608 606 2669 filii
631 2607 882 2686 siliquis
908 2609 1238 2688 disputans
1264 2608 1550 2670 mulieris
1571 2609 1855 2687 captiuae
1874 2611 2229 2688 exemplum
2262 2613 2331 2672 in
2353 2613 2631 2673 medium
2659 2630 2717 2681 ²5

220 2705 471 2782 adducit,
499 2706 700 2769 nobis
725 2707 1004 2768 studiose
1028 2711 1202 2786 parat
1228 2711 1417 2787 atque
1443 2709 1704 2769 exacuit.
1765 2708 1903 2784 Sed,
1925 2710 2174 2770 Corneli
2201 2710 2623 2788 dilectissime,

225 2825 510 2881 ponamus
591 2806 813 2882 iacula,
874 2826 991 2867 nec
1042 2807 1275 2868 frustra
1342 2827 1549 2868 aerem
1603 2807 2023 2869 verberemus.
2143 2808 2220 2869 Id
2289 2830 2404 2888 ego
2471 2810 2629 2871 olim

226 2904 716 2980 pulcherrimum
758 2904 1051 2966 victoriae
1098 2925 1295 2983 genus
1340 2905 1852 2981 existimauerim,
1902 2906 1959 2966 si
2007 2906 2323 2985 Scyllaeos
2369 2907 2629 2970 illorum

228 3001 469 3065 latratus
504 3003 732 3066 surdis
769 3003 1269 3080 praeterierimus
1304 3005 1575 3080 auribus,
1607 3007 1673 3064 et
1702 3024 1831 3064 non
1860 3023 2215 3082 expugnare
2242 3007 2628 3068 contenderi·

227 3119 374 3176 mus,
402 3103 502 3164 sed
534 3101 1079 3176 contemserimus,
1112 3103 1289 3162 iuxta
1315 3105 1459 3163 tuos
1485 3103 1801 3180 elegantes
1827 3101 2205 3165 versiculos:
2655 3125 2719 3173 30

710 3215 794 3275 In
838 3235 952 3277 nos
993 3237 1094 3278 ore
1134 3217 1281 3292 fero,
1329 3217 1573 3292 Liuide,
1618 3218 1869 3296 garrias,

709 3315 1102 3376 Consumens
1140 3315 1424 3393 proprios
1462 3316 1705 3377 inuidia
1744 3317 1960 3379 sinus:

708 3412 810 3473 En
850 3433 1130 3473 summos
1167 3413 1489 3491 sequimur
1526 3433 1639 3492 per
1677 3415 1960 3476 studium
2001 3415 2186 3490 viros,

708 3510 836 3571 Nec
876 3512 1071 3572 sentit
1109 3512 1349 3588 pulices
1388 3532 1602 3591 equus.

805 3679 971 3762 2324,
1000 3722 1053 3761 23
1141 3676 1237 3742 To
1282 3675 1683 3743 Commmus
1728 3677 2041 3743 GERARD.

288 3793 416 3851 Vita
435 3794 671 3852 numi
696 3812 752 3864 p.
787 3809 901 3864 179.
2193 3796 2465 3870 <Steyn.)

290 3879 455 3939 Lond.
482 3881 648 3939 xxxi.
683 3895 778 3949 17:
816 3881 924 3939 LB.
951 3882 1096 3954 App.
1124 3897 1247 3953 411.
2115 3884 2300 3957 <June
2332 3888 2466 3956 1489
2483 3885 2550 3958 ¹2>

562 4012 883 4061 Essasuvs
927 4014 1432 4063 ROTERODAMVS
1476 4015 1819 4064 CORNELIO
1862 4016 2188 4064 GAVDANO
2233 4018 2284 4066 S·

300 4126 601 4201 Qvoimut
633 4127 763 4188 iam
798 4127 950 4188 satis
984 4128 1185 4189 literis
1215 4129 1347 4190 tuis
1383 4149 1753 4207 responsum
1787 4148 1923 4190 esse
1962 4130 2252 4204 arbitror,
2281 4129 2458 4191 lubet
2495 4129 2625 4189 mei

231 4239 357 4300 erga
372 4228 435 4286 te
454 4226 704 4288 amoris
721 4226 1115 4287 vehementia
1132 4227 1370 4305 aliquid
1397 4228 1677 4304 scribere,
1707 4228 1807 4288 cui
1827 4231 1898 4288 tu
1918 4227 2200 4289 vicissim
2220 4228 2622 4307 respondeas;

290 4372 361 4420 22.
392 4387 465 4435 15·
494 4375 591 4424 An
608 4373 728 4437 ego]
758 4373 838 4422 Cf.
862 4372 994 4422 Hor.
1015 4378 1079 4423 A.
1098 4378 1150 4423 P.
1177 4387 1288 4436 351,
1313 4389 1359 4424 2.
1467 4375 1563 4424 the
1583 4379 1897 4425 Antibarbari
1921 4376 2036 4424 also
2055 4375 2188 4437 (LB.
2207 4391 2263 4426 x.
2287 4392 2414 4440 1729
2433 4378 2486 4436 c)
2507 4377 2622 4425 this

298 4437 1360 4504 18.ffleronymianasepistolas‘11erome,
1467 4441 1636 4503 figure
1655 4442 1703 4489 is
1726 4440 1871 4496 used,
1898 4442 1992 4490 the
2015 4445 2252 4490 extraets
2269 4443 2430 4506 being
2452 4444 2618 4490 taken

240 4497 357 4572 βιῳ.
389 4518 451 4565 27
480 4505 595 4554 and
622 4519 706 4567 53.
778 4502 893 4553 'rhe
921 4505 1116 4554 second
1150 4520 1366 4569 passage
1470 4506 1609 4555 from
1632 4506 1868 4568 sex-ome,
1897 4507 1995 4568 Ep.
2021 4522 2100 4569 70·

244 4577 283 4609 1⁸
302 4567 523 4620 uictred
540 4574 599 4620 to
620 4572 685 4619 in
709 4569 809 4620 the
824 4572 1139 4620 Antibarbori
1159 4572 1292 4634 (LB.
1310 4587 1360 4622 x.
1534 4585 1617 4632 31.
1644 4572 1712 4621 In
1732 4571 1856 4628 nos]
1875 4571 2035 4620 From
2054 4572 2150 4621 the
2164 4576 2388 4632 Apozoqia
2400 4575 2621 4621 Her-osmi

249 4643 358 4691 172⁴
377 4637 450 4696 1)).
1470 4643 1512 4686 et
1549 4640 1763 4700 Cornelii,
1801 4636 1866 4686 cf.
1907 4637 2002 4699 Ep.
2046 4652 2120 4699 19.
2149 4641 2183 4686 6
2197 4654 2250 4686 n.
2321 4638 2472 4700 Snoy
2506 4638 2621 4685 also

302 4711 372 4757 25.
405 4698 676 4765 mulieris]
697 4701 934 4766 Jerome,
952 4702 1049 4764 Ep.
1070 4718 1150 4753 ει.
1173 4717 1250 4764 13.
1299 4703 1369 4752 In
1471 4702 1630 4753 reads
1644 4707 1839 4767 pulices,
1869 4703 1967 4752 but
1990 4704 2097 4754 LB.
2121 4702 2383 4764 eorrectly
2405 4706 2585 4752 calices.
