3355 5380
327 393 350 433 ι
363 368 511 455 505]
944 375 1051 434 '1‘0
1105 373 1722 438 CHRISTOPHER
1776 374 2096 436 FISHER
2598 382 2713 437 407

318 530 456 590 then
491 530 551 577 in
586 527 751 576 Rome
778 528 922 591 (Reg.
952 528 1226 592 Warham,
1256 530 1317 581 Ρ.
1354 545 1449 591 143
1494 531 1552 579 at
1581 529 1909 585 Lambatm:
1952 529 2063 579 and
2088 532 2144 578 in
2170 530 2330 592 April
2359 541 2485 592 1510
2514 531 2583 584 he
2608 545 2718 581 was

319 593 616 658 appointed
652 596 707 641 to
740 608 895 656 carry
926 593 1020 642 the
1059 594 1204 657 Holy
1229 594 1364 648 Rose
1399 597 1455 643 to
1488 596 1681 657 Heni-y
1702 609 1823 657 vm,
1850 595 2066 644 Brewer
2098 597 2134 646 i.
2165 597 2279 658 982,
2307 611 2358 660 3,
2383 597 2544 659 being
2576 598 2713 649 then

317 662 598 721 Secretary
617 658 727 708 and
751 659 912 707 Clerk
936 660 997 709 of
1013 661 1109 709 the
1131 661 1326 710 Sacred
1348 660 1603 724 Collega]
2628 660 2634 668 ’

444 808 1018 857 SPLENDIDISSIMO
1063 809 1291 865 ATQVE
1336 785 1805 860 ORNATI'SSIMO
1848 810 2016 858 VIRO
2060 811 2589 862 CHRISTOPHORO

568 911 903 961 PISORERO
949 913 1474 962 PROTONOTABIO
1520 885 1942 965 APos‘romco
1985 913 2071 963 Ac
2117 915 2512 964 PONTIFIOII

643 1016 833 1064 lvms
880 1016 1178 1064 DOCTOBI
1226 1016 1540 1088 ERASMVS
1584 1017 2093 1066 Bormonauvs
2136 1021 2189 1069 8.
2236 1019 2296 1071 P.
2342 1019 2410 1067 D.

403 1158 694 1216 Ass-rari:
714 1155 1043 1232 superiore,
1069 1175 1265 1233 quum
1286 1155 1356 1215 in'
1380 1159 1737 1233 peruetusta
1763 1156 2049 1234 quapiam
2071 1156 2447 1219 bibliotheca
2462 1180 2723 1222 venarer

323 1253 541 1329 (nullis
565 1253 734 1313 enim
772 1253 836 1313 in
880 1253 1164 1314 saltubus
1193 1256 1458 1315 venatus
1483 1254 1851 1333 iucundior),
1885 1256 2046 1316 forte
2083 1256 2152 1316 in
2189 1276 2393 1319 casses
2429 1278 2599 1320 meos
2631 1259 2725 1320 in-

324 1354 475 1415 cidit
511 1353 736 1432 praeda
773 1353 1140 1430 neutiquam
1176 1352 1471 1430 vulgaris,
1504 1353 1831 1415 Laurentii
1868 1355 2088 1415 Vallae
2124 1355 2192 1416 in
2232 1357 2483 1418 Nouum
2522 1359 2724 1420 Testa-

323 1456 610 1513 mentum
664 1451 1120 1511 annotationes.
1233 1451 1417 1511 Hanc
1478 1451 1761 1529 equidem
1818 1451 1961 1513 ilico
2015 1473 2386 1532 magnopere
2439 1456 2724 1517 volebam

324 1549 621 1612 studiosis
647 1549 942 1609 omnibus
979 1549 1338 1626 impertire3
1380 1549 1671 1610 videlicet
1708 1549 2143 1627 ingenerosum
2180 1571 2313 1612 esse
2342 1556 2528 1631 ratus,
2561 1556 2722 1633 quod
2750 1580 2779 1630 5

320 1647 605 1709 venando
634 1651 856 1708 nactus
885 1667 1103 1722 essem,
1138 1648 1200 1707 id
1232 1648 1437 1708 solum
1466 1667 1566 1707 me
1594 1668 1664 1708 ac
1693 1648 1952 1709 tacitum
1983 1649 2297 1712 deuorare.
2374 1653 2496 1714 Sed
2534 1655 2726 1715 deter-

323 1746 502 1808 rebat
537 1765 665 1806 non
708 1745 869 1805 nihil
913 1765 1104 1823 quum
1148 1747 1331 1806 vetus
1371 1745 1480 1807 illa
1521 1745 1929 1806 Laurentiani
1970 1748 2245 1808 nominis
2285 1749 2542 1826 inuidia,
2588 1756 2727 1816 tum

322 1846 442 1907 hoc
482 1845 920 1922 argumentum
958 1842 1163 1904 multo
1207 1844 1275 1903 in
1317 1843 1585 1922 speciem
1622 1843 2205 1908 inuidiosissimum.
2294 1850 2384 1908 At
2424 1851 2495 1909 tu
2535 1849 2725 1910 simul

325 1948 508 2022 atque
534 1942 768 2002 librum
798 1942 1136 2015 euolueras‚
1174 1961 1300 2002 non
1328 1940 1535 2001 solum
1563 1961 1772 2002 meam
1810 1942 2170 2019 opinionem
2208 1946 2320 2005 tuo
2357 1946 2727 2024 grauissimo
2810 1969 2815 1974 ·

326 2041 556 2103 iudicio
592 2039 995 2116 confirmasti,
1034 2038 1448 2100 verumetiam
1487 2039 1730 2100 hortari
1770 2043 1953 2118 atque
1989 2041 2143 2102 adeo
2180 2043 2480 2104 conuiciis
2516 2049 2730 2106 extun·
2760 2072 2820 2109 ιο

325 2140 467 2200 dere
495 2139 768 2215 coepisti,
803 2158 884 2197 ne
922 2141 1175 2216 propter
1209 2157 1545 2215 paucorum
1583 2137 2033 2199 oblatrationes
2069 2139 2260 2201 simul
2298 2144 2360 2202 et
2397 2143 2727 2204 authorem

325 2238 554 2300 merita
579 2237 781 2316 gloria
804 2240 868 2296 et
896 2239 991 2296 tot
1012 2237 1193 2298 milia
1220 2236 1648 2297 studiosorum
1670 2238 1849 2297 tanta
1875 2237 2316 2298 commoditate
2343 2239 2691 2301 fraudarem
2716 2262 2730 2314 ;

328 2321 566 2416 negans
614 2336 899 2397 dubitare
945 2339 1010 2394 te
1059 2335 1212 2413 quin
1271 2354 1427 2412 opus
1481 2334 1641 2395 illud
1690 2335 1860 2395 sanis
1907 2339 1971 2396 et
2018 2336 2299 2397 candidis
2346 2337 2618 2416 ingeniis
2660 2342 2731 2398 vt

326 2435 754 2510 Vtilissimum,
788 2433 878 2494 ita
904 2436 968 2494 et
1004 2433 1439 2510 gratissimum
1476 2435 1639 2493 esset
1672 2433 1995 2512 futurum3
2039 2438 2355 2495 coeterum
2389 2437 2549 2497 alios
2587 2458 2729 2498 cum

328 2556 442 2597 suo
495 2533 717 2596 morbo
769 2533 1013 2594 fortiter
1061 2551 1192 2592 esse
1240 2530 1667 2610 negligendos.
1768 2531 2054 2609 Denique
2107 2535 2444 2612 patronum
2489 2536 2552 2593 te
2599 2555 2733 2615 pro·
2764 2559 2821 2610 ¹5

326 2635 856 2714 pugnatoremque
897 2631 1235 2707 offerebas3
1293 2629 1494 2689 exiret
1540 2629 1729 2690 modo
1770 2630 1839 2690 in
1880 2628 2205 2712 publicum
2247 2631 2352 2692 vel
2394 2633 2503 2692 tuo
2542 2634 2734 2694 vnius

329 2734 625 2812 pericu10.
715 2731 1021 2809 Equidem
1052 2729 1290 2808 opinor,
1326 2728 1720 2790 ornatissime
1748 2728 2212 2806 christophore,
2246 2728 2498 2790 Vallam
2525 2732 2726 2806 tuum,

329 2831 580 2893 tametsi
630 2849 742 2908 per
785 2849 850 2889 se
896 2850 1022 2889 non
1071 2829 1482 2889 instrennuus
1527 2827 1803 2888 inuidiae
1855 2831 2253 2905 contemptor
2297 2848 2543 2904 semper
2583 2829 2725 2905 fuit,

330 2934 542 2992 tamen
570 2930 891 3007 aliquanto
917 2927 1218 2988 fidentius
1237 2926 1304 2987 in
1327 2927 1522 2986 aciem
1550 2925 1966 3003 proditurum,
1989 2927 2152 2986 tanti
2171 2926 2461 2987 videlicet
2483 2929 2734 3005 tamque

330 3027 553 3089 inuicti
606 3029 1030 3105 ὖπερασπιστοῦ
1086 3026 1320 3086 fretum
1378 3023 1698 3102 praesidi0,
1758 3028 1897 3085 tum
1952 3024 2070 3085 hac
2124 3025 2503 3102 praefatione
2557 3027 2734 3086 velut
2762 3052 2826 3087 ιο

329 3126 545 3187 Aiacis
591 3126 810 3203 clypeo
855 3123 1365 3202 praemunitum3
1426 3122 1492 3183 in
1542 3142 1662 3201 qua
1710 3122 1966 3200 quidem
2012 3142 2087 3183 ex
2136 3124 2247 3183 tua
2293 3124 2606 3185 sententia
2656 3127 2735 3186 de

330 3225 524 3286 huius
566 3226 768 3301 operis
811 3224 1050 3283 rat-ione
1088 3226 1275 3300 atque
1314 3220 1600 3281 vtilitato
1628 3220 2020 3297 disseremus,
2067 3221 2173 3281 sed
2216 3220 2272 3281 si
2312 3222 2523 3298 paucis
2561 3222 2735 3301 prius

333 3324 682 3403 generalem
712 3320 1119 3383 Laurentiani
1148 3319 1424 3380 nominis
1451 3318 1759 3379 inuidiam
1788 3318 2093 3380 fuerimus
2120 3318 2381 3379 amoliti.

413 3422 703 3482 Primum
740 3420 951 3497 igitur,
984 3419 1037 3479 si
1070 3419 1403 3479 candorem
1436 3437 1620 3496 quem
1657 3416 1737 3477 ab
1774 3417 1919 3478 aliis
1955 3417 2277 3497 exigimus,
2310 3417 2432 3495 ipsi
2468 3422 2734 3495 praesta·

331 3538 545 3580 remus
581 3518 656 3577 iis
693 3538 835 3595 erga
873 3538 1028 3596 quos
1068 3536 1195 3577 non
1239 3517 1443 3578 solum
1488 3535 1616 3577 non
1657 3516 1921 3593 maligni
1949 3516 2360 3578 verumetiam
2400 3517 2564 3594 grati
2601 3538 2735 3580 esse
2765 3546 2823 3597 25

333 3616 647 3689 debemus,
697 3617 973 3694 profecto
1028 3615 1522 3677 Laurentianum
1577 3633 1808 3674 nomen
1862 3615 2024 3692 apud
2082 3615 2323 3675 omneis
2376 3616 2485 3694 qui
2539 3617 2736 3679 bonas

333 3718 551 3776 amant
604 3714 867 3792 litterae,
921 3735 1035 3791 pro
1079 3712 1395 3774 inuidioso
1449 3715 1715 3791 gratum,
1756 3732 1827 3772 ac
1879 3713 2304 3774 venerandum
2359 3714 2735 3791 haberetur3

335 3814 562 3893 quippe
596 3814 705 3890 qui
742 3813 952 3874 studio
987 3811 1409 3873 restituendae
1448 3810 1537 3871 rei
1574 3811 1913 3871 litterariae
1948 3814 2157 3889 partes
2192 3812 2395 3872 multo
2433 3814 2738 3877 odiosissi-

335 3933 472 3973 mas
499 3913 700 3972 sciens
727 3931 796 3971 ac
823 3911 1099 3990 prudens
1134 3909 1252 3970 sibi
1288 3908 1642 3987 sumpserit.
1731 3909 1947 3987 Neque
1983 3911 2154 3970 enim
2194 3930 2323 3970 non
2352 3911 2611 3974 videbat
2638 3913 2737 3974 vir

334 4012 556 4071 acutus
604 4013 734 4070 tam
785 4010 1205 4070 inueteratum
1253 4006 1545 4068 morbum
1591 4026 1724 4068 non
1778 4026 1958 4085 posse
2007 4010 2210 4069 sanari
2267 4009 2394 4070 nisi
2450 4011 2738 4072 tristibus
2764 4039 2828 4089 30

336 4109 691 4186 pharmacis
733 4108 968 4168 vsturis
1017 4127 1086 4167 ac
1141 4105 1539 4181 sectionibus,
1590 4105 1779 4183 idque
1819 4127 2050 4185 magno
2094 4127 2238 4169 cum
2283 4108 2496 4169 dolore
2545 4107 2738 4185 pluri·

337 4229 625 4281 morum;
673 4229 868 4287 neque
904 4227 1055 4270 vero
1093 4206 1407 4267 nesciebat
1442 4205 1594 4266 adeo
1630 4205 1923 4268 delicatas
1950 4226 2083 4268 esse
2119 4207 2483 4268 mortalium
2512 4207 2735 4283 aureis,

337 4308 408 4367 vt
440 4306 553 4368 vix
593 4307 781 4367 etiam
819 4307 990 4366 inter
1024 4305 1222 4366 bonos
1248 4304 1423 4365 viros
1460 4304 1746 4366 inuenias
1784 4305 1890 4385 qui
1925 4326 2149 4366 verum
2186 4305 2455 4366 libenter
2489 4305 2738 4379 audiat3

337 4405 588 4483 foreque
634 4408 708 4467 vt
755 4424 881 4465 non
930 4404 974 4463 ii
1022 4408 1271 4465 tantum
1324 4402 1748 4464 exclamarent
1795 4424 2059 4482 quorum
2109 4403 2360 4465 hulcera
2406 4403 2731 4480 tetigisset,

336 4523 558 4565 verum
599 4505 791 4567 etiam
830 4504 928 4565 illi
971 4504 1076 4581 qui
1116 4522 1192 4563 ex
1227 4503 1431 4563 alieno
1466 4501 1636 4563 malo
1666 4501 1793 4563 sibi
1820 4505 2079 4563 -metum
2114 4503 2465 4580 fingerent:
2525 4502 2737 4562 tamen
2766 4512 2827 4564 35

341 4629 436 4636 Α...
465 4630 554 4636 ..j-0

585 4732 590 4738 .
651 4744 656 4749 ,
690 4706 770 4754 ⁹3-
809 4691 1104 4755 inuidiam]
1129 4692 1232 4742 For
1250 4707 1321 4742 an
1345 4691 1542 4743 earlier
1564 4690 1788 4741 defence
1809 4691 1869 4741 of
1886 4691 2039 4740 Valla
2064 4706 2150 4740 see
2174 4690 2271 4754 Ep.
2300 4691 2381 4740 26.
