3355 5380
260 370 439 456 1540]
660 371 992 435 BEATUS
1048 370 1525 433 RHENANUS
1579 371 1688 432 ΤΟ
1743 369 2140 432 CHARLES
2188 371 2248 432 V
2573 377 2646 432 61

248 533 399 606 erat,
428 532 571 593 tum
615 529 766 608 quia
803 528 1062 605 putabat
1097 549 1243 590 eum
1268 547 1402 589 esse
1441 547 1519 589 ex
1549 527 1915 605 vulgaribus
1950 528 2397 589 salutatoribus
2429 548 2648 607 vnum,

254 629 361 708 qui
411 627 615 704 magis
662 625 1039 688 curiositatis
1092 627 1301 688 studio
1350 646 1541 704 quam
1585 624 1807 685 auxilii
1861 625 1964 686 vel
2019 625 2267 686 consilii
2317 626 2655 704 praebendi

252 746 430 789 causa
471 725 726 787 assidue
765 723 1135 786 ventitando
1176 723 1422 784 homini
1461 722 1604 784 aliis
1643 723 1831 784 rebus
1869 722 2115 784 intento
2154 743 2480 802 nunquam
2523 744 2654 787 non

253 825 502 887 molesti
566 825 767 885 erant.
877 821 1002 883 Vbi
1068 822 1365 900 cognouit
1429 822 1767 883 Erasmum
1833 840 1983 895 esse,
2050 821 2304 881 veniam
2370 826 2657 899 precatus

250 921 619 986 suauissime
676 940 824 981 eum
882 920 1241 998 complexus
1295 922 1410 996 est,
1458 922 1521 981 et
1577 919 1647 979 in
1709 918 1966 979 aedibus
2019 918 2308 981 Andreae
2362 920 2650 998 Asulani,

244 1020 604 1099 famigerati
628 1018 803 1080 illius
831 1018 1155 1095 mancipis,
1178 1017 1372 1079 soceri
1392 1018 1508 1093 sui,
1527 1037 1742 1078 secum
1768 1017 1991 1091 tenuit,
2015 1017 2129 1078 vbi
2150 1017 2657 1081 contubernalem

249 1118 470 1180 habuit
531 1117 1001 1194 Hieronymum
1059 1115 1447 1177 Aleandmm
1505 1114 1883 1176 Mettensem
1953 1114 2301 1177 eruditione
2368 1116 2657 1195 trilingui

250 1216 548 1291 nobilem,
580 1235 751 1277 nunc
786 1214 1219 1289 cardinalem3
1259 1215 1427 1275 inter
1460 1213 1615 1275 alios
1650 1213 1846 1274 etiam
1883 1213 2161 1274 amicitia
2196 1213 2381 1275 Pauli
2407 1215 2658 1277 Canalis

250 1313 510 1391 patritii,
556 1312 887 1376 Ambrosii
927 1312 1156 1374 Nolani
1210 1311 1438 1373 medici
1479 1311 1870 1388 praestantis,
1918 1311 2360 1390 Baptistaeque
2402 1312 2658 1391 Egnatii

249 1411 651 1473 familiariter
714 1430 884 1487 vsus,
953 1430 1071 1471 nec
1136 1409 1291 1471 adeo
1361 1409 1537 1470 breui
1604 1412 1921 1486 tempore3
1991 1428 2140 1470 nam
2209 1414 2271 1470 et
2338 1411 2660 1489 Euripidis

251 1510 605 1589 tragoedias
644 1509 816 1583 duas,
856 1508 1184 1570 Hecubam
1225 1510 1290 1569 et
1330 1507 1728 1585 Iphigeniam
1766 1505 1835 1567 in
1872 1507 2121 1583 Aulide,
2165 1507 2515 1585 recognitas
2553 1508 2658 1571 hic

250 1608 457 1670 denuo
524 1606 784 1683 aedidit,
841 1610 907 1669 et
959 1607 1238 1668 Terentii
1293 1605 1622 1683 Plautique
1691 1605 2038 1666 comoedias
2097 1606 2314 1666 habita
2367 1606 2661 1668 carminis

253 1706 499 1767 ratione
552 1705 897 1784 castigauit.
1007 1704 1140 1768 Sub
1199 1704 1267 1765 id
1329 1707 1580 1782 tempus
1631 1703 2005 1779 Alexander,
2065 1703 2276 1765 Iacobi
2332 1704 2658 1766 Scotorum

254 1806 418 1882 regis
459 1803 650 1878 filius,
694 1803 941 1866 Patauii
992 1803 1194 1864 literis
1238 1821 1489 1880 operam
1530 1801 1734 1877 dabat,
1781 1801 2115 1879 Baphaelis
2155 1801 2336 1881 Regii
2389 1802 2653 1880 auditor,

254 1906 319 1963 et
342 1904 475 1965 iam
503 1903 797 1964 ecclesiae
828 1902 961 1964 diui
986 1903 1276 1964 Andreae
1301 1902 1371 1962 in
1397 1899 1602 1962 Scotia
1628 1900 2142 1979 archiepiscopus.
2230 1900 2299 1961 Is
2325 1901 2659 1962 Erasmum

258 2002 377 2063 sibi
434 2002 511 2062 in
580 2001 908 2063 rhetoricis
969 2002 1429 2079 praeceptorem
1490 1998 1751 2073 asciscit,
1811 2019 1954 2059 cum
2013 2019 2136 2077 quo
2195 2000 2408 2077 postea
2465 1999 2660 2061 Senas

256 2099 718 2178 commigrauit.
803 2098 1060 2161 Boerios
1099 2097 1273 2159 enim
1313 2097 1650 2176 discipulos
1695 2100 1837 2175 post
1877 2097 2137 2158 vnicum
2181 2096 2660 2160 cohabitationis

258 2218 500 2260 annum
552 2196 794 2259 dudum
835 2197 1160 2258 dimiserat
1199 2195 1278 2258 ob
1318 2196 1515 2274 patris
1567 2195 2011 2256 morositatem.
2100 2193 2347 2256 Patauii
2388 2195 2662 2256 doctissi-

260 2317 510 2358 morum
547 2296 830 2357 virorum
869 2295 1062 2357 Marci
1101 2294 1343 2356 Musuri
1382 2293 1696 2356 Cretensis
1744 2296 1809 2354 et
1850 2294 2158 2370 Scipionis
2199 2293 2658 2355 Carteromachi

260 2393 668 2456 Pistoriensis
709 2413 862 2456 vsus
905 2396 1002 2455 est
1055 2393 1456 2468 commerci03
1510 2412 1778 2471 quorum
1828 2391 2288 2452 humanitatem
2330 2410 2512 2469 saepe
2557 2411 2660 2453 me

256 2494 551 2555 audiente
590 2491 1018 2570 depraedicare
1059 2491 1233 2567 solet,
1275 2494 1569 2569 expertus
1609 2490 1938 2551 candorem
1978 2510 2107 2551 non
2148 2489 2359 2565 semel,
2394 2490 2548 2551 dum
2588 2490 2659 2550 in

257 2592 571 2670 corruptis
601 2592 978 2652 Graecorum
1003 2592 1288 2650 autorum
1314 2588 1772 2666 exemplaribus
1797 2608 1991 2649 manu
2018 2588 2359 2666 descriptis,
2393 2608 2660 2666 quorum

261 2712 554 2770 magnam
581 2693 827 2769 partem
854 2687 1092 2750 Aldina
1117 2687 1497 2750 bibliotheca
1526 2687 1976 2766 suppeditabat,
2011 2685 2299 2748 videlicet
2326 2686 2656 2763 Pausania,

260 2789 612 2865 Eustathio,
670 2787 1102 2866 Lycophronis
1157 2787 1512 2864 interprete,
1574 2785 1911 2864 Euripidis,
1976 2784 2250 2860 Pindari,
2317 2785 2656 2862 Sophoclis,

260 2887 577 2950 Theocriti
649 2885 1078 2963 similiumque
1145 2884 1628 2959 commentariis,
1702 2884 1933 2945 horum
1998 2883 2266 2961 exquirit
2331 2881 2652 2943 iudicium.

266 2986 445 3048 Nihil
482 2988 620 3047 erat
657 2988 794 3045 tam
833 2983 1228 3045 reconditum
1274 2983 1437 3061 quod
1465 3002 1595 3043 non
1637 2984 1919 3058 aperiret,
1967 3000 2081 3042 nec
2125 2984 2257 3041 tam
2301 2979 2659 3042 inuolutum

258 3084 430 3161 quod
483 3103 618 3145 non
673 3081 992 3160 expediret
1044 3082 1353 3156 Musurus,
1409 3100 1555 3142 vere
1612 3080 1933 3141 Musarum
1985 3083 2194 3141 custos
2247 3082 2312 3141 et
2374 3079 2654 3140 antistes.

258 3181 492 3242 Omnia
528 3181 784 3259 legerat,
824 3182 1173 3241 excusserat
1212 3179 1439 3240 omnia.
1524 3179 1855 3240 Schemata
1898 3178 2356 3257 loquutionum,
2397 3178 2659 3253 fabulas,

256 3279 575 3354 historias,
601 3279 763 3340 ritus
779 3281 1024 3339 veteres
1052 3277 1130 3338 ad
1156 3296 1431 3355 vnguem
1450 3277 1729 3338 callebat.
1802 3277 1987 3338 Hanc
2007 3279 2140 3338 tam
2158 3279 2658 3338 consummatam

252 3377 687 3439 eruditionem
756 3376 949 3437 etiam
1017 3374 1287 3453 insignis
1360 3376 1560 3453 pietas
1634 3375 2124 3450 commendabat,
2198 3376 2351 3437 dum
2416 3379 2659 3454 patrem

257 3474 644 3537 Graeculum
683 3473 813 3536 iam
857 3474 1279 3551 grandaeuum
1319 3477 1605 3535 amanter
1649 3474 1985 3552 seduloque
2030 3474 2217 3536 fouet.
2303 3475 2660 3552 Scipionem

259 3572 642 3650 multiplicis
693 3572 1013 3633 doctrinae
1064 3575 1129 3632 et
1182 3572 1592 3649 ingenuitatis
1642 3571 1820 3633 dotes
1878 3571 2276 3633 exornabant.
2387 3572 2662 3650 Vterque

259 3671 500 3733 Romae
568 3670 771 3749 periit,
832 3670 938 3732 sed
1008 3671 1301 3732 Musurus
1367 3691 1407 3731 a
1472 3671 1680 3732 Leone
1746 3670 2050 3732 Pontifice
2116 3671 2656 3733 Monouasiensem

258 3768 795 3848 Archiepiscopen
836 3769 962 3830 iam
1001 3773 1238 3831 nactus.

348 3869 523 3930 Dum
557 3867 691 3945 agit
716 3867 897 3928 Senis
923 3867 1220 3930 Erasmus
1254 3866 1325 3926 in
1350 3867 1605 3929 aedibus
1650 3866 1965 3929 Praesulis
1992 3867 2125 3928 diui
2150 3867 2439 3928 Andreae
2476 3886 2662 3946 quem

260 3966 658 4042 institimbat,
683 3965 860 4028 cuius
886 3966 1162 4028 indolem
1189 3985 1369 4045 saepe
1390 3966 1817 4027 laudauit—et
1841 3966 2026 4027 illum
2045 3985 2194 4028 vera
2212 3966 2442 4027 dixisse
2462 3966 2665 4044 magis

258 4068 604 4145 appareret,
657 4064 784 4125 nisi
829 4084 973 4126 cum
1017 4066 1190 4141 patre
1230 4084 1374 4143 rege
1415 4064 1579 4125 latus
1621 4065 1757 4125 eius
1803 4065 2098 4127 claudens
2137 4065 2205 4126 in
2243 4063 2490 4141 praelio,
2540 4084 2664 4142 quo

264 4165 581 4227 exercitus
625 4163 890 4225 Henrici
929 4163 1295 4224 Britanniae
1338 4163 1519 4243 regis,
1563 4163 1740 4224 cuius
1784 4183 1960 4224 soror
2001 4164 2148 4225 huic
2190 4164 2463 4226 coniunx
2509 4165 2659 4239 erat,

266 4268 407 4325 tum
474 4263 546 4323 in
607 4260 863 4339 Belgica
927 4262 1172 4340 agentis
1231 4265 1298 4323 et
1356 4262 1707 4323 Tornacum
1764 4262 2102 4340 instigante
2162 4262 2328 4323 Iulio
2394 4262 2666 4324 secundo

269 4361 578 4424 Pontifice
628 4359 793 4420 Max.
849 4359 1210 4438 obsidentis,
1245 4380 1390 4421 cum
1448 4360 1651 4421 Scotis
1705 4360 2092 4422 irruentibus
2152 4361 2260 4440 qui
2315 4361 2665 4422 Galliarum

269 4465 475 4539 partes
540 4456 858 4534 fouebant,
917 4459 1240 4536 concurrit,
1302 4459 1685 4520 clarissimus
1751 4458 2003 4521 iuuenis
2069 4459 2398 4537 paulopost
2452 4477 2667 4519 caesus

270 4558 671 4621 esset-dnm
724 4557 873 4633 illic,
926 4557 1195 4636 inquam,
1249 4559 1319 4618 in
1376 4557 1630 4618 Etruria
1684 4558 1815 4635 agit
1870 4559 2188 4634 Erasmus,
2247 4560 2666 4618 commeatum

276 4655 638 4737 impetrauit
678 4655 951 4718 vicinam
992 4658 1257 4718 Romam
1300 4657 1634 4718 inuisendi.
1716 4657 1818 4717 Ibi
1859 4657 1984 4718 dici
2024 4677 2151 4718 non
2193 4657 2396 4735 potest
2436 4656 2666 4733 quanto

2682 749 2774 801 155

2685 1223 2779 1275 160

2686 1714 2778 1779 165

2690 2217 2782 2270 170

2691 2710 2780 2763 175

2687 3188 2781 3238 180

2690 3680 2781 3742 185

2693 4184 2786 4234 ¹90

2696 4676 2788 4729 ¹95
