3355 5380
332 383 512 467 1506]
1002 387 1111 448 ΤΟ
1166 386 1503 448 JEROME
1562 384 2057 447 BUSLEIDEN
2603 392 2722 448 435

322 540 747 620 comploratio,
776 541 1008 619 (quae)
1041 542 1358 621 tragoedia
1386 562 1543 621 quae
1568 542 1719 603 huic
1743 545 1877 603 tam
1904 542 2099 603 atroci
2128 542 2381 603 vulneri
2406 542 2672 604 sufficiat
2687 546 2721 604 ⁴?
2747 560 2775 609 5

321 640 553 714 Nimio,
586 638 709 699 heu
735 638 935 699 nimio
962 638 1338 701 constitistis
1365 639 1727 718 Hispaniae,
1761 659 1915 716 quae
1941 638 2196 718 quidem
2223 640 2502 716 primum
2531 640 2721 702 Fran·

320 737 557 798 ciscum
607 736 1062 813 Buslidianum,
1113 737 1651 816 archiepiscopum
1692 736 2118 811 Bizontinum,
2155 736 2338 798 nobis
2375 738 2716 813 ademistis,

322 856 524 914 neque
542 834 711 896 tanti
737 835 860 896 viri
880 836 1116 897 iactura
1138 838 1468 897 contentae
1497 834 1855 912 Principem
1886 835 2080 896 etiam
2114 855 2258 896 eum
2286 836 2713 911 absorbuistis,

321 953 445 1011 quo
469 933 549 1013 (si
586 933 799 995 viuere
827 935 1014 995 modo
1054 934 1354 1010 licuisset)
1381 933 1545 994 nihil
1583 953 1862 1013 vnquam
1901 933 2124 995 habuit
2161 934 2263 995 hic
2303 934 2475 996 orbis
2520 955 2719 1013 neque

320 1032 524 1094 maius
583 1051 782 1111 neque
837 1032 1084 1094 melius.
1192 1033 1563 1111 Quanquam
1619 1032 1789 1111 quid,
1849 1051 2091 1111 quaeso,
2153 1037 2471 1112 supererat
2527 1034 2719 1096 etiam
2748 1059 2810 1095 ιο

319 1128 715 1206 adolescenti,
747 1130 871 1192 nisi
891 1132 986 1192 vti
1013 1130 1143 1192 iam
1163 1131 1296 1210 ipse
1322 1152 1457 1193 sese
1482 1133 1854 1209 superaret?

400 1229 522 1290 Sed
566 1249 604 1290 o
648 1228 857 1290 dirum
897 1229 1181 1291 fortunae
1225 1230 1465 1305 ludum,
1516 1250 1552 1290 o
1601 1248 1834 1290 nouam
1873 1228 2148 1290 fatorum
2195 1230 2632 1306 inuidentiam,
2677 1253 2715 1292 o

320 1346 491 1388 mors
546 1347 734 1405 quam
781 1327 1037 1406 iniqua!
1094 1332 1227 1390 tam
1272 1329 1464 1390 etiam
1510 1327 1731 1388 inuida
1776 1329 1849 1387 vt
1895 1347 2141 1405 semper
2178 1328 2717 1406 praestantissima

317 1445 597 1504 quaeque
640 1446 830 1505 quam
872 1428 1178 1504 ocyssime
1219 1427 1391 1489 tollis
1438 1447 1473 1487 e
1514 1425 1737 1500 medio,
1785 1425 2012 1504 vixque
2060 1426 2257 1487 oculis
2297 1430 2546 1489 ostensa
2583 1448 2717 1505 pro·

315 1523 493 1585 tinus
525 1524 839 1586 subducis.
907 1526 1101 1587 Cuius
1136 1545 1251 1603 ego
1278 1526 1479 1587 vicem
1505 1524 1611 1586 hic
1636 1523 2038 1602 potissimum
2081 1525 2398 1601 deplorem
2413 1528 2447 1586 ⁴?
2529 1525 2717 1587 Maxi-
2745 1552 2804 1601 15

316 1621 645 1684 milianine
688 1624 889 1702 patris
923 1624 1033 1703 qui
1070 1625 1188 1686 tali
1227 1624 1310 1686 sit
1348 1623 1604 1685 orbatus
1639 1622 1789 1698 filio,
1822 1642 2008 1701 quem
2033 1642 2235 1682 vnum
2263 1623 2482 1684 multis
2521 1623 2713 1684 etiam

315 1719 601 1798 imperiis
627 1724 1043 1800 anteponebat
1057 1726 1091 1784 ⁴?
1130 1742 1213 1784 an
1242 1722 1585 1783 liberorum
1619 1720 1821 1798 magis
1848 1721 2077 1798 quibus
2112 1724 2315 1782 aetate
2343 1726 2474 1782 tam
2501 1721 2717 1784 imma·

314 1820 457 1879 tura
487 1821 624 1880 tam
659 1820 805 1898 pius
842 1822 927 1882 sit
953 1826 1204 1900 ereptus
1230 1824 1455 1900 pater?
1494 1840 1578 1882 an
1602 1819 1844 1899 patriae
1869 1820 2079 1897 potius
2107 1821 2209 1880 cui
2239 1821 2316 1881 de
2347 1821 2714 1882 charissimo

319 1916 612 1995 Principe
656 1922 792 1980 tam
833 1940 1046 1981 serum
1082 1920 1400 1999 gaudium,
1435 1922 1571 1980 tam
1605 1937 2051 1996 praeproperus
2098 1919 2431 1997 contigerit
2461 1920 2669 1981 luctus
2683 1923 2717 1981 ⁴?

317 2034 398 2074 an
440 2014 609 2076 orbis
646 2017 901 2079 demum
928 2017 1212 2080 vniuersi
1250 2018 1354 2079 cui
1399 2020 1532 2078 tam
1569 2015 1887 2094 singulare
1927 2015 2149 2077 lumen
2194 2016 2280 2077 sit
2324 2018 2716 2095 ademptum,
2742 2044 2805 2078 πο

315 2112 503 2191 idque
530 2117 664 2175 tam
691 2120 839 2177 ante
863 2116 1053 2178 diem.
1158 2117 1314 2192 Hoc,
1346 2114 1652 2177 nimirum
1680 2114 1800 2175 hoc
1828 2116 2165 2192 tempestas
2190 2114 2303 2177 illa
2329 2115 2559 2192 fatalis,
2593 2135 2718 2194 qua

317 2210 523 2271 medio
560 2232 595 2272 e
632 2233 815 2275 cursu
855 2215 927 2275 in
975 2214 1373 2277 Britanniam
1416 2213 1715 2292 depulsus
1768 2214 1880 2288 est,
1944 2214 2368 2291 portendebat,
2429 2213 2716 2274 videlicet

316 2308 463 2370 fatis
504 2308 690 2371 illum
730 2313 941 2390 palam
975 2313 1056 2374 ab
1097 2313 1405 2392 Hispania
1445 2311 1890 2374 reiioientibus.
1982 2311 2292 2391 Equidem
2331 2310 2715 2390 Panegyrico

316 2408 731 2489 qualicunque
757 2411 1011 2473 laudaui
1046 2411 1360 2474 iuuenem.
1445 2411 1611 2472 Ταιιι
1648 2413 1878 2486 autem,
1926 2409 2092 2471 bone
2133 2411 2318 2485 Deus,
2359 2414 2513 2489 quot
2553 2409 2715 2470 mihi

316 2507 746 2587 Panegyricos,
791 2531 982 2590 quam
1017 2511 1297 2590 copiosos
1330 2509 1704 2589 pollicebar!
1786 2508 1872 2568 Et
1902 2528 1985 2569 en
2020 2511 2274 2586 repente
2312 2507 2714 2570 commutatis
2742 2536 2801 2587 ²5

314 2606 499 2668 rebus
552 2608 944 2687 epitaphium
990 2629 1142 2687 paro
1195 2608 1403 2670 miser.
1522 2609 1763 2670 Eamus
1825 2625 1994 2667 nunc
2050 2626 2168 2667 nos
2227 2606 2597 2667 homunculi
2649 2609 2714 2666 et

314 2704 655 2768 fortunulis
698 2709 935 2770 nostris
966 2709 1253 2783 fidamus,
1304 2728 1502 2788 quum
1535 2727 1642 2768 eos
1684 2705 1879 2767 etiam
1921 2726 2034 2784 pro
2076 2725 2192 2767 sua
2230 2706 2494 2767 libidine
2542 2725 2716 2766 mors

315 2804 517 2882 rapiat
537 2826 692 2883 quos
719 2827 909 2886 quam
936 2807 1290 2871 diutissime
1315 2807 1528 2867 viuere
1555 2808 1878 2882 tantopere
1905 2803 2194 2865 omnium
2220 2804 2432 2866 refert.

393 2904 516 2965 Sed
559 2905 710 2982 quid
753 2926 883 2984 ego,
923 2905 1016 2966 mi
1051 2905 1461 2984 Hieronymo,
1501 2905 1655 2965 dum
1710 2922 1850 2964 meo
1909 2903 2204 2981 indulgeo
2253 2902 2470 2978 dolori,
2530 2908 2714 2963 tuum

312 2999 646 3063 exhulcero
659 3005 693 3063 ⁴?
796 3003 974 3080 Quod
1023 3004 1339 3082 reliquum
1392 3006 1507 3079 est,
1563 3020 1782 3080 precor
1821 3004 1895 3063 vt
1935 3001 2146 3080 superi
2198 3002 2456 3080 propitii
2498 3001 2713 3061 liberis
2741 3028 2805 3078 30

314 3100 640 3174 paternam
660 3101 915 3178 quidem
932 3101 1310 3179 felicitatem,
1334 3103 1444 3164 sed
1474 3121 1620 3162 cum
1647 3099 1784 3162 diui
1809 3099 2089 3161 Federioi
2113 3099 2445 3161 viuacitate
2471 3099 2714 3177 copula·

314 3197 467 3270 tam,
518 3195 898 3275 largiantur;
939 3201 1061 3262 tibi
1103 3201 1257 3263 item
1302 3200 1371 3261 in
1410 3198 1812 3261 moderandis
1847 3197 1980 3259 illis
2027 3198 2335 3260 fraternos
2374 3217 2709 3272 successus,

314 3292 426 3352 sed
445 3294 647 3356 vitam
671 3298 945 3361 fraterna
971 3299 1448 3361 diuturniorem.
1536 3297 1797 3360 Litteris
1822 3298 1942 3373 his,
1970 3318 2049 3358 ne
2075 3298 2155 3358 ad
2181 3300 2435 3358 tantum
2463 3302 2712 3375 tamque

314 3391 567 3455 doctum
624 3398 896 3459 amicum
960 3399 1137 3460 nullo
1205 3397 1514 3460 litterario
1582 3397 1958 3458 munusculo
2015 3396 2345 3457 comitatae
2397 3392 2707 3467 venirent,

314 3489 611 3570 Dialogos
652 3495 892 3573 aliquot
934 3496 1194 3558 Luciani
1225 3497 1487 3558 comites
1525 3494 1780 3569 addidi3
1820 3515 1974 3574 quos
2009 3494 2292 3572 pauculis
2333 3493 2436 3555 his
2475 3492 2708 3567 diebus,
2740 3521 2800 3572 3⁵

314 3588 468 3649 dum
510 3590 854 3654 obsidionis
888 3598 1062 3655 metu
1101 3595 1487 3657 Florentiam
1533 3593 2023 3672 profugeremus,
2072 3593 2331 3655 Latinos
2366 3591 2529 3667 feci;
2595 3592 2715 3653 hoc

315 3686 620 3750 nimirum
667 3710 859 3769 agens
907 3712 988 3753 ne
1042 3692 1207 3754 nihil
1253 3712 1518 3772 agerem.
1605 3692 1771 3753 Nam
1816 3692 1887 3751 in
1940 3691 2291 3769 praesentia
2348 3689 2602 3771 quidem
2643 3690 2713 3751 in

314 3785 506 3848 Italia
532 3787 694 3848 mire
731 3790 963 3868 frigent
1003 3790 1226 3866 studia,
1273 3792 1519 3852 feruent
1555 3790 1741 3852 bella.
1821 3790 2122 3851 Summus
2163 3789 2458 3851 Pontifex
2506 3788 2712 3850 Iulius

315 3883 736 3965 belligeratur,
800 3888 1015 3965 vincit,
1079 3890 1424 3967 triunphat,
1489 3889 1797 3968 planeque
1872 3889 2117 3950 Iulium
2169 3888 2318 3967 agit.
2430 3887 2589 3949 Vale
2648 3890 2712 3949 et

312 3984 703 4064 amplissimo
736 3989 916 4065 patri,
947 3988 1202 4050 Nicolao
1224 3988 1502 4065 Buterio,
1526 3988 1811 4066 episcopo
1848 3988 2265 4061 Atrebatensi,
2305 3988 2498 4050 etiam
2527 3992 2714 4065 atque
2735 4013 2805 4058 40

311 4083 502 4145 etiam
529 4085 868 4148 Erasmum
896 4086 1348 4148 commendato.

392 4183 716 4246 Bononiae
743 4204 846 4247 xv.
877 4185 1005 4246 Cal.
1038 4183 1331 4246 Decemb.
1364 4202 1411 4244 ιι
1430 4203 1473 4244 ι)
1490 4203 1533 4244 v
1553 4203 1596 4243 1.

1000 4362 1047 4411 5.
1088 4347 1361 4411 tragoedia
1382 4362 1447 4395 ne
1481 4350 1596 4396 tam
1621 4349 1825 4411 tragica
1845 4365 1895 4411 γ.

381 4525 461 4561 21.
497 4513 817 4578 tempestas]
842 4513 920 4564 Cf.
951 4514 1047 4577 Ep.
1074 4515 1167 4578 189
1188 4513 1391 4563 introd.
1562 4513 1679 4562 rick
1701 4525 1770 4561 ιιι
1792 4527 1903 4561 was
1923 4513 1986 4561 in
2009 4512 2098 4560 his
2118 4509 2559 4573 seventy-eighth
2585 4523 2712 4570 year

380 4591 461 4638 31·
526 4577 768 4628 Pederici
856 4579 1175 4643 viu-citato]
1267 4578 1459 4629 Frede-
1561 4579 1724 4627 when
1748 4579 1818 4627 he
1841 4576 1982 4638 died,
2017 4593 2077 4640 19
2099 4579 2234 4640 Aug.
2263 4588 2405 4637 ¹493·
