3355 5380
702 347 821 405 530
1401 343 1782 406 LETTERS
1835 345 1944 407 oF
1996 346 2394 410 ERASMUS
2915 343 2977 427 [1
2988 363 3108 426 513

783 501 907 562 Sed
961 502 1186 563 horum
1241 501 1500 564 fortasse
1554 522 1762 564 mores
1823 506 1886 565 et
1940 503 2265 581 ingenium
2318 505 2627 582 ingenuos
2679 505 2921 567 amicos
2975 524 3110 567 non

601 633 602 636 =
701 599 1098 676 recipiebant.
1217 601 1591 678 Quanquam
1644 601 1836 663 etiam
1899 601 1954 662 si
2021 602 2325 664 facillima
2375 603 2463 664 sit
2518 607 2744 666 natura
2797 604 3112 682 principis

698 695 1008 774 planeque
1063 701 1189 774 tua,
1245 718 1369 776 qua
1422 699 1583 759 nihil
1640 700 1898 777 cogitari
1964 703 2173 778 potest
2223 701 2488 777 facilius,
2545 705 2764 764 tamen
2813 702 3110 764 fortunae

613 819 679 868 30
699 793 997 872 splendor
1049 796 1157 874 qui
1212 797 1464 859 turbam
1520 797 1861 859 amicorum
1914 799 2184 876 allectat,
2228 799 2397 861 idem
2453 801 2661 862 obstat
2712 821 2837 879 quo
2891 802 3115 863 minus

701 894 890 969 queat
926 912 1111 954 verus
1148 895 1390 956 amicus
1424 916 1463 956 a
1488 896 1696 957 fucato
1732 896 2031 974 dignosci.
2122 898 2338 976 Neque
2374 900 2549 960 enim
2586 902 2822 960 temere
2859 898 3112 960 dictum

699 992 797 1050 est
849 990 1025 1068 illud,
1071 992 1333 1055 Amicos
1383 995 1693 1056 secundae
1745 1014 1845 1056 res
1898 999 2137 1074 parant,
2180 998 2477 1059 aduersae
2528 997 2810 1075 probant.
2902 999 3115 1077 Atqui

700 1108 824 1167 quo
865 1090 1090 1151 melior
1136 1094 1233 1152 est
1272 1092 1576 1170 possessio
1622 1113 1923 1171 syncerus
1963 1095 2221 1171 amicus,
2263 1096 2381 1157 hoc
2429 1095 2733 1157 nimirum
2774 1100 2872 1159 est
2914 1097 3112 1174 pesti·

701 1186 931 1249 lentior
982 1190 1091 1267 qui
1115 1190 1255 1254 ,hoc
1311 1192 1496 1252 titulo
1543 1196 1906 1268 personatus
1962 1193 2221 1271 obrepit.
2343 1194 2566 1273 Itaque
2618 1215 2763 1256 cum
2818 1194 3114 1256 coticulis

614 1313 675 1364 35
701 1285 1038 1364 diligenter
1087 1289 1481 1367 exploremus
1533 1309 1775 1368 aurum,
1832 1310 2060 1368 purum
2114 1293 2199 1352 sit
2253 1311 2336 1352 an
2390 1312 2584 1369 secus,
2641 1314 2843 1372 neque
2897 1294 3114 1355 desint

699 1388 889 1447 notae
928 1387 1157 1464 quibus
1196 1389 1482 1452 natiuam
1520 1408 1838 1467 gemmam
1879 1410 1918 1451 a
1956 1390 2198 1451 factitia
2233 1411 2643 1470 secernamus,
2675 1412 2889 1458 nonne
2927 1393 3115 1454 vehe-

700 1487 947 1546 menter
971 1485 1310 1546 absurdum
1339 1487 1424 1548 sit
1454 1486 1522 1547 in
1548 1507 1616 1547 re
1641 1490 1821 1549 tanto
1848 1489 2105 1550 maioris
2130 1491 2438 1551 momenti
2462 1509 2679 1568 parem
2704 1490 3110 1568 diligentiam

699 1602 829 1644 non
883 1583 1195 1660 adhibere,
1252 1585 1543 1648 videlicet
1595 1589 1665 1647 vt
1719 1589 2169 1655 assentatorem
2223 1587 2304 1649 ab
2348 1588 2576 1663 amico,
2634 1587 2754 1652 hoc
2814 1591 2913 1649 est
2968 1608 3110 1649 rem

699 1683 988 1744 omnium
1044 1684 1229 1761 longe
1282 1684 1865 1760 pestilentissimam
1920 1685 2000 1745 ab
2058 1686 2348 1746 omnium
2400 1686 2827 1760 saluberrima,
2887 1686 3111 1764 digno·

611 1808 678 1858 40
699 1799 951 1842 scamus
967 1783 1001 1840 ⁶?
1058 1781 1296 1841 Verum
1317 1802 1395 1841 ne
1424 1782 1525 1842 cui
1552 1803 1666 1842 ceu
1692 1802 2010 1844 venenum
2029 1788 2234 1862 gustu,
2268 1785 2356 1846 sic
2384 1786 2657 1846 amicum
2675 1786 3109 1864 experimento

699 1899 932 1957 magno
966 1899 1081 1939 suo
1117 1879 1288 1941 malo
1323 1880 1784 1958 deprehendere
1821 1881 1907 1943 sit
1943 1902 2206 1958 necesse,
2244 1884 2640 1960 Plutarchus,
2670 1885 2901 1944 author
2940 1884 3110 1945 inter

701 1978 969 2038 Graecos
1013 1977 1150 2037 sine
1197 1981 1616 2040 controuersia
1669 1981 2086 2054 doctissimus,
2139 1983 2369 2042 miram
2424 1983 2741 2060 quandam
2787 1982 3110 2044 rationem

699 2074 979 2151 prodidit
1020 2095 1144 2152 qua
1175 2075 1352 2136 facile
1392 2077 1588 2154 possit
1619 2078 1934 2155 ingenuus
1972 2100 2044 2140 ac
2086 2099 2385 2157 syncerus
2422 2080 2659 2142 amicus
2699 2101 2738 2142 a
2767 2082 3110 2160 personato

700 2172 1032 2250 fucatoque
1058 2172 1379 2252 distingui.
1467 2175 1609 2237 Iam
1635 2195 1785 2237 vero
1814 2178 2112 2255 quoniam
2140 2177 2209 2238 in
2242 2179 2654 2240 admonendis
2685 2178 2905 2240 amicis
2932 2179 3109 2241 velut

616 2300 677 2349 ⁴5
702 2270 771 2331 in
807 2271 1178 2333 medicando
1216 2293 1346 2334 non
1376 2279 1475 2335 sat
1510 2278 1607 2334 est
1645 2275 1857 2336 adesse
1891 2276 2101 2352 fidem,
2132 2297 2353 2338 verum
2386 2281 2453 2338 et
2492 2277 2890 2354 prudentiam
2928 2277 3107 2339 adhi-

701 2369 847 2431 bere
882 2371 1198 2447 conuenit,
1232 2392 1328 2448 ne,
1360 2374 1515 2434 dum
1553 2393 1778 2450 parum
1815 2378 1959 2452 apte
1994 2376 2232 2437 mederi
2266 2377 2598 2438 studemus
2632 2377 2855 2437 erratis
2890 2377 3111 2449 amici,

702 2468 1142 2531 subuertamus
1202 2471 1564 2547 amicitiam,
1624 2475 1690 2533 et
1742 2473 1904 2533 hanc
1968 2473 2193 2535 adiecit
2256 2475 2630 2551 coronidem,
2688 2476 2918 2536 docens
2985 2496 3114 2553 qua

700 2568 1126 2630 moderatione
1166 2569 1250 2630 sit
1289 2571 1724 2632 admonendus
1763 2572 2015 2648 amicus,
2061 2572 2117 2633 si
2157 2574 2307 2650 quid
2350 2573 2631 2635 extiterit
2669 2573 3108 2635 admonitione

701 2667 987 2748 dignum.
1097 2670 1255 2731 Tam
1297 2670 1671 2748 frugiferum
1714 2671 1910 2748 igitur
1956 2693 2113 2750 opus
2153 2672 2222 2734 in
2263 2673 2607 2735 Maiestatis
2646 2676 2790 2735 tuae
2835 2673 3110 2751 gratiam

615 2792 680 2842 50
702 2768 1044 2830 Latinitate
1091 2770 1479 2843 donauimus,
1530 2790 1653 2848 quo
1701 2770 1871 2830 idem
1916 2772 2215 2847 studium,
2261 2773 2534 2834 eundem
2579 2774 2870 2834 animum
2917 2793 3112 2851 quem

699 2868 822 2928 tibi
862 2868 1015 2929 olim
1063 2868 1487 2945 amplissimae
1532 2870 1665 2946 spei
1705 2889 1897 2946 puero
1939 2870 2154 2932 testati
2194 2891 2431 2946 sumus,
2476 2891 2645 2932 nunc
2684 2871 2846 2949 Regi
2888 2891 3111 2949 regum

703 2967 992 3028 omnium
1033 2965 1477 3028 florentissimo
1516 2970 1906 3028 testaremur.
1998 2970 2170 3029 Bene
2210 2970 2362 3030 vale.

1302 3162 1509 3247 52⁷323⁰
1595 3159 1692 3225 To
1728 3160 2057 3254 ⁸Amnum
2101 3162 2512 3228 Auxoume.

774 3309 1022 3380 Farrago
1046 3328 1101 3381 p.
1128 3326 1250 3379 213.
2498 3310 2929 3388 (Cambridge.)

777 3395 836 3453 F.
862 3414 917 3466 p.
945 3414 1083 3468 344:
1125 3396 1265 3452 HN:
1303 3397 1478 3453 Lond.
1507 3396 1622 3452 viii.
1653 3413 1752 3468 19:
1790 3397 1903 3452 ΕΒ.
1937 3413 2051 3468 119.
2389 3415 2412 3455 1
2445 3398 2777 3471 September
2803 3399 3041 3473 (1513).

774 3521 949 3586 [1513,
983 3521 1205 3568 because
1238 3521 1566 3570 Ammonius
1608 3520 1657 3569 is
1696 3521 1758 3567 in
1795 3520 1891 3568 the
1924 3519 2153 3582 English
2197 3535 2354 3583 camp
2393 3522 2455 3569 in
2499 3504 2721 3582 France‚
2761 3522 3004 3573 whither
3041 3525 3111 3574 he

705 3585 1090 3647 accompanied
1110 3586 1301 3647 Henry
1314 3599 1419 3634 vm
1434 3601 1507 3634 on
1531 3587 1625 3634 the
1648 3585 1961 3647 expedition
1984 3584 2043 3635 of
2060 3585 2157 3634 the
2179 3589 2413 3636 autumn
2431 3587 2492 3636 of
2507 3602 2648 3650 1513.
2693 3588 2807 3637 'l'he
2829 3590 3111 3652 signatura

707 3651 847 3700 from
868 3650 1095 3699 London
1119 3652 1167 3699 is
1189 3649 1552 3700 inconsistent
1573 3652 1713 3701 with
1737 3650 1796 3701 11.
1829 3666 1904 3713 ro,
1935 3650 2045 3715 11.]

1096 3796 1411 3845 ERASMVS
1455 3797 1963 3846 ROTERODAMVS
2011 3798 2340 3847 AMMONIO
2385 3799 2513 3847 SVO
2554 3800 2606 3848 S.
2656 3801 2719 3847 D.

788 3931 919 3993 Iu
954 3931 1247 3993 dederam
1280 3933 1357 3993 ad
1393 3936 1459 3992 te
1497 3931 1731 4009 literas,
1762 3952 1919 4010 quas
1955 3952 2123 3993 nunc
2164 3933 2387 4011 opinor
2426 3953 2561 3995 esse
2601 3934 2897 3996 redditae.
2986 3936 3110 3998 Sed

704 4050 1008 4109 perquam
1047 4033 1295 4109 gratum
1329 4031 1492 4092 mihi
1527 4032 1649 4092 fuit
1690 4031 1856 4108 quod
1894 4030 1964 4091 in
2002 4033 2132 4092 tuis
2171 4033 2248 4093 ad
2285 4032 2591 4093 Ioannem
2621 4033 2825 4094 literis
2859 4033 3112 4097 Erasmi

704 4131 804 4192 tui
821 4129 1038 4191 feceris
1058 4130 1465 4207 mentionem,
1483 4133 1547 4191 et
1573 4129 1828 4206 quidem
1849 4131 1983 4191 tam
2009 4134 2309 4191 amanter.
2369 4129 2616 4212 Ὑγιεινὰ
2638 4135 3108 4214 παραγγέλματα,

706 4250 864 4308 quae
916 4229 1233 4308 quondam
1288 4230 1619 4290 Sacrorum
1674 4227 2063 4288 Scriniorum
2115 4228 2419 4306 Magistro
2475 4232 2852 4309 nuncupaui,
2909 4252 3114 4310 nuper

654 4341 682 4391 5
708 4328 982 4390 Londini
1039 4331 1189 4390 sunt
1243 4347 1467 4389 excusa
1516 4325 1809 4387 formulis
1863 4346 1992 4387 non
2050 4328 2311 4388 omnino
2369 4327 2723 4391 inuenuste.
2837 4328 3112 4392 Ioannes

707 4430 857 4489 tuus
876 4428 1193 4506 pollicitus
1217 4428 1315 4487 est
1339 4445 1406 4486 se
1433 4425 1511 4485 ad
1539 4427 1602 4485 te
1630 4424 1974 4485 missurum
1998 4445 2203 4486 vnum
2228 4430 2338 4487 aut
2362 4426 2634 4488 alterum
2660 4428 2951 4490 codicem.
3042 4428 3113 4491 Si

1632 4538 1746 4586 273.
1765 4539 1813 4588 6.
1848 4541 1976 4588 tuus
1996 4553 2086 4587 om.
2112 4542 2175 4587 N.

773 4659 886 4711 272.
906 4670 987 4718 51.
1022 4653 1180 4718 olim]
1203 4655 1281 4704 Cf.
1310 4654 1405 4715 Ep.
1435 4668 1543 4714 104.
1871 4654 1985 4708 278.
2003 4669 2051 4716 3.
2090 4653 2301 4717 Ὺγιωνὰ
2321 4654 2734 4721 παραγγέλματα]
2758 4656 2841 4708 Cf.
2863 4656 2962 4720 Ep.
2993 4657 3109 4707 2⁶8.
