3355 5380
269 404 456 489 1⁴99]
1112 408 1221 469 ΤΟ
1276 407 1504 468 JOHN
1562 407 1833 469 COLET
2547 409 2665 465 259

260 566 461 644 igitur
485 584 634 626 cum
659 565 799 626 viro
834 564 1186 626 concubuit.
1272 564 1558 643 Peperit:
1602 563 1797 641 igitur
1826 565 2124 641 concepit.
2212 563 2517 624 Mortuus¹
2542 565 2670 623 est:

261 664 458 743 igitur
504 662 687 725 vixit.
777 662 949 722 Num
996 681 1144 740 ergo
1187 662 1357 723 idem
1401 661 1563 722 mihi
1610 661 1908 722 videntur
1952 661 2274 737 concipere
2321 663 2386 722 et
2432 679 2664 739 parere,

261 762 474 822 viuere
517 763 581 821 et
621 760 781 821 mori
804 763 838 822 ἰ’
918 760 1181 821 Minime
1207 781 1222 834 ;
1262 760 1369 821 sed
1403 759 1671 821 alterum
1711 780 1786 821 ex
1818 759 2016 827 altero
2042 758 2340 837 consequi
2365 758 2671 836 significa·
2699 777 2789 831 ¹75

261 861 424 922 bam.
516 860 732 937 Neque
771 879 903 920 non
943 858 1128 920 video
1168 859 1308 920 fieri
1347 877 1529 936 posse
1568 860 1641 920 vt
1682 856 1914 919 mulier
1953 858 2273 935 concipere
2307 857 2482 932 velit,
2511 877 2669 934 quae

264 958 429 1020 nolit
464 959 681 1019 eadem
720 977 951 1036 parere,
980 960 1091 1018 aut
1126 976 1339 1035 parere
1377 956 1532 1018 velit
1570 976 1729 1035 quae
1761 956 1927 1017 nolit
1953 957 2290 1033 concipere.
2377 957 2467 1015 At
2495 949 2671 1016 nulla

263 1077 416 1119 sana
453 1056 653 1118 orabit
693 1060 766 1117 vt
813 1055 1014 1133 pariat
1062 1075 1220 1133 quae
1262 1055 1427 1117 nolit
1468 1056 1810 1133 concipere.
1900 1055 2003 1115 Ita
2041 1074 2227 1115 nemo
2271 1052 2667 1130 naufragium
2780 1079 2786 1086 ·

264 1155 507 1234 optabit
525 1154 636 1232 qui
651 1154 1117 1231 nauigationem
1136 1153 1550 1216 abominetur.
1607 1155 1809 1214 Nemo
1823 1153 2022 1214 occidi
2038 1154 2250 1231 cupiet
2264 1155 2327 1212 et
2345 1153 2666 1213 neminem

262 1273 334 1314 se
362 1252 631 1315 occidere
659 1251 844 1314 nolet.
2700 1261 2792 1309 180

345 1354 582 1413 Verum
622 1351 921 1428 quoniam
964 1350 1047 1424 id,
1096 1353 1169 1411 vt
1208 1350 1500 1427 diximus,
1546 1354 1725 1422 extra
1758 1369 2007 1412 causam
2049 1353 2161 1422 est,
2204 1349 2357 1427 quid
2396 1351 2670 1436 senoiam

262 1471 394 1511 non
448 1470 728 1527 expono;
795 1450 911 1509 hec
966 1449 1045 1510 de
1099 1450 1455 1526 argumenti
1514 1437 1897 1529 synceritate
1956 1449 2259 1510 duntaxat
2325 1450 2665 1525 attigerim.

193 1563 199 1570 ’
261 1546 509 1608 Deinde
539 1567 696 1625 quae
720 1550 814 1621 tu,
847 1546 1075 1618 Colete‚
1104 1550 1245 1608 tum
1279 1547 1457 1608 docte
1492 1551 1632 1609 tum
1669 1549 1916 1625 copiose
1949 1546 2218 1622 disseris,
2250 1547 2575 1608 Christum
2608 1551 2672 1608 et

259 1644 537 1705 voluisse
580 1643 812 1705 Iudeos
851 1664 986 1705 sese
1023 1643 1302 1704 occidere
1344 1648 1407 1704 et
1449 1645 1616 1705 idem
1664 1646 1902 1723 pariter
1951 1644 2247 1719 noluisse,
2286 1664 2398 1706 nec
2442 1644 2504 1705 id
2548 1645 2672 1706 alia

260 1742 592 1805 voluntate
630 1742 908 1804 voluisse
948 1763 1136 1820 quam
1179 1762 1305 1820 qua
1345 1743 1562 1815 noluit,
1602 1764 1714 1804 nec
1755 1744 1942 1805 aliter
1974 1744 2253 1804 noluisse
2295 1762 2483 1820 quam
2525 1744 2672 1821 quia
2703 1748 2790 1810 ¹85

258 1841 464 1902 voluit
492 1842 586 1916 (vt
612 1860 885 1919 enygma
913 1840 1095 1902 nobis
1118 1841 1515 1918 proposuisse
1542 1842 1849 1919 videaris),
1871 1841 2033 1902 nihil
2058 1843 2135 1902 ad
2166 1861 2372 1902 meam
2398 1842 2669 1903 attinent

258 1940 771 2001 controuersiam.
858 1939 1229 2018 Quanquam
1278 1960 1392 2000 nec
1441 1940 1540 2000 hic
1587 1939 1838 2018 quidem
1886 1939 2004 2002 tibi
2052 1940 2425 2002 accedimus.
2506 1940 2669 2000 Fieri

260 2039 436 2098 enim
465 2038 644 2099 nulla
682 2038 926 2100 racione
959 2041 1164 2116 potest
1194 2041 1265 2099 vt
1303 2037 1471 2099 idem
1503 2042 1568 2099 et
1594 2039 1866 2100 velimus
1903 2042 1967 2099 et
2000 2038 2293 2100 nolimus.
2382 2037 2671 2100 Christus

260 2136 460 2196 occidi
509 2136 801 2211 volebat3
870 2135 1099 2197 Iudeos
1152 2137 1274 2197 sibi
1329 2142 1601 2198 mortem
1646 2137 1998 2198 inflicturos
2051 2155 2186 2198 esse
2238 2137 2486 2209 sciebat,
2540 2155 2672 2198 non

259 2234 531 2297 volebat.
620 2235 835 2296 Occidi
881 2235 1201 2296 Christum
1251 2235 1489 2297 bonum
1537 2237 1706 2310 erat;
1768 2234 2040 2296 occidere
2087 2235 2346 2297 malum.
2431 2235 2671 2297 Malum
2702 2250 2794 2302 190

255 2338 472 2395 autem
502 2333 683 2395 nulla
708 2333 957 2395 racione
981 2333 1122 2394 vult
1149 2334 1454 2396 Christus.
1533 2335 1670 2395 Tua
1695 2334 1981 2412 analogia
2006 2334 2083 2394 de
2112 2336 2324 2408 diuite,
2349 2354 2472 2412 qua
2497 2354 2673 2395 more

260 2432 592 2494 Platonico
633 2451 896 2511 pugnas,
939 2431 1083 2492 vide
1129 2451 1210 2492 ne
1257 2433 1325 2493 in
1375 2436 1437 2494 te
1486 2433 1833 2511 retorqueri
1874 2433 2090 2510 possit.
2175 2433 2391 2509 Diues,
2435 2433 2665 2511 inquis,

257 2529 517 2591 nullum
557 2529 699 2591 vult
733 2530 1131 2607 dispendium
1158 2552 1173 2603 ;
1232 2533 1299 2591 et
1330 2535 1543 2591 tamen
1586 2531 1912 2607 amplioris
1948 2529 2107 2592 lucri
2139 2550 2250 2608 spe
2277 2531 2498 2590 damni
2524 2550 2673 2592 non·

255 2628 424 2690 nihil
451 2628 752 2690 admittit.
811 2628 971 2690 Vult
987 2628 1183 2707 igitur
1198 2627 1596 2708 dispendium
1623 2631 1688 2689 et
1715 2628 1885 2689 idem
1915 2648 2043 2689 non
2070 2629 2243 2704 vult5
2284 2633 2349 2690 et
2364 2648 2439 2689 ex
2457 2628 2674 2690 eadem

255 2728 536 2790 habendi
591 2727 932 2806 cupiditate
977 2728 1117 2789 vult
1172 2726 1330 2788 illud
1388 2727 1855 2807 dispendiolum
1905 2747 2027 2806 qua
2080 2748 2212 2789 non
2260 2728 2419 2791 vult.
2531 2729 2674 2790 Imo
2700 2738 2790 2789 ¹95

254 2827 666 2906 dispendium
720 2827 1033 2904 suaipsius
1087 2846 1273 2887 causa
1327 2846 1453 2887 non
1496 2827 1657 2901 vult,
1701 2829 1766 2887 et
1807 2827 1969 2887 lucri
2012 2846 2197 2888 causa
2238 2826 2392 2887 vult.
2508 2824 2674 2900 Quid

254 2926 451 2987 refert
511 2944 634 3004 quo
690 2925 947 2986 nomine
1001 2924 1175 2998 velit,
1235 2924 1390 2985 dum
1445 2924 1600 2985 velit
1615 2927 1649 2985 *ἓ
1730 2924 1934 2986 Multa
1986 2923 2254 2986 diuersis
2315 2923 2675 2985 racionibus

254 3023 572 3086 volumus.
660 3024 976 3101 Equidem
1015 3024 1086 3084 in
1127 3023 1333 3085 Gallia
1373 3042 1505 3084 esse
1546 3023 1742 3093 volo„
1791 3024 1885 3085 Ea
1924 3042 2065 3084 raes
2101 3023 2159 3084 si
2200 3023 2394 3102 digna
2423 3021 2675 3083 videtur

255 3143 374 3185 our
419 3143 524 3183 me
579 3122 968 3200 nauigationi
1021 3123 1432 3197 committam,
1481 3121 1626 3183 volo
1682 3122 1877 3182 eciam
1931 3122 2267 3199 nauigare;
2326 3139 2456 3181 non
2505 3120 2670 3198 quod

256 3221 585 3299 nauigatio
605 3239 716 3298 per
731 3239 799 3282 se
819 3220 1102 3294 delectet,
1124 3220 1234 3282 sed
1265 3220 1624 3281 conditione
1644 3220 1864 3298 placet.
1928 3219 2302 3297 Vigilmus,
2325 3218 2667 3293 studemus,
2701 3233 2796 3270 ²00

257 3319 635 3391 ieiunamus,
658 3337 930 3393 oramus,
954 3318 1182 3379 celibes
1202 3318 1497 3379 viuimus.
1561 3318 1740 3379 Nihil
1756 3318 1984 3378 horum
2001 3321 2254 3396 propter
2270 3338 2337 3378 se
2356 3319 2670 3389 volumus,

253 3416 556 3477 volumus
605 3418 834 3476 tamen.
920 3415 1038 3475 Vir
1084 3415 1289 3477 bonus
1337 3419 1590 3494 rogatus
1638 3436 1795 3476 num
1843 3415 2255 3476 concubinam
2302 3414 2475 3488 velit,
2523 3412 2671 3492 quid

254 3511 715 3592 respondebit?
795 3514 876 3575 Se
918 3512 1113 3574 simul
1154 3516 1216 3574 et
1256 3512 1418 3574 velle
1456 3516 1521 3574 et
1563 3513 1775 3588 nolle;
1844 3513 1991 3589 imo,
2028 3510 2293 3588 Vellem,
2342 3512 2568 3591 inquit,
2619 3511 2674 3572 si

255 3611 519 3685 liceret;
558 3611 857 3690 quoniam
886 3632 1014 3673 non
1042 3611 1207 3686 licet,
1240 3611 1403 3672 nolo.

343 3711 648 3771 Dicamus
666 3710 862 3788 igitur
883 3711 1210 3773 Christum
1232 3730 1308 3771 ex
1336 3711 1580 3772 duobus
1608 3710 1741 3771 illis
1761 3730 1919 3788 quae
1945 3730 2011 3771 se
2039 3709 2288 3771 fuerant
2308 3730 2442 3770 non
2464 3728 2672 3770 rerum
2702 3721 2794 3773 ²05

256 3808 636 3887 cognatione
690 3810 798 3871 sed
849 3812 1081 3871 euentu
1131 3812 1557 3884 consecutura,
1606 3812 1676 3869 vt
1733 3812 1797 3870 et
1851 3811 2200 3869 moreretur
2252 3811 2320 3868 et
2372 3827 2411 3867 a
2464 3806 2676 3867 Iudeis

255 3907 664 3985 occideretur,
710 3909 976 3969 alterum
1028 3907 1318 3982 voluisse,
1360 3912 1515 3986 puta
1565 3909 1748 3980 mori,
1787 3908 2054 3969 alterum
2105 3907 2403 3981 noluisse,
2448 3907 2678 3969 Iudeos

255 4007 385 4069 sibi
425 4026 542 4067 suo
572 4006 741 4066 malo
777 4008 1049 4067 mortem
1084 4006 1336 4068 inferre.
1419 4006 1677 4067 Poterat
1720 4004 1892 4066 enim
1935 4004 2015 4066 ab
2054 4003 2421 4068 hominibus
2463 4009 2677 4067 mente

257 4104 463 4184 captis
502 4104 741 4180 occidi;
793 4107 1036 4182 poterat
1072 4104 1451 4165 occisoribus
1492 4106 1820 4181 peccatum
1861 4103 2121 4165 remitti.
2203 4104 2466 4166 Nullum
2503 4104 2676 4165 enim

256 4209 393 4264 tam
421 4222 618 4281 graue
646 4202 851 4264 scelus
877 4202 1031 4280 quin
1057 4202 1297 4280 ignosci
1325 4202 1546 4280 possit.
2704 4215 2798 4251 ²10

213 4302 220 4309 ’
337 4301 672 4364 Permulta
696 4303 1015 4379 praetereo
1049 4304 1112 4360 et
1141 4300 1395 4378 quidem
1433 4300 1725 4378 prudens.
1816 4301 1956 4360 Hoc
1994 4300 2177 4378 attigi
2214 4301 2401 4360 modo
2437 4303 2507 4360 vt
2544 4299 2678 4378 ipse

256 4405 460 4463 cetera
501 4399 814 4478 expendas
854 4399 1241 4477 diligencius.
1324 4399 1651 4460 Hactenus
1679 4418 1888 4459 meam
1914 4400 2523 4477 argumentationem
2559 4416 2677 4458 nec

251 4497 525 4577 attigisti
553 4496 826 4576 quidem.
891 4497 1051 4558 Eam
1071 4497 1180 4560 vbi
1207 4496 1527 4573 refelleris,
1547 4500 1689 4559 tum
1709 4499 1820 4559 aut
1837 4497 2105 4575 ingenue
2133 4515 2361 4557 manus
2385 4495 2676 4556 dabimus

250 4602 366 4660 aut
394 4599 612 4659 nostra
637 4595 889 4657 fortiter
913 4596 1247 4658 tuebimur.
1334 4595 1607 4657 Pulchre
1633 4599 1708 4657 tu
1735 4594 1990 4674 quidem
2028 4612 2360 4655 monueras
2387 4595 2458 4652 vt
2489 4592 2678 4654 silici·

327 4731 441 4780 18⁶.
479 4726 741 4792 enygma]
764 4726 897 4776 ibid.
927 4727 1051 4789 1283
1069 4741 1113 4777 r.
1560 4726 1667 4791 198.
1705 4723 1908 4787 Gallia]
1935 4723 2010 4773 cf.
2041 4723 2135 4785 Ep.
2168 4724 2274 4771 108.
2308 4737 2400 4772 102
2422 4736 2533 4784 seq.
