3355 5380
611 326 724 384 112
1324 318 1706 381 LETTERS
1760 318 1868 381 or
1922 318 2324 382 ERAsmth
2814 314 3009 399 [1489

603 480 712 560 qui
757 480 835 542 ad
881 479 1143 558 plenum
1183 477 1676 556 comparationes
1715 479 1781 538 et
1827 477 2082 556 ingenia
2121 475 2442 537 imbiberit
2485 478 2850 553 poetarum3
2907 495 3014 537 ex·

603 577 799 656 ceptis
851 578 1116 656 denique
1169 575 1290 654 his,
1343 594 1500 655 quae
1554 574 1626 635 in
1680 574 1978 651 epithetis
2031 574 2303 636 maxime
2355 577 2635 635 constare
2691 572 3004 646 videntur,

603 673 887 752 vestigiis
920 677 1258 753 poetarum,
1290 674 1382 735 ita
1416 676 1662 734 exactos
1700 672 1817 734 sub
1855 673 2132 752 poeticae
2166 670 2456 734 terminis
2486 671 2762 733 concinit
2796 692 3003 747 sonos,

514 793 579 843 30
603 778 673 834 vt
720 772 989 834 alterum
1036 771 1222 833 nobis
1262 771 1566 835 Ouidium
1613 774 1756 832 tum
1804 770 2156 832 carminum
2208 773 2537 833 venustate
2586 773 2728 831 tum
2772 772 3016 833 mentis

602 871 860 932 leuitate
905 874 1311 951 (quamquam
1358 869 1423 931 id
1481 869 1742 931 minime
1796 869 1970 931 laudi
2020 870 2270 948 dedero)
2312 889 2502 948 quam
2555 869 2871 947 aptissime
2918 890 3012 930 re-

603 973 972 1049 praesentet.
1063 969 1222 1049 (Id)
1254 969 1511 1030 demum
1538 969 1670 1029 suis
1697 968 1768 1028 in
1796 966 1951 1029 locis
1976 967 2242 1046 propriis
2268 968 2389 1028 viri
2416 968 2800 1029 carminibus
2825 967 3016 1047 (quae

603 1068 943 1131 admodum
971 1087 1166 1146 pauca
1189 1066 1408 1145 habeo)
1434 1067 1698 1145 probare
1726 1065 1959 1127 licebit.

685 1166 771 1227 Et
797 1167 1095 1244 quoniam
1122 1165 1249 1227 iam
1276 1164 1662 1227 occasionem
1691 1164 1858 1225 nacti
1884 1184 2121 1240 sumus,
2154 1165 2210 1227 si
2236 1164 2379 1244 quis
2414 1164 2534 1226 hoc
2562 1166 2729 1244 quod
2760 1169 3014 1242 poetam

519 1281 579 1331 35
603 1266 803 1327 facere
843 1264 1135 1338 diximus,
1178 1263 1408 1325 fabulis
1445 1263 1738 1325 videlicet
1778 1266 1842 1325 et
1881 1263 2266 1342 metaphoris
2304 1284 2452 1325 vera
2493 1263 2819 1339 occultare,
2855 1265 3021 1325 vitio

606 1364 753 1424 dare
780 1362 1049 1424 voluerit
1087 1362 1149 1421 et
1191 1361 1425 1422 mentis
1465 1361 1732 1438 lenitati,
1763 1361 1977 1423 audiat
2018 1362 2165 1441 quid
2195 1366 2437 1423 veteres
2478 1361 2742 1440 desuper
2781 1363 3019 1423 sentire

607 1461 943 1540 potuerint.
1031 1460 1175 1520 Non
1216 1462 1435 1536 poetae
1473 1459 1695 1535 dicam,
1732 1459 2030 1538 quoniam
2071 1458 2290 1521 nullus
2327 1459 2404 1520 de
2445 1480 2514 1520 se
2555 1461 2672 1521 rite
2709 1461 3016 1533 testatum

606 1559 716 1623 sed
759 1559 949 1638 prisci
987 1557 1502 1637 philosophantes
1538 1561 1603 1618 et
1643 1559 1856 1636 legum
1893 1559 2122 1620 latores
2161 1556 2447 1637 publicae
2481 1558 2776 1619 vtilitatis
2813 1558 3019 1635 gratia

607 1657 852 1721 fabulas
891 1657 1288 1718 inuenerunt.
1374 1656 1641 1718 Causam
1683 1656 1740 1717 si
1780 1656 2042 1735 quaeris,
2080 1656 2212 1717 suis
2253 1655 2370 1716 tibi
2410 1654 2634 1718 Strabo
2676 1654 3021 1716 satisfaciat

518 1780 584 1831 40
609 1756 834 1817 verbis.
898 1744 1261 1831 ‘Quoniam'
1289 1754 1497 1833 inquit
1527 1754 1844 1815 ‘confusae
1864 1754 2264 1815 multitudini
2290 1752 2718 1833 philosophiae
2743 1755 3025 1815 rationes

609 1853 788 1915 reddi
815 1873 944 1913 non
970 1854 1250 1930 possunt,
1272 1873 1386 1913 nec
1407 1851 1486 1912 ad
1508 1852 1828 1930 religionis
1854 1851 2249 1913 sanctitatem
2270 1871 2340 1912 ac
2360 1851 2551 1912 fidem
2573 1852 2749 1914 facile
2769 1852 3013 1924 adduci,

609 1952 948 2013 numinum
963 1951 1190 2012 timore
1213 1970 1369 2028 opus
1394 1950 1516 2010 fuit
1541 1974 1558 2025 ς
1592 1949 1657 2011 id
1689 1952 1901 2011 autem
1923 1970 2052 2011 non
2072 1950 2148 2011 fit
2175 1950 2312 2010 sine
2329 1950 2647 2034 figmentis
2667 1950 3021 2011 fabularum

609 2050 673 2113 et
714 2047 1178 2109 miraculorum.
1266 2047 1505 2108 Idcirco
1544 2048 1808 2124 fulmen,
1853 2047 2084 2126 aegida,
2129 2047 2482 2124 tridentem,
2528 2048 2708 2124 faces,
2747 2048 3020 2127 thyrsos,

611 2146 867 2225 capillos
908 2147 1315 2225 serpentinos,
1354 2145 1604 2208 Cerberi
1643 2146 1912 2207 latratus
1952 2148 2016 2207 et
2057 2167 2235 2207 arma
2270 2146 2532 2207 deorum
2568 2147 2862 2207 vniuersa
2902 2145 3027 2224 pri·

520 2264 585 2314 45
612 2265 860 2307 scorum
897 2244 1210 2323 theologia
1247 2243 1675 2323 praeferebat.’
1757 2244 1897 2306 Hoc
1922 2264 2169 2323 quoque
2196 2264 2348 2306 vsus
2382 2246 2667 2324 exemplo
2693 2243 3022 2323 Virgilius,

612 2346 683 2404 vt
704 2344 969 2404 rusticae
990 2342 1387 2404 multitudini
1409 2341 1805 2421 Pythagorae
1822 2342 2182 2421 opinionem
2199 2363 2276 2404 ex
2296 2343 2477 2421 spina
2497 2343 2733 2406 mortui
2750 2363 3026 2420 anguem

613 2439 880 2501 dicentis
914 2441 1198 2518 generari
1233 2440 1459 2503 fortius
1495 2440 1901 2520 imprimeret,
1933 2461 2010 2501 ex
2037 2441 2357 2503 Anchisae
2384 2442 2632 2503 tumulo
2667 2444 3026 2520 serpentem

614 2539 887 2600 concinit
913 2538 1233 2616 prodiisse.

698 2634 822 2697 Sed
877 2634 1030 2698 haec
1084 2635 1401 2698 hactenus·
1504 2635 1639 2697 Tua
1696 2636 1990 2712 carmina,
2043 2635 2101 2698 si
2162 2637 2382 2699 rescire
2436 2638 2549 2713 vis,
2605 2636 2815 2699 omnia
2863 2635 3028 2698 mihi

527 2757 591 2807 50
615 2735 859 2812 stupori
906 2755 1039 2796 esse
1088 2754 1466 2814 recognosce,
1521 2734 1611 2796 ita
1657 2738 1729 2796 vt
1778 2735 1905 2796 iam
1955 2755 2203 2796 mecum
2251 2735 2634 2798 decreuerim
2682 2756 2821 2797 mea
2869 2736 3033 2796 vilia

616 2833 985 2895 Deucalioni
1011 2854 1380 2911 consecrare,
1415 2833 1539 2895 nisi
1571 2854 1674 2894 me
1703 2833 1832 2895 tuis
1863 2833 2398 2895 adhortationibus
2425 2834 2554 2895 iam
2581 2834 2780 2895 nimio
2809 2835 3033 2895 carmi·

618 2951 774 2993 num
802 2934 1058 2994 tuorum
1086 2931 1412 3010 splendore
1440 2931 1905 2993 reuerberatum
1934 2932 2247 2994 studueris
2276 2935 2566 2995 releuare.
2653 2933 2826 2994 Vale.

1247 3162 1407 3226 2⁴26.
1497 3160 1593 3226 To
1638 3160 2040 3230 Consanus
2084 3164 2398 3231 GERARD.

689 3247 938 3318 Farrago
962 3265 1018 3317 p.
1052 3260 1166 3317 175.
2612 3251 2882 3325 (δίψη.)

693 3333 751 3388 F.
775 3351 832 3404 p.
859 3348 993 3404 315:
1035 3332 1171 3389 HN:
1213 3335 1389 3392 Lond.
1415 3334 1509 3389 vii.
1536 3350 1599 3405 3:
1639 3335 1748 3391 LB.
1779 3350 1829 3392 2.
2528 3337 2700 3410 (July
2730 3342 2869 3409 1489
2883 3338 2954 3411 2»

967 3467 1280 3516 ERASMVS
1326 3469 1671 3518 CORNELIO
1716 3471 1841 3519 SVO
1884 3473 1936 3523 S.
1983 3471 2048 3520 D.
2127 3473 2435 3522 scmrsrr
2478 3475 2678 3524 PVER.

703 3587 972 3648 anvu
1015 3589 1326 3663 omnium,
1359 3589 1450 3650 mi
1488 3589 1759 3667 Corneli,
1795 3591 1915 3652 tibi
1958 3592 2152 3653 etiam
2194 3597 2380 3672 amus
2420 3594 2612 3655 etiam
2655 3596 3033 3673 persuadeas

621 3683 814 3747 velim
852 3705 954 3745 me
994 3685 1209 3747 animo
1249 3706 1383 3748 esse
1418 3687 1488 3747 in
1516 3693 1580 3748 te
1616 3689 2041 3766 integerrimo,
2075 3711 2197 3768 quo
2227 3693 2291 3750 te
2327 3691 2547 3752 itidem
2589 3712 2734 3770 erga
2762 3712 2864 3753 me
2892 3714 3035 3755 esse

622 3802 755 3844 non
798 3784 988 3844 modo
1043 3785 1304 3862 confido,
1352 3786 1462 3846 sed
1506 3787 1632 3848 iam
1677 3786 2032 3848 innumeris
2079 3790 2469 3866 argumentis
2511 3790 2709 3852 habeo
2754 3791 3035 3870 explora-

622 3881 975 3944 tissimum:
1016 3886 1088 3945 vt
1117 3902 1319 3962 neque
1348 3884 1405 3945 si
1432 3884 1582 3963 quid
1613 3884 1910 3947 blandius
1948 3886 2187 3947 dictum
2224 3888 2460 3948 nostris
2497 3889 2567 3948 in
2605 3889 2807 3949 literis
2844 3890 3036 3950 offen-

571 3998 600 4049 5
625 3978 808 4055 deris,
850 3981 917 4040 id
953 3981 1348 4043 Gnathonico
1390 3984 1602 4062 potius
1636 3983 1834 4060 lepori
1870 4003 2062 4063 quam
2097 4005 2241 4046 vero
2277 3986 2475 4047 amori
2509 3986 2788 4062 tribuas;
2831 4008 3037 4066 neque

625 4077 681 4138 si
721 4078 867 4157 quid
910 4098 1024 4158 pro
1064 4100 1203 4141 mea
1243 4081 1479 4142 tuenda
1517 4081 1833 4143 sententia
1870 4085 1978 4142 aut
2022 4103 2266 4162 quaqua
2304 4085 2545 4145 ratione
2587 4085 2846 4147 liberius
2888 4088 3034 4147 scri-

682 4239 762 4289 25.
786 4253 846 4300 31
876 4238 1102 4289 lenitate
1123 4243 1222 4289 LB.
1358 4241 1440 4304 46.
1477 4244 1537 4291 vt
1559 4247 1763 4291 con-exi:
1800 4246 1855 4292 et
1877 4247 1976 4294 LB.
2109 4245 2193 4295 26.
2226 4258 2325 4295 m.
2350 4258 2582 4294 scnmsrr
2615 4260 2753 4294 rvtn
2775 4250 2888 4296 add.
2916 4251 2972 4296 F.

694 4427 776 4474 39.
812 4411 1025 4477 Strabo]
1078 4412 1212 4461 This
1261 4428 1435 4462 seems
1485 4419 1542 4463 to
1590 4414 1656 4463 be
1707 4430 1778 4465 an
1883 4417 1998 4466 find
2029 4432 2140 4480 any
2162 4418 2321 4468 other
2343 4420 2557 4469 version
2590 4420 2713 4470 that
2745 4420 3036 4472 Cornelius

629 4476 942 4540 adaptation
996 4477 1057 4527 of
1100 4479 1388 4528 Guarino's
1432 4480 1775 4543 translation,
1880 4483 2040 4531 could
2054 4482 2193 4532 have
2211 4484 2360 4534 used.
2419 4485 2476 4534 It
2490 4486 2540 4534 is
2553 4487 2890 4548 improbable
2908 4488 3038 4538 that

631 4544 838 4607 Strabo,
874 4545 912 4594 i.
947 4558 994 4592 ο.
1036 4544 1068 4591 8
1103 4543 1274 4607 (Edit.
1315 4544 1464 4594 Prin.
1508 4547 1649 4607 1469,
1695 4562 1777 4595 re·
1878 4548 1949 4596 he
1972 4549 2276 4598 translated
2307 4552 2401 4598 the
2425 4551 2601 4600 Greek
2626 4551 2708 4600 for
2730 4552 2972 4604 himself.

632 4609 852 4670 printed
871 4624 1011 4672 1472,
1036 4609 1178 4673 1480,
1195 4609 1306 4659 and
1325 4612 1496 4672 1494).
1533 4611 1562 4660 1
1578 4615 1779 4661 cannot
1943 4628 2025 4676 45.
2062 4614 2348 4680 Virgilius]
2374 4620 2499 4666 Aen.
2524 4630 2573 4679 5.
2597 4617 2662 4678 84
2687 4632 2798 4678 seq.
