3355 5380
237 319 419 405 1514]
886 321 995 381 'ro
1049 320 1406 383 ANToNY
1462 320 1570 382 OF
1624 321 1977 384 BERGEN
2514 328 2635 385 553

225 481 574 561 plerunque
630 477 742 539 flet
792 478 987 539 etiam
1040 476 1150 555 qui
1202 477 1372 538 vicit.
1457 478 1738 539 Tantum
1791 478 2105 540 malorum
2151 498 2375 558 agmen
2422 499 2638 545 secum

228 578 425 641 trahit
451 582 524 638 vt
552 597 680 638 non
708 577 843 639 sine
870 595 1057 637 causa
1083 580 1301 654 poetae
1328 576 1626 638 finxerint
1647 578 1888 639 bellum
1917 577 1997 639 ab
2030 578 2250 641 inferis
2276 598 2389 656 per
2417 578 2639 639 Furias

229 676 540 751 immitti;
582 695 663 737 ne
702 676 831 736 iam
873 693 1362 736 commemorem
1404 674 1855 752 expilationem
1893 675 2126 754 populi,
2171 676 2406 737 ducum
2454 677 2639 741 collu-
2664 693 2725 744 55

232 776 491 850 sionem,
538 793 755 835 rerum
792 773 1332 848 commutationes,
1363 792 1522 852 quae
1564 793 1893 852 nunquam
1936 774 2075 835 sine
2114 795 2368 838 summo
2407 776 2640 837 incom-

231 873 422 934 modo
450 872 672 933 nouari
698 872 921 935 solent.
1010 871 1188 947 Quod
1215 871 1273 933 si
1301 869 1532 950 gloriae
1559 871 1868 950 cupiditas
1906 892 2023 934 nos
2049 873 2247 935 trahit
2271 874 2349 935 ad
2378 874 2636 952 bellum,

233 991 361 1032 non
395 973 491 1032 est
529 970 728 1050 gloria
762 991 920 1049 quae
959 970 1299 1042 affectatur,
1330 971 1700 1048 praesertim
1741 990 1820 1031 ex
1861 971 2224 1033 malefactis.
2311 971 2396 1033 Et
2436 972 2641 1034 multo

233 1069 567 1149 gloriosius
606 1072 701 1130 est
736 1070 1022 1130 ciuitates
1047 1069 1315 1131 condere
1340 1088 1530 1146 quam
1558 1071 1855 1143 euertere,
1879 1069 2089 1148 siquid
2116 1069 2274 1131 libet
2298 1070 2642 1147 gloriosum

234 1168 575 1246 designare.
662 1166 848 1228 Nunc
889 1165 1069 1245 plebs
1100 1165 1335 1227 extruit
1368 1169 1434 1227 et
1475 1167 1703 1229 excolit
1744 1168 1945 1243 vrbes,
1973 1167 2246 1230 stultitia
2285 1168 2643 1248 principum
2667 1172 2734 1223 60

234 1265 479 1328 euertit.
565 1265 678 1327 Sin
706 1265 880 1326 lucro
909 1264 1217 1339 ducimur,
1251 1263 1503 1326 nullum
1530 1263 1772 1327 bellum
1810 1262 1943 1326 tam
1971 1265 2237 1327 feliciter
2273 1266 2461 1328 cessit
2487 1266 2642 1345 quin

233 1363 379 1442 plus
405 1363 689 1424 attulerit
715 1363 873 1425 mali
899 1383 1091 1441 quam
1124 1362 1294 1426 boni.
1353 1363 1441 1424 Et
1467 1382 1656 1425 nemo
1686 1364 1850 1425 bello
1878 1367 2062 1426 nocet
2086 1364 2259 1425 hosti
2286 1365 2441 1443 quin
2468 1365 2643 1444 prius

234 1460 459 1525 multis
484 1462 673 1523 malis
698 1462 926 1523 afficiat
950 1481 1113 1523 suos.
1198 1462 1546 1537 Postremo,
1577 1482 1724 1523 cum
1750 1462 2080 1524 videamus
2109 1482 2211 1525 res
2236 1464 2549 1526 humanas
2575 1464 2645 1525 in

233 1580 476 1623 morem
530 1560 752 1639 Euripi
806 1580 1060 1621 sursum
1114 1579 1184 1621 ac
1242 1560 1536 1622 deorsum
1592 1561 1831 1622 mutari
1883 1560 2280 1640 miscerique,
2341 1582 2644 1641 quorsum

234 1660 463 1721 attinet
489 1663 667 1720 tanto
693 1677 907 1721 rerum
936 1659 1265 1721 molimine
1280 1679 1496 1738 parare
1513 1659 1854 1738 imperium
1869 1680 2020 1721 mox
2036 1661 2314 1740 qualibet
2331 1664 2645 1724 occasione
2670 1665 2734 1730 65

232 1759 312 1820 ad
352 1758 510 1820 alios
550 1758 1017 1820 deuoluendum
1038 1761 1071 1820 ⁶?
1154 1759 1403 1835 Quanto
1442 1759 1748 1837 sanguine
1788 1760 2077 1837 paratum
2118 1763 2216 1821 est
2242 1761 2647 1824 Rhomanum

235 1856 589 1933 imperium,
620 1859 685 1919 et
714 1876 904 1936 quam
932 1878 1082 1919 mox
1111 1857 1316 1935 coepit
1343 1858 1668 1919 concidere
1691 1860 1707 1919 1

318 1956 439 2017 Sed
468 1956 656 2030 dices,
672 1956 775 2017 ius
799 1954 1159 2035 principum
1184 1955 1634 2017 vindicandum
1660 1958 1776 2017 est.
1837 1957 1982 2018 Non
2007 1959 2105 2017 est
2141 1977 2356 2019 meum
2383 1957 2462 2018 de
2486 1959 2650 2037 prin·

236 2054 452 2133 cipum
504 2054 689 2117 factis
743 2058 979 2115 temere
1035 2054 1224 2132 loqui.
1311 2053 1452 2116 Hoc
1505 2074 1708 2115 vnum
1756 2054 1901 2129 scio,
1947 2074 2132 2134 saepe
2180 2073 2510 2119 summum
2548 2057 2650 2120 ius

236 2172 555 2216 summam
582 2172 714 2215 esse
740 2152 1054 2227 iniuriam,
1081 2156 1144 2214 et
1172 2152 1515 2215 nonnullos
1542 2172 1679 2214 esse
1704 2152 2022 2231 principes
2049 2152 2160 2232 qui
2176 2153 2455 2232 primum
2483 2157 2648 2234 quod
2677 2170 2741 2224 70

237 2252 440 2313 velint
481 2255 777 2329 statuant,
808 2251 1037 2313 deinde
1073 2251 1337 2313 titulum
1376 2251 1652 2330 aliquem
1693 2255 1996 2330 quaerant
2039 2272 2168 2330 quo
2207 2253 2444 2315 factum
2484 2274 2652 2332 prae-

236 2353 455 2412 texant
481 2370 686 2414 suum.
774 2351 859 2412 Et
886 2352 957 2412 in
990 2350 1189 2412 tantis
1228 2369 1442 2411 rerum
1472 2351 1895 2412 humanarum
1933 2351 2550 2428 commutationibus,
2580 2354 2651 2414 in

239 2452 372 2509 tam
415 2448 639 2511 multis
681 2449 882 2528 pactis
925 2452 989 2509 et
1032 2447 1259 2509 solutis
1302 2447 1671 2525 foederibus,
1723 2449 1841 2524 cui,
1889 2469 2132 2527 quaeso,
2166 2448 2397 2511 titulus
2438 2449 2652 2512 deesse

237 2547 437 2625 possit
453 2549 487 2609 ⁶?
591 2548 768 2623 Quod
813 2548 869 2611 si
913 2547 1192 2608 maxima
1235 2548 1321 2608 sit
1367 2546 1690 2609 altercatio
1730 2549 1911 2608 cuius
1949 2549 2035 2609 sit
2074 2547 2252 2622 ditio,
2298 2547 2452 2626 quid
2495 2568 2653 2626 opus

239 2648 420 2708 tanto
461 2646 818 2724 sanguine?
901 2646 1046 2708 Non
1086 2646 1259 2708 enim
1300 2646 1509 2726 agitur
1552 2646 1631 2707 de
1677 2646 1879 2708 salute
1922 2646 2158 2725 populi,
2204 2646 2311 2707 sed
2356 2646 2526 2707 hunc
2569 2665 2649 2708 an
2680 2660 2742 2716 75

239 2744 429 2805 illum
472 2744 692 2805 debeat
740 2745 1055 2824 appellare
1099 2745 1464 2824 principem.
1553 2747 1721 2808 Sunt
1769 2745 2115 2822 pontifices,
2166 2748 2317 2806 sunt
2359 2746 2645 2824 episcopi,

243 2846 396 2904 sunt
421 2842 760 2921 prudentes
785 2847 850 2905 et
872 2844 1108 2922 integri
1133 2844 1272 2919 viri,
1308 2863 1422 2922 per
1446 2864 1603 2922 quos
1640 2843 2002 2905 istiusmodi
2039 2843 2358 2921 negociola
2382 2843 2652 2922 transigi
2774 2885 2775 2888 κ

242 2941 505 3019 possint,
537 2944 608 3002 vt
637 2961 765 3002 non
792 2941 1032 3004 bellum
1060 2962 1140 3003 ex
1164 2942 1332 3004 bello
1359 2962 1530 3004 seras
1557 2946 1622 3004 et
1649 2942 1868 3003 diuina
1895 2942 2126 3019 pariter
2162 2944 2349 3019 atque
2377 2942 2654 3002 humana

242 3039 668 3101 commisceas.
724 3039 865 3101 Hoc
891 3044 986 3102 est
1012 3040 1340 3120 proprium
1368 3040 1687 3101 Rhomani
1706 3040 2056 3114 Pontificis,
2077 3038 2195 3100 hoc
2217 3038 2647 3115 cardinalium,

243 3138 360 3199 hoc
413 3138 858 3216 episcoporum,
905 3139 1024 3199 hoc
1080 3139 1379 3200 abbatum
1428 3158 1677 3212 munus,
1736 3138 2236 3200 Christianorum
2292 3138 2649 3217 principum
2676 3146 2744 3196 80

243 3234 505 3298 dissidia
543 3255 912 3314 componere
938 3262 953 3311 3
997 3237 1098 3298 hic
1135 3237 1541 3299 autoritatem
1568 3255 1751 3298 suam
1779 3236 2055 3314 proferre
2088 3240 2152 3298 et
2184 3240 2495 3314 quantum
2536 3256 2649 3316 pro

243 3353 357 3396 sua
409 3335 763 3396 reuerentia
816 3336 1072 3396 valeant
1125 3336 1465 3397 ostendere.
1566 3334 1791 3410 Iulius,
1841 3338 2009 3397 certe
2051 3354 2181 3395 non
2218 3323 2308 3395 ab
2352 3335 2650 3397 omnibus

243 3433 540 3495 laudatus
570 3434 882 3510 Pontifex,
914 3434 1123 3513 potuit
1150 3434 1313 3496 hanc
1341 3434 1657 3495 bellorum
1686 3436 2124 3511 tempestatem
2152 3433 2418 3494 excitare
2444 3453 2461 3508 ;
2503 3433 2647 3509 Leo,

243 3533 343 3593 vir
386 3532 609 3594 doctus
651 3534 897 3610 integer
933 3552 1005 3595 ac
1049 3532 1211 3611 pius,
1259 3533 1475 3593 sedare
1520 3551 1651 3593 non
1696 3532 1982 3610 poterit?
2064 3530 2461 3607 Suscipiendi
2503 3530 2654 3592 belli

246 3634 603 3708 praetextus
636 3635 769 3693 erat
797 3631 1004 3693 Iulius
1041 3630 1440 3709 periclitans3
1483 3631 1730 3692 sublata
1765 3633 1860 3691 est
1893 3650 2076 3692 causa
2103 3629 2254 3690 belli
2291 3649 2405 3690 nec
2442 3631 2656 3691 tamen
2682 3639 2744 3703 85

246 3731 447 3791 cessat
473 3728 728 3791 bellum.

326 3828 434 3889 Ad
478 3828 630 3889 haec
676 3828 1041 3889 meminisse
1090 3828 1389 3889 debemus
1444 3829 1740 3890 homines
1796 3847 1932 3889 esse
1988 3827 2238 3903 liberos,
2288 3827 2658 3907 praesertim

243 3925 672 4001 Christianos;
716 3927 825 4004 qui
851 3930 1257 4005 posteaquam
1286 3925 1394 3987 diu
1421 3926 1770 3988 floruerunt
1797 3926 1916 3987 sub
1946 3925 2154 4005 aliquo
2186 3927 2467 4005 principe
2493 3947 2661 3987 eum·

244 4045 367 4104 que
395 4025 523 4086 iam
547 4028 916 4103 agnoscunt,
941 4025 1090 4102 quid
1118 4045 1274 4103 opus
1301 4026 1399 4086 est
1425 4024 1738 4086 nouandis
1764 4025 1950 4087 rebus
1975 4025 2191 4087 orbem
2220 4045 2611 4087 commouere
2627 4027 2660 4086 Ῥ

248 4124 613 4203 Principem
669 4123 1008 4184 diuturnus
1063 4142 1405 4185 consensus
1454 4124 1604 4185 facit
1651 4124 1844 4186 etiam
1893 4125 2059 4203 apud
2107 4125 2407 4201 ethnicos,
2453 4123 2659 4184 multo
2685 4145 2753 4196 90

248 4222 451 4299 magis
480 4222 645 4300 apud
674 4222 1089 4298 ChristianoS,
1112 4221 1277 4301 apud
1307 4243 1463 4300 quos
1489 4222 1879 4301 principatus
1905 4221 2373 4285 administratio
2393 4224 2504 4297 est,
2530 4240 2660 4281 non

249 4319 643 4395 dominium3
683 4325 755 4382 vt
796 4323 897 4384 cui
938 4340 1083 4400 pars
1123 4320 1333 4399 aliqua
1372 4320 1633 4383 ditionis
1673 4322 1759 4383 sit
1800 4322 2112 4401 adempta,
2146 4321 2203 4382 is
2245 4319 2450 4381 oneris
2489 4322 2660 4397 parte

249 4418 514 4493 leuatus,
548 4438 680 4481 non
707 4420 929 4497 laesus,
958 4440 1092 4482 esse
1119 4418 1418 4482 videatur.
1481 4421 1572 4481 At
1600 4441 1730 4482 non
1759 4420 2059 4496 concedit,
2094 4419 2324 4498 inquis,
2356 4418 2663 4479 bonorum

179 4573 185 4579 .
248 4516 536 4578 virorum
577 4518 834 4580 arbitrio
875 4539 1020 4598 pars
1053 4519 1288 4595 altera3
1328 4519 1481 4598 quid
1519 4519 1620 4579 hic
1660 4538 1764 4579 me
1796 4520 1895 4579 vis
1930 4519 2131 4578 facere
2148 4520 2181 4579 Ῥ
2262 4515 2572 4588 Primum,
2607 4514 2664 4575 si

250 4635 399 4677 vere
427 4615 821 4679 Christianus
847 4638 931 4693 es,
965 4618 1126 4679 ferre
1152 4620 1216 4679 te
1249 4618 1444 4680 velim
1482 4620 1545 4679 et
1581 4617 1895 4696 quiescere
1932 4621 1994 4678 et
2030 4619 2217 4681 tuum
2259 4614 2422 4677 illud
2463 4613 2666 4693 quale·
2691 4628 2755 4682 95

355 4730 516 4763 anm
1410 4736 1448 4777 0
1478 4736 1516 4776 0
