3355 5380
304 371 494 458 1⁴99]
1051 376 1161 440 'ro
1201 378 1426 440 nom)
1469 376 1933 440 MOUNTJOY
2589 383 2708 439 225

298 538 504 607 nemo,
549 534 830 613 sequitur
876 553 1077 609 nemo,
1124 535 1278 596 adeo
1320 555 1452 596 non
1496 535 1701 597 solum
1750 555 1933 596 saeua
1972 536 2081 597 sed
2124 537 2312 596 etiam
2356 539 2712 597 monstrosa
2737 562 2797 612 35

294 634 434 692 erat
459 635 818 711 tempestas.
891 633 1127 709 Quarto
1145 633 1255 694 vix
1275 635 1531 694 demum
1551 633 1652 693 die
1679 633 1875 695 solem
1904 633 2274 712 aspeximus.
2346 633 2488 695 Hoc
2511 654 2713 696 vnum

296 749 379 790 ex
400 730 594 792 tantis
622 730 808 791 malis
836 731 1150 793 commodi
1174 731 1616 810 excerpsimus,
1651 732 1819 810 quod
1846 732 2165 793 latronum
2188 733 2478 795 incursus
2505 733 2714 793 timui·

300 847 447 888 mus
472 826 727 890 minus:
770 829 1105 891 timuimus
1131 833 1361 906 tamen,
1392 835 1463 893 vt
1490 831 1779 892 homines
1804 830 2171 908 pecuniosos
2197 832 2473 894 decebat.

385 924 604 987 Habes
628 925 750 987 iter
774 948 1007 1005 meum,
1031 928 1389 990 adolescens
1414 928 1891 1008 generosissime
1918 928 2212 1007 idemque
2230 929 2676 991 candidissime
2698 953 2714 1006 ;

298 1023 469 1100 quod
507 1027 580 1084 vt
612 1023 1027 1086 durissimum
1062 1026 1203 1102 fuit,
1235 1028 1326 1088 ita
1361 1026 1604 1104 reliqua
1643 1028 1818 1087 fuere
1849 1027 2320 1090 secundissima.
2394 1027 2548 1089 Viui
2584 1049 2714 1106 per·
2740 1056 2804 1104 40

303 1121 602 1182 uenimus
640 1122 720 1183 ad
758 1115 1017 1185 Annam
1055 1125 1404 1201 principem
1446 1124 1804 1187 Verianam.
1899 1124 2062 1200 Quid
2103 1145 2217 1202 ego
2255 1125 2376 1187 tibi
2409 1127 2486 1187 de
2522 1125 2714 1188 huius

305 1218 591 1281 mulieris
618 1220 931 1299 comitate,
953 1222 1356 1301 benignitate,
1380 1222 1758 1284 liberalitate
1777 1243 2122 1284 memorem
2138 1226 2172 1285 ‘?
2225 1225 2368 1285 Scio
2387 1226 2713 1287 rhetorum

304 1317 824 1394 amplificationes
843 1324 1164 1398 suspectas
1185 1320 1402 1382 haberi
1422 1321 1639 1396 solere,
1667 1322 2032 1399 praesertim
2060 1321 2140 1382 iis
2160 1323 2275 1400 qui
2303 1323 2438 1385 eius
2466 1325 2716 1386 artificii

302 1416 493 1476 rudes
512 1435 639 1476 non
660 1416 807 1478 sint.
880 1416 974 1479 At
999 1418 1102 1478 hic
1121 1438 1225 1479 me
1254 1419 1416 1480 nihil
1442 1420 1727 1495 alleuare‚
1752 1419 1883 1481 imo
1910 1439 1979 1480 re
2005 1420 2173 1481 vinci
2201 1424 2400 1481 artem
2430 1426 2714 1484 nostram

302 1513 466 1574 mihi
520 1515 737 1576 credas
789 1515 1002 1577 velim.
1115 1516 1296 1577 Nihil
1349 1536 1630 1596 vnquam
1683 1517 1981 1596 produxit
2039 1537 2251 1578 rerum
2317 1523 2543 1581 natura
2603 1524 2714 1582 aut
2740 1549 2801 1598 45

301 1613 644 1690 pudentius
707 1617 816 1675 aut
869 1615 1240 1693 prudentius
1298 1618 1408 1677 aut
1468 1616 1794 1677 candidius
1847 1619 1957 1677 aut
2011 1616 2364 1695 benignius.
2473 1618 2558 1678 Et
2614 1619 2715 1679 vis

300 1711 498 1772 verbo
534 1732 672 1772 rem
708 1715 1132 1792 complectar?
1211 1714 1372 1775 Tam
1407 1714 1518 1775 illa
1554 1717 1802 1792 praeter
1837 1714 2139 1776 meritum
2172 1720 2462 1777 nostrum
2494 1716 2563 1776 in
2599 1734 2718 1778 nos

302 1809 584 1871 benefica
621 1811 762 1888 fuit,
795 1832 985 1890 quam
1026 1832 1214 1874 senex
1254 1813 1362 1874 ille
1402 1816 1620 1874 contra
1659 1814 1883 1873 merita
1922 1812 2261 1875 maleficus.
2349 1813 2571 1875 Tantis
2605 1813 2718 1875 illa

303 1927 409 1968 me
464 1910 681 1971 officiis
735 1911 1085 1972 cumulauit
1139 1911 1335 1972 nullis
1381 1932 1419 1973 a
1467 1931 1570 1972 me
1625 1912 1856 1972 studiis
1910 1916 2260 1989 prouocata,
2309 1913 2561 1990 quantis
2609 1912 2716 1972 ille

304 2008 709 2069 contumeliis
736 2009 1019 2070 onerauit
1047 2010 1316 2071 summis
1342 2011 1601 2071 affectus
1629 2010 1967 2071 benefieiis.
2058 2010 2223 2085 Quid
2253 2010 2328 2070 de
2357 2031 2497 2070 meo
2527 2009 2715 2071 Batto
2742 2041 2805 2088 50

306 2107 600 2182 iactitem‚
616 2108 796 2170 cuius
810 2113 1056 2187 pectore
1070 2108 1235 2169 nihil
1251 2108 1471 2170 habuit
1486 2109 1589 2168 hic
1607 2108 1776 2169 orbis
1795 2108 2160 2185 simplicius,
2182 2108 2348 2168 nihil
2363 2107 2718 2168 amantius?

306 2205 495 2266 Nunc
529 2205 787 2267 demum
823 2208 977 2270 istos
1012 2207 1290 2286 ingratos
1331 2207 1535 2269 odisse
1572 2207 1761 2285 coepi.
1848 2206 2031 2267 Mene
2067 2207 2209 2268 istis
2245 2206 2545 2267 monstris
2580 2210 2715 2266 tam

305 2304 416 2364 diu
458 2304 845 2367 inseruisse?
925 2306 980 2367 O
1021 2308 1085 2366 te
1127 2305 1290 2366 mihi
1328 2326 1467 2368 sero
1507 2305 1846 2384 cognitum,
1879 2324 1916 2365 a
1952 2325 2076 2383 quo
2113 2305 2287 2381 prius
2324 2324 2425 2364 me
2461 2304 2717 2363 fortuna

302 2402 600 2463 distraxit
627 2424 817 2481 quam
844 2405 1239 2466 necessitudo
1267 2405 1712 2464 coniunxerat!

391 2500 563 2561 Haec
581 2502 926 2562 scribebam
943 2502 1013 2563 in
1028 2502 1713 2580 patriamconcessurus
1728 2523 1743 2576 ;
1761 2502 1987 2563 deinde
2004 2502 2194 2562 isthic
2212 2502 2511 2561 continuo
2529 2502 2714 2562 adero
2743 2532 2768 2579 5
2775 2531 2802 2580 5

301 2600 494 2676 atque
519 2600 875 2661 adamatam
903 2601 1223 2662 Lutetiam
1249 2605 1526 2678 repetam
1554 2605 1620 2661 et
1647 2601 1764 2662 has
1801 2601 1967 2678 ipsas
2001 2600 2215 2661 literas
2252 2600 2511 2660 fortasse
2550 2619 2717 2678 prae·

304 2718 576 2762 curram.
638 2700 967 2760 Caeterum
994 2700 1072 2760 de
1092 2703 1312 2762 nostro
1333 2700 1623 2761 conuictu
1645 2700 1810 2761 nihil
1831 2700 1983 2761 certi
2006 2699 2271 2760 scribere
2291 2698 2463 2773 licet;
2505 2703 2716 2759 tamen

307 2796 647 2858 consilium
689 2818 765 2857 ex
802 2801 1082 2876 tempore
1119 2799 1413 2878 capietur.
1502 2799 1640 2859 Hoc
1668 2820 1870 2860 vnum
1899 2799 2019 2859 tibi
2045 2798 2361 2875 persuade,
2396 2796 2716 2857 neminem

300 2894 520 2956 viuere
552 2895 662 2974 qui
687 2898 752 2955 te
777 2896 978 2974 magis
1003 2916 1081 2956 ex
1101 2897 1313 2958 animo
1339 2899 1508 2958 amet
1536 2917 1728 2975 quam
1754 2899 1902 2958 tuus
1922 2897 2239 2958 Erasmus.
2314 2896 2544 2957 Battus
2570 2915 2716 2974 quo·

308 3015 431 3071 que
468 3015 666 3070 meus,
702 2998 986 3057 omnium
1022 2999 1088 3057 et
1128 3017 1418 3057 amorum
1460 2999 1523 3056 et
1563 2997 1851 3057 odiorum
1892 3016 2180 3057 meorum
2221 2995 2443 3072 socius,
2475 2997 2538 3056 te
2578 2996 2715 3073 pari
2740 3009 2806 3059 60

308 3092 617 3153 charitate
641 3094 1057 3172 prosequitur.
1145 3094 1330 3169 Cura,
1359 3095 1450 3153 mi
1480 3094 1861 3171 Guilhelme,
1894 3097 1967 3156 vt
1994 3114 2186 3172 quam
2214 3093 2446 3171 optime
2486 3093 2711 3155 valeas.

389 3191 488 3251 Ex
572 3210 710 3251 arce
791 3192 1242 3253 Tornenhensi.
1398 3192 1598 3269 pridie
1681 3213 1880 3253 nonas
1961 3192 2340 3253 Februarias.
2503 3188 2718 3272 [Anno

306 3284 784 3370 11.occe.xcvn.]

948 3494 1053 3556 89.
1145 3490 1242 3555 To
1287 3491 1618 3555 Rmnassn
1664 3488 2080 3554 erroan.

380 3576 628 3646 Farrago
653 3593 709 3645 p.
737 3590 821 3643 72.
2179 3575 2552 3631 Toumehem.

381 3664 441 3719 F.
469 3683 527 3734 p.
555 3665 690 3733 236:
728 3663 835 3718 HN
851 3685 866 3721 ε
902 3663 1078 3722 Lond.
1105 3665 1176 3721 iv.
1209 3667 1301 3722 16:
1341 3664 1449 3720 LB.
1476 3681 1527 3736 9.
2040 3661 2109 3735 (4
2133 3662 2424 3733 February
2453 3659 2644 3734 1499.)

1036 3789 1484 3854 [Contemporary
1506 3788 1643 3837 with
1668 3787 1799 3850 Epp.
1825 3787 1976 3848 87-8.

378 3852 619 3903 Richard
632 3852 914 3904 Whitsord
934 3854 998 3917 (c.
1018 3855 1332 3919 1470-1542)
1352 3855 1568 3903 became
1586 3853 1788 3902 Fellow
1806 3853 1865 3901 of
1881 3850 2109 3914 Queens'
2127 3851 2358 3914 college,
2377 3849 2714 3912 Cambridge,

308 3933 359 3969 c.
399 3933 545 3981 1495.
627 3918 732 3967 For
765 3919 855 3968 his
888 3933 1041 3983 grace
1076 3922 1131 3969 to
1164 3934 1493 3982 accompany
1526 3917 1813 3981 Mountjoy
1846 3917 2046 3968 abroad
2079 3932 2168 3966 see
2200 3917 2297 3979 Ep.
2336 3932 2415 3978 79.
2484 3916 2571 3965 He
2606 3931 2717 3965 was

306 3986 559 4035 received
592 3988 653 4034 at
683 3985 838 4036 Paris
869 4000 931 4035 as
960 3985 1091 4034 B-A.
1127 4000 1197 4034 on
1230 3985 1321 4033 his
1352 3984 1670 4047 Cambridge
1704 3984 1913 4046 degree,
1953 3985 2097 4045 1498,
2140 3983 2305 4046 being
2339 3980 2619 4032 described
2656 3997 2717 4030 as

312 4054 328 4079 ⁶
344 4051 489 4100 dioc.
509 4051 835 4100 Assauensis
849 4051 897 4111 ’ς
931 4050 1072 4101 uA.
1101 4066 1241 4113 1499.
1306 4050 1396 4099 He
1418 4050 1680 4099 returned
1705 4053 1760 4098 to
1782 4049 2054 4113 England,
2073 4049 2334 4113 probably
2349 4047 2488 4096 with
2503 4048 2715 4097 Mount·

300 4116 423 4178 joy,
438 4116 549 4165 and
572 4116 711 4165 later
727 4117 944 4165 became
962 4116 1216 4180 chaplain
1237 4119 1292 4165 to
1307 4115 1464 4178 Foxe,
1482 4116 1582 4178 Bp.
1598 4117 1658 4165 of
1674 4115 2031 4164 winchester.
2070 4114 2144 4163 'ro
2164 4114 2312 4163 More
2332 4114 2442 4162 and
2461 4113 2718 4162 Erasmus

305 4182 385 4230 he
406 4196 521 4230 was
543 4197 578 4232 a
598 4187 615 4211 ⁸
629 4181 873 4231 familiar
890 4181 1078 4231 tx-iend
1092 4182 1138 4240 ';
1172 4182 1282 4231 and
1316 4183 1376 4229 in
1416 4185 1543 4243 1506
1571 4183 1667 4231 the
1697 4181 1866 4231 latter
1892 4180 2179 4230 dedicated
2203 4195 2237 4228 a
2260 4180 2636 4229 Declamation
2659 4181 2716 4227 to

305 4247 433 4297 him
458 4247 577 4311 (Ep.
609 4248 741 4311 191).
786 4247 971 4297 About
997 4262 1122 4309 1507
1145 4248 1216 4295 he
1238 4247 1461 4296 entered
1485 4247 1578 4295 the
1603 4249 1917 4309 monastery
1939 4246 1998 4295 of
2013 4246 2159 4308 Syon
2183 4259 2316 4294 near
2337 4243 2637 4307 Isleworth,
2663 4244 2724 4293 of

303 4313 498 4362 which
528 4313 619 4362 his
646 4312 825 4376 uncle,
863 4313 1093 4362 another
1125 4312 1361 4362 Richard
1390 4312 1669 4362 Whitford
1707 4315 1764 4375 (†
1784 4313 1846 4361 16
1878 4313 2025 4376 Sept.
2062 4313 2231 4374 1511),
2253 4326 2365 4359 was
2395 4309 2615 4373 already
2641 4323 2717 4358 an

304 4380 539 4429 inmate.
575 4378 785 4428 whflat
801 4378 953 4429 there
973 4377 1043 4428 he
1061 4380 1229 4429 wrote
1251 4394 1286 4429 a
1306 4379 1536 4428 number
1557 4378 1617 4428 os
1631 4378 1942 4428 devotional
1964 4377 2143 4427 works
2165 4378 2226 4425 in
2245 4375 2489 4439 English,
2511 4373 2719 4438 styling

378 4510 460 4554 ⁴0·
494 4495 625 4545 viui
650 4529 665 4544 .
688 4532 701 4544 .
722 4532 735 4545 .
755 4507 838 4556 41.
855 4494 1149 4544 Verianam
1171 4498 1282 4544 aad.
1308 4498 1374 4544 H.
1550 4511 1630 4555 4⁴·
1665 4495 1780 4543 sint
1802 4497 1848 4541 Ε
1867 4510 1883 4542 =
1916 4497 2047 4543 sunt
2069 4496 2136 4544 Η.
2330 4493 2410 4552 56.
2447 4494 2610 4552 atque
2631 4524 2647 4540 .
2662 4521 2716 4544 .-

307 4565 554 4624 repetam
577 4564 691 4611 aad.
719 4565 778 4611 F.
942 4574 1022 4623 57.
1058 4563 1246 4609 tamen
1266 4563 1324 4610 Ε.
1348 4563 1541 4620 σοι-νίφα
1575 4561 1716 4608 Tum
1739 4563 1839 4608 EF.

374 4695 458 4753 ⁴8·
483 4693 675 4758 senex]
692 4693 809 4743 The
825 4692 1148 4743 Scotchman
1163 4692 1222 4741 os
1234 4693 1327 4755 Ep.
1346 4693 1426 4756 58,
1435 4694 1557 4742 who
1575 4692 1706 4741 held
1721 4708 1753 4741 a
1769 4694 2093 4753 permanent
2108 4693 2230 4752 post
2244 4690 2303 4738 in
2322 4689 2473 4737 Paris
2489 4691 2563 4751 (p.
2576 4689 2708 4754 185).
