3355 5380
623 398 738 457 164
1326 395 1708 457 Ln'rrmzs
1761 396 1873 489 or
1894 394 2326 465 ‚ERAsMUs
2821 391 3020 479 [149⁶

517 614 523 627 ,
564 632 569 637 λ
615 551 732 619 hec
758 551 1182 628 meminerint,
1215 572 1342 621 non
1368 551 1703 629 scripsisse.
1788 553 1858 613 Si
1878 573 1999 631 que
2027 551 2224 612 nimia
2255 552 2660 626 videbuntur,
2688 551 3023 617 meliorem

616 667 751 710 esse
792 669 972 726 spem
1019 649 1399 723 luxuriantis
1446 670 1636 728 quam
1682 650 1945 729 frugalis
1987 650 2237 726 ,ingenii
2290 650 2583 728 cogitent.
2689 649 3028 710 Diminuto

501 765 593 802 120
606 747 789 823 enim
838 768 965 808 non
1011 751 1145 809 tam
1189 748 1370 809 facile
1415 747 1669 809 additur
1712 769 1903 826 quam
1944 748 2143 815 nimio
2184 748 2551 809 detrahitur.
2636 749 2928 815 Pteterea
2967 747 3024 807 si

604 865 745 931 qua
795 845 1087 908 liberiora
1124 845 1558 924 acerbioraque
1596 845 1990 922 videbuntur,
2036 846 2299 908 Acciani
2338 846 2621 924 responsi
2661 846 3024 915 meminisse

601 964 747 1005 ιιοιι
783 945 1032 1021 pigeat;
1073 944 1184 1021 qui
1217 965 1370 1022 qum
1404 945 1764 1017 adolescens
1789 945 2084 1019 Pacuuio,
2116 944 2354 1022 tragico
2385 944 2644 1022 quidem
2683 946 2748 1007 et
2787 943 2885 1006 illi
2911 943 3021 1011 sed

512 1090 518 1110 .,
616 1042 743 1103 iam
799 1043 1141 1104 admodum
1198 1046 1361 1104 etate
1410 1043 1654 1121 grandi,
1711 1044 2054 1121 tragediam
2112 1063 2302 1121 quam
2364 1045 2633 1104 Atreum
2702 1025 3026 1120 inscripsit

606 1141 993 1228 desideranti
1039 1142 1306 1219 legisset,
1352 1144 1536 1220 atque
1589 1143 1645 1202 is
1700 1142 1915 1203 omnia
1966 1142 2089 1202 sibi
2138 1141 2392 1219 probari
2441 1140 2695 1218 quidem
2742 1139 3019 1217 dixisset,

498 1259 589 1310 125
604 1239 890 1313 ¹subdura
928 1243 1141 1301 tamen
1179 1243 1370 1318 atque
1405 1238 1719 1301 acerbiora
1744 1240 2009 1316 videris
2028 1240 2291 1314 Fateor,'
2317 1240 2569 1317 inquit‘
2573 1259 2701 1307 ,nec
2737 1256 2844 1300 me
2873 1254 3026 1304 sane

602 1337 803 1399 ,istius
839 1337 928 1399 rei
965 1337 1221 1416 penitet.
1308 1338 1472 1399 Nam
1505 1339 1672 1417 quod
1713 1338 1804 1398 in
1823 1339 2030 1416 pomis
2067 1342 2184 1415 est,
2212 1338 2382 1399 idem
2419 1337 2602 1401 aiunt
2638 1336 2712 1398 in
2729 1376 2733 1381 -
2748 1336 3026 1414 ingeniis

612 1437 905 1506 euenire3
947 1457 1069 1514 que
1094 1437 1251 1498 dura
1286 1439 1353 1497 et
1390 1437 1605 1498 acerba
1639 1442 2004 1512 nascuntur,
2032 1439 2173 1514 post
2207 1437 2373 1497 fiunt
2399 1436 2596 1503 mitia,
2620 1438 2684 1498 et
2712 1434 3028 1503 iucundas?

511 1578 519 1619 ι-
564 1572 567 1573 ⁷
616 1536 778 1596 Mihi
826 1538 989 1596 certe
1038 1535 1129 1596 in*
1160 1535 1278 1596 hoc
1332 1536 1627 1597 carminis
1684 1556 1925 1614 genere,
1975 1536 2046 1596 in
2093 1556 2215 1613 quo
2254 1537 2394 1612 post
2447 1533 2791 1603 Horatium
2831 1550 3025 1597 nemo

613 1634 743 1695 fere
785 1633 1019 1694 nobilis
1059 1633 1288 1707 extitit,
1336 1633 1610 1694 Guielmi
1656 1634 1782 1695 mei
1825 1634 2084 1694 libertas
2123 1649 2256 1694 non·
2297 1632 2630 1710 displicet;
2675 1636 2816 1697 tum
2856 1630 3022 1709 quod

496 1751 590 1801 130
612 1731 1100 1815 locupletissime
1131 1751 1290 1793 vene
1321 1732 1406 1792 sit
1442 1736 1900 1810 argumentum,
1933 1733 1999 1797 in
2029 1732 2228 1794 tantis
2253 1731 2592 1808 lyricorum
2617 1746 3025 1801 numerorum

599 1830 928 1908 ,angustiis
962 1830 1135 1907 copie
1167 1830 1510 1909 indulgere,
1543 1834 1683 1892 tum
1700 1832 1886 1908 ‚quod
1913 1831 2306 1908 Quintiliano
2344 1848 2474 1890 non
2509 1829 2816 1907 placuisse
2843 1827 3027 1889 video

613 1950 721 2001 eos
747 1929 859 2006 qui
882 1929 1220 2006 procellam
1262 1933 1614 1991 metuentes
1656 1950 1981 2008 nunquam
2022 1950 2090 1991 se
2131 1929 2350 2007 pelago
2390 1928 2654 1997 credunt
2683 1929 2767 2003 et,
2784 1929 2880 1989 .vt
2895 1962 2898 1965 Α
2915 1926 3025 1987 ille

509 2081 513 2089 ι
613 2027 724 2102 ait,
756 2046 1016 2087 manum
1056 2046 1303 2104 semper
1330 2027 1497 2088 intra
1522 2028 1786 2105 pallium
1823 2027 2165 2088 continent.
2253 2025 2630 2087 Horatianus
2655 2025 2821 2094 Odas
2853 2023 3022 2089 idem

612 2123 924 2186 collaudat
949 2125 1237 2203 solasque
1269 2126 1396 2186 fere
1432 2126 1597 2187 lectu
1635 2127 1857 2205 dignas
1894 2126 2145 2201 iudicat,
2180 2124 2347 2203 quod
2367 2125 2710 2263 insurgant
2737 2144 3026 2185 nonnun-

497 2241 588 2292 135
613 2243 805 2301 quam
832 2228 897 2286 et
922 2224 1222 2285 foeliciter
1245 2225 2847 2287 audeant..

598 2374 601 2375 γ
697 2320 819 2381 Sed
849 2322 1125 2383 nimium
1152 2323 1548 2384 extendimus
1573 2286 1926 2400 epistolam.
2017 2322 2266 2388 Lectori
2307 2258 2501 2382 semel
2534 2286 2756 2396 dicam,
2787 2320 2844 2382 si
2872 2271 3022 2399 quid

613 2418 684 2480 in
711 2419 815 2480 his
853 2420 1007 2482 Odis
1042 2420 1330 2496 offendet,
1369 2441 1490 2497 me,
1520 2441 1648 2486 non
1676 2420 2061 2495 Guielmum,
2096 2420 2530 2497 reprehendat.
2589 2420 2715 2484 Tu
2749 2438 2917 2494 vero,
2950 2421 3022 2481 vt

509 2583 514 2589 ,
614 2517 695 2578 ad
753 2521 818 2580 te
864 2520 1135 2595 redeam,
1195 2519 1459 2581 antistes
1518 2519 1924 2597 amplissime,
1982 2519 2100 2580 hos
2151 2519 2428 2580 infantes
2490 2517 2884 2596 expositicios
2950 2536 3022 2586 ac

615 2615 951 2695 plusquam
978 2618 1289 2696 orphanos
1327 2618 1396 2680 in
1434 2620 1743 2688 alumnos*
1762 2620 1907 2679 tuos
1942 2638 2046 2679 me
2079 2617 2365 2679 tradente
2397 2618 2455 2678 si
2492 2618 2739 2693 referes,
2764 2615 3024 2694 antiqua

500 2730 593 2782 140
615 2717 726 2775 tua
771 2713 1164 2778 humanitate
1216 2717 1480 2795 dignum
1524 2717 1761 2779 feceris.
1844 2716 2181 2802 Parentem
2229 2716 2492 2780 minime
2539 2716 3017 2795 desyderabunt,

616 2811 675 2873 si
701 2814 775 2872 tu
812 2813 942 2875 illis
983 2819 1285 2892 patronus
1322 2816 1675 2894 contigeris.
1763 2816 1997 2882 Desino
2022 2816 2227 2893 plura.
2310 2815 2410 2884 En
2450 2815 2698 2878 adsunt.
2720 2815 2843 2893 ipsi
2882 2834 3025 2877 mea

602 2930 802 2988 ‹opera
842 2916 1159 2992 vtcunque
1200 2914 1498 2984 adornati.
1607 2915 1781 2976 Bene
1826 2915 1984 2989 vale,
2037 2933 2274 2992 nosque
2321 2914 2790 2984 commendatos
2843 2914 3025 2976 habe.

700 3009 1052 3074 Parrhisiis.
1083 3033 1121 3073 a
1147 3013 1396 3076 Christo
1423 3017 1573 3074 nato
1605 3032 1773 3074 anno
1804 3014 1982 3090 1496.
2057 3013 2338 3090 Septimo
2363 3012 2506 3073 idus
2534 3012 2936 3080 Nouembres.

1275 3220 1380 3282 50.
1469 3217 1567 3281 To
1612 3217 1677 3281 N
1686 3235 1980 3284 resonas
2024 3216 2359 3282 wamma.

687 3333 824 3389 Vita.
848 3332 1069 3390 Erasini
1094 3354 1148 3406 p.
1182 3339 1299 3406 196.
2447 3359 2455 3374 ³
2558 3325 2815 3409 (Paris.)
2883 3329 2886 3330 ⁷

687 3420 865 3478 Lond.
889 3422 1041 3478 xxxi.
1068 3438 1168 3492 27:
1206 3424 1317 3479 LB.
1343 3424 1491 3495 App.
1520 3439 1639 3496 504.
2369 3424 2727 3498 (January
2757 3426 2952 3498 1497.)

685 3542 821 3606 [The
845 3543 969 3592 date
999 3544 1047 3592 is
1075 3544 1218 3594 flxed
1240 3546 1315 3608 by
1336 3546 1433 3594 the
1463 3547 1784 3609 procession.
1854 3546 1985 3597 Also
2008 3546 2074 3596 cf.
2097 3547 2230 3609 Epp.
2256 3560 2337 3611 51,
2365 3562 2396 3596 2
2420 3547 2503 3596 for
2531 3548 2804 3598 Erasmus'
2827 3549 3023 3598 illness

616 3608 728 3656 and
751 3609 847 3658 the
868 3610 987 3671 prai
989 3625 1045 3659 se
1068 3611 1128 3658 of
1143 3610 1406 3660 Herman.
1411 3612 1434 3677 ]
1741 3663 1744 3666 Α

602 3739 949 3789 ERASMVS
979 3742 1484 3794 RomRODAMVS
1513 3744 1882 3794 RELmIoso
1922 3745 2133 3794 PATRI
2167 3743 2467 3794 NlcoLAo
2494 3742 2835 3794 WERNERO
2864 3747 2920 3795 S.
2951 3745 3020 3794 D.

696 3862 919 3939 Sava,
941 3869 1116 3942 pater
1128 3865 1694 3929 obseruantissime.
1751 3866 1988 3947 Scripsi
2002 3839 2244 3946 pridem
2262 3851 2343 3929 ad
2359 3871 2533 3930 tuam
2555 3844 3021 3948 paternitatem,

596 3981 841 4060 *verum
886 3963 1150 4024 arbitror
1195 3964 1594 4027 tabellarium
1643 3986 1773 4027 non
1817 3967 2173 4028 reddidisse.
2262 3967 2456 4044 Spero
2495 3971 2557 4028 te
2599 3966 2758 4028 bene
2798 3968 3019 4044 valere,

604 4081 733 4160 :nos
761 4062 916 4124 satis
943 4063 1241 4125 valemus.
1331 4063 1546 4156 Nuper
1578 4066 1649 4126 in
1688 4067 2059 4143 quartanam
2099 4065 2536 4141 incideramus,
2562 4066 2672 4127 sed
2710 4061 3025 4148 conhaluiss

1013 4199 1120 4245 123.
1157 4185 1387 4236 Atteum
1410 4208 1455 4237 α.
1874 4201 1981 4247 142.
2013 4191 2251 4256 *vtrfique
2273 4204 2338 4239 a:
2371 4202 2491 4239 corr.
2512 4191 2611 4240 ΕΒ.
2843 4257 2856 4266 ὸ

688 4323 797 4358 121.
834 4309 1085 4374 Acciani]
1109 4310 1249 4361 Gell.
1282 4325 1358 4372 13.
1382 4326 1428 4361 2.
1869 4311 2152 4373 compo-ed
2207 4326 2378 4374 many
2421 4326 2576 4374 years
2617 4313 2772 4362 later.
2857 4311 3018 4362 From

690 4388 799 4435 13¹·
838 4374 1206 4439 Quintiliano]
1228 4380 1348 4425 Ince.
1378 4390 1453 4426 12.
1486 4392 1560 4426 ιο.
1587 4392 1669 4426 21.
1870 4379 1967 4427 the
2011 4377 2340 4440 description
2387 4378 2544 4426 there
2598 4378 2758 4442 given
2813 4376 2873 4426 of
2920 4377 3020 4426 the

693 4453 798 4501 1.34
839 4439 1136 4504 collaudat]
1162 4445 1281 4490 Inet.
1314 4443 1569 4503 10.1.96.
1870 4456 2052 4505 power
2073 4443 2133 4492 of
2156 4444 2252 4492 the
2284 4443 2432 4492 saint
2453 4443 2563 4492 and
2586 4444 2684 4493 the
2716 4442 3022 4507 powerless·

687 4508 766 4556 50.
792 4521 834 4556 1.
870 4506 1101 4572 Scripsi]
1124 4507 1219 4570 Ep.
1243 4509 1326 4568 48.
1871 4523 1997 4558 neas
2057 4509 2130 4556 of.
2151 4508 2266 4558 the
2322 4509 2628 4572 physician.
2684 4509 2829 4560 Wm.
2889 4509 3015 4572 Cep,

686 4586 734 4634 3.
786 4571 1135 4638 quartanam]
1194 4573 1291 4622 See
1357 4576 1554 4623 Erasmi
1619 4578 1772 4627 Dium
1873 4575 2028 4624 there
2068 4589 2172 4624 can
2204 4575 2268 4623 be
2309 4575 2456 4624 little
2495 4575 2664 4625 doubt
2700 4575 2824 4626 that
2860 4575 2929 4625 he
2972 4576 3023 4625 is

626 4639 688 4686 Ge
689 4640 879 4700 neugma
892 4641 1132 4697 praesidio
1151 4654 1183 4687 a
1198 4655 1257 4698 qu
1242 4642 1437 4689 cartana
1445 4642 1625 4699 sobre&
1617 4643 1776 4689 berati
1872 4639 1968 4688 the
1983 4639 2267 4703 physician
2281 4640 2600 4689 mentioned
2616 4641 2763 4691 here.
2786 4640 2898 4690 'I'he
2906 4642 3022 4704 epi*-

622 4706 835 4767 Gonnen,
878 4701 1156 4767 Freiburg,
1193 4704 1773 4768 10.Emmeua,1532;
1872 4704 2000 4755 aode
2017 4719 2127 4755 was
2143 4706 2392 4769 repeated
2419 4706 2477 4755 in
2495 4719 2645 4767 1500.
2694 4706 2892 4770 caup.
2910 4720 3020 4767 124.
