3355 5380
631 384 708 439 30
1330 375 1710 437 LETTERS
1763 375 1870 437 OF
1924 374 2322 438 ERASMUS
2834 370 3030 458 [1524

627 537 867 615 aliaque
909 536 1236 615 permulta,
1283 555 1440 614 quae
1483 556 1596 613 pro
1636 535 1893 596 modulo
1932 535 2167 614 gratiae
2208 534 2371 596 mihi
2417 536 2599 597 datae
2640 534 2834 610 docui,
2881 555 3032 596 con-

628 639 870 696 stanter
924 635 1122 708 docui,
1166 654 1294 695 non
1359 635 1725 712 obstrepens
1777 633 2071 712 cuiquam
2121 635 2233 712 qui
2284 635 2528 695 doceret
2580 634 2855 695 meliora.
2943 635 3032 697 Et

631 734 935 797 Erasmus
967 733 1130 794 nihil
1165 732 1380 793 docuit
1417 732 1543 794 nisi
1582 733 2025 810 eloquentiam.
2110 732 2378 793 Vtinam
2406 732 2575 794 istud
2618 732 3036 810 persuadeant

628 832 846 893 amicis
900 831 1059 894 meis
1111 832 1525 913 ματαιολόγοις,
1588 831 1700 910 qui
1753 835 2109 892 constanter
2163 830 2412 905 iactant,
2469 831 2762 909 quicquid
2817 831 3034 892 docuit

574 950 602 999 5
632 930 917 1007 Luterus,
965 930 1245 991 hausisse
1289 951 1323 991 0
1366 930 1618 1008 scriptis
1666 930 1845 991 meis·
1956 930 2236 991 Tametsi
2291 949 2420 990 non
2470 929 2727 991 inuideo
2778 929 3034 991 laudem

629 1029 821 1090 istam
864 1030 1137 1103 Lutero;
1194 1028 1420 1090 habeat
1465 1028 1535 1088 in
1581 1028 1875 1102 solidum,
1919 1029 2109 1090 modo
2162 1028 2543 1106 glorificetur
2586 1028 3028 1107 Euangelium.

632 1129 895 1191 Summa
921 1127 1259 1189 criminum
1286 1146 1574 1188 meorum
1599 1130 1697 1186 est
1718 1127 1884 1204 quod
1911 1146 2054 1187 sum
2083 1127 2497 1203 moderatior;
2538 1129 2604 1187 et
2629 1126 2749 1187 hoc
2775 1129 3036 1187 nomine

629 1226 794 1287 male
829 1226 1016 1286 audio
1053 1225 1362 1303 vtrinque,
1394 1225 1560 1303 quod
1598 1229 1931 1303 vtramque
1969 1229 2208 1302 partem
2243 1226 2458 1286 horter
2483 1225 2563 1285 ad
2597 1223 3037 1302 tranquilliora

631 1324 912 1388 consilia.
996 1323 1377 1384 Libertatem
1413 1342 1541 1384 non
1584 1324 1869 1401 improbo
1907 1323 2207 1384 charitate
2240 1323 2574 1385 conditam.
2658 1324 2757 1383 Ex
2789 1322 3038 1383 rabiosa

546 1439 607 1475 10
631 1423 1067 1487 maledicentia
1087 1421 1236 1499 quid
1265 1421 1438 1482 nasci
1463 1424 1669 1499 potest
1691 1421 1817 1483 nisi
1843 1424 2100 1482 cruenta
2118 1421 2345 1483 seditio
2366 1423 2399 1482 ⁶?
2452 1421 2657 1483 Sinos
2682 1421 3040 1481 Romanam

630 1521 955 1583 ecclesiam
1001 1520 1396 1594 infamemus,
1458 1523 1523 1581 et
1571 1520 1683 1581 illa
1736 1520 2017 1580 vicissim
2063 1522 2276 1581 nostra
2317 1521 2535 1598 prodat
2589 1519 2773 1594 mala,
2821 1538 3038 1579 nonne

629 1620 1019 1697 praeclarum
1062 1618 1487 1696 spectaculum
1531 1620 1787 1679 aedetur
1829 1618 2116 1679 hostibus
2161 1621 2416 1679 nostrae
2458 1617 2780 1695 religionis
2799 1619 2832 1679 9
2899 1617 3036 1679 Cle-

630 1736 812 1777 mens
862 1716 1046 1777 offert
1091 1735 1225 1777 sese
1281 1719 1569 1793 paratum
1623 1717 1702 1776 ad
1758 1717 2186 1793 corrigendam
2239 1716 2526 1777 ecclesiae
2581 1716 3040 1793 corruptelam;

632 1814 808 1876 misit
845 1815 1171 1892 Legatum,
1200 1835 1322 1893 quo
1364 1814 1579 1877 nullus
1619 1814 1825 1892 optari
1860 1815 2069 1892 potuit
2104 1815 2206 1875 vel
2247 1814 2499 1892 aequior
2532 1813 2634 1875 vel
2677 1813 3030 1875 humanior.

549 1929 606 1980 15
634 1913 720 1975 Et
746 1912 854 1974 isti
871 1914 1121 1973 tantum
1148 1912 1550 1984 maledicunt,
1574 1912 1753 1991 quasi
1781 1912 1945 1972 1111111
1972 1912 2059 1974 811
2085 1912 2219 1973 11118
2235 1912 2481 1973 dulcius
2506 1932 2717 1973 rerum
2745 1912 3038 1973 omnium

634 2011 1012 2072 confusione.
1116 2010 1243 2072 His
1309 2010 1643 2088 imputent,
1705 2010 1762 2071 si
1813 2010 2129 2089 principes
2193 2010 2451 2071 tandem
2502 2010 2744 2072 efferati
2795 2010 3041 2071 saeuire

632 2108 982 2188 promiscue
1009 2108 1326 2186 coeperint
1347 2109 1417 2168 in
1447 2110 1734 2169 fortunas
1761 2112 1822 2171 et
1849 2109 1919 2169 in
1956 2110 2161 2188 capita
2194 2108 2630 2187 plurimorum.
2717 2109 2794 2170 Id
2823 2110 2877 2169 si
2903 2109 3032 2183 fiat,

633 2228 852 2270 vereor
894 2227 973 2267 110
1023 2207 1277 2284 quidam
1314 2226 1450 2267 sero
1490 2207 1814 2284 probaturi
1854 2207 1986 2269 sint
2021 2227 2227 2268 meam
2265 2208 2772 2270 moderationem.
2880 2208 3041 2283 Quis

634 2306 806 2366 enim
859 2306 1018 2366 ferat
1066 2306 1222 2366 istos
1263 2306 1582 2383 quosdam,
1634 2306 1746 2384 qui
1791 2309 2116 2385 praetextu
2171 2308 2503 2385 Euangelii
2556 2328 2669 2368 nec
2723 2306 3039 2386 principes

552 2428 612 2462 20
635 2405 893 2465 audiant
940 2424 1053 2464 neo
1103 2404 1458 2479 Pontifices,
1509 2424 1622 2464 nec
1670 2404 1792 2482 ipsi
1834 2405 2191 2467 auscultent
2232 2407 2480 2482 Lutero,
2525 2405 2654 2467 nisi
2700 2425 2897 2484 quum
2938 2408 3040 2466 est

634 2503 788 2580 ipsis
836 2503 1285 2563 commodum?
1365 2502 1623 2580 Alioqui
1666 2506 1731 2563 et
1775 2504 2045 2563 Luterus
2085 2503 2221 2564 illis
2257 2503 2448 2565 homo
2488 2506 2600 2579 est,
2651 2509 2715 2565 et
2758 2504 3041 2565 humano

636 2601 865 2679 spiritu
921 2601 1187 2676 ducitur,
1244 2604 1355 2662 aut
1409 2622 1537 2661 non
1591 2602 1838 2680 scripsit
1893 2622 1970 2663 ex
2024 2602 2237 2663 animo
2293 2622 2425 2663 suo.
2533 2602 2833 2682 Magnum
2887 2623 3042 2664 vero

636 2702 890 2776 crimen,
923 2700 979 2761 si
1021 2701 1185 2779 quod
1227 2720 1399 2762 1111110
1440 2701 1731 2762 seditiose
1767 2703 1856 2777 fit,
1891 2702 2074 2781 cupio
2104 2702 2259 2762 citra
2291 2701 2661 2762 seditionem
2688 2703 2842 2776 fieri,
2871 2702 3041 2779 prin·

638 2800 850 2877 cipum
890 2819 1187 2874 assensu3
1256 2799 1366 2878 qui
1414 2799 1470 2860 si
1513 2820 1641 2861 non
1691 2800 1915 2861 facturi
1956 2802 2109 2861 sunt
2158 2802 2324 2878 quod
2373 2801 2685 2879 optimum
2726 2805 2836 2875 est,
2884 2801 3037 2879 quid

552 2919 611 2970 ²5
637 2898 887 2959 sceleris
934 2898 1282 2960 admissum
1326 2901 1436 2974 est,
1482 2900 1646 2976 quod
1692 2898 1838 2959 illos
1879 2900 2238 2960 admoneo?
2326 2898 2453 2959 Nec
2493 2918 2714 2960 reuoco
2754 2898 3061 2989 volentes·

636 2997 999 3057 incendium
1039 2997 1444 3075 restinguere,
1476 2998 1587 3057 sed
1620 3016 1726 3057 eos
1754 2997 1983 3057 damno
2024 2997 2134 3075 qui
2170 2996 2380 3057 oleum
2415 2997 2657 3059 addunt
2691 2997 2935 3059 camino
2973 3003 3040 3060 et

638 3095 949 3169 morbum,
983 3095 1090 3171 qui
1129 3094 1258 3153 iam
1300 3094 1485 3154 annis
1524 3094 1669 3172 plus
1710 3095 1887 3155 mille
1929 3094 2323 3170 inueterauit,
2352 3095 2648 3156 violentis
2686 3097 3041 3174 pharmacis

638 3192 844 3253 subito
899 3193 1126 3251 volunt
1191 3191 1423 3264 tollere,
1482 3191 1762 3251 maximo
1828 3192 2027 3252 totius
2095 3193 2369 3270 corporis
2436 3194 2724 3271 periculo.
2834 3194 3038 3270 Quam

639 3289 1134 3350 moderationem
1177 3289 1464 3365 Apostoli
1509 3289 1932 3366 praebuerunt
1975 3290 2237 3367 Iudaeis,
2280 3291 2389 3371 qui
2429 3313 2466 3353 a
2504 3293 2701 3354 saliua
2744 3294 2898 3371 legis
2945 3294 3040 3355 in·

553 3408 617 3456 30
640 3387 828 3447 olitae
855 3407 984 3446 non
1012 3389 1301 3465 poterant
1327 3387 1565 3460 abduci,
1594 3388 1858 3448 eandem
1900 3388 2121 3467 opinor
2159 3392 2324 3451 recte
2363 3395 2752 3468 praestarent
2780 3393 2896 3466 his,
2927 3393 3040 3470 qui

637 3485 931 3565 plurimis
972 3485 1101 3545 iam
1142 3485 1367 3545 seculis
1408 3487 1504 3544 tot
1542 3486 1970 3563 conciliorum,
2003 3490 2097 3548 tot
2133 3489 2533 3564 Pontificum,
2566 3492 2665 3550 tot
2689 3490 3040 3568 insignium

640 3584 969 3645 doctorum
1021 3583 1421 3644 autoritatem
1475 3585 1740 3662 sequuti,
1800 3585 2106 3664 grauatim
2160 3587 2351 3647 huius
2403 3588 2670 3650 recentis
2723 3589 3040 3649 doctrinae

640 3683 926 3743 mustum
974 3681 1300 3760 recipiunt.
1387 3683 1473 3743 Et
1513 3682 1771 3744 interim
1812 3704 1975 3760 pono
2013 3685 2159 3746 illos
2197 3704 2454 3763 errasse,
2488 3685 2606 3747 hos
2646 3687 2855 3748 omnia
2893 3707 3041 3747 vera

641 3781 879 3843 docere.
939 3781 1107 3859 Agat
1127 3782 1390 3859 vtraque
1416 3801 1562 3858 pars
1589 3782 1961 3844 Christianis
1990 3783 2337 3844 rationibus
2356 3785 2592 3846 Christi
2618 3784 2955 3863 negotium,
2976 3789 3043 3847 et

554 3903 614 3955 35
640 3878 882 3940 videbit
909 3879 1061 3957 quid
1088 3878 1213 3939 sim
1241 3900 1355 3956 pro
1383 3899 1523 3942 mea
1550 3880 1966 3959 qualicunque
1992 3882 2279 3959 portione
2303 3882 2374 3942 in
2402 3883 2685 3944 medium
2712 3883 3037 3946 allaturus.

723 3976 844 4038 Sed
902 3977 1150 4056 longius
1208 3978 1443 4054 efferor,
1496 3978 1573 4039 ad
1631 3979 1990 4041 Huttenum
2037 3980 2235 4043 redeo.
2282 3980 2586 4043 -Vtinam
2646 3981 2755 4060 qui
2812 3984 3044 4059 tragoe-

641 4073 812 4135 diam
893 4074 1056 4135 hano
1121 4075 1468 4136 excitarunt
1551 4076 1831 4154 primum
1903 4079 1970 4139 et
2039 4097 2208 4138 nunc
2281 4082 2607 4155 renouant,
2678 4083 3046 4157 paterentur

641 4173 921 4236 Hutteni
961 4193 1178 4235 manes
1218 4175 1547 4253 quiescere,
1581 4196 1780 4254 neque
1819 4196 1937 4238 nos
1977 4177 2103 4239 huc
2137 4178 2553 4256 per-pellerent
2586 4181 2674 4255 vt,
2707 4180 2873 4258 quod
2916 4179 3042 4240 dici

641 4272 819 4349 solet,
852 4293 999 4334 cum
1025 4273 1219 4335 laruis
1257 4274 1588 4335 luctemur.
1676 4275 2047 4353 Quanquam
2086 4296 2232 4339 cum
2267 4276 2465 4337 lai-uis
2490 4281 2744 4355 pugnat,
2773 4297 2903 4338 non
2931 4277 3043 4355 qui

553 4392 620 4444 40
642 4370 947 4432 maledico
1003 4371 1181 4446 libro,
1240 4392 1429 4450 quem
1485 4371 1714 4451 aliquis
1768 4373 1946 4435 velut
1997 4373 2227 4435 iniecto
2273 4373 2477 4436 iaculo
2531 4376 2790 4436 venenis
2837 4375 3043 4437 tincto

644 4469 1007 4549 relinquens
1045 4469 1210 4549 fugit
1244 4491 1280 4531 e
1314 4471 1463 4546 vita,
1495 4472 1843 4549 respondet,
1885 4473 1992 4534 sed
2034 4472 2144 4552 qui
2179 4474 2503 4534 mortuum
2542 4493 2671 4536 11011
2712 4493 3044 4552 responsu·

639 4588 784 4630 rum
824 4569 993 4631 vltro
1034 4568 1421 4631 criminatur.
1506 4569 1642 4648 Ego
1687 4569 1961 4631 Hutteni
2005 4571 2316 4649 manibus,
2362 4571 2473 4632 vbi
2520 4571 2682 4633 mihi
2722 4590 2894 4633 mors
2938 4572 3046 4635 ho-

1413 4693 1497 4740 40.
1529 4696 1601 4744 γε
1636 4680 1962 4731 maledicum
1985 4681 2189 4732 librum
2210 4683 2266 4737 Β.
