3355 5380
675 365 796 422 260
1376 362 1754 423 LETTERS
1809 362 1916 423 oF
1970 360 2370 422 ERASMUS
2888 355 3080 439 [1499

553 540 643 590 215
672 519 794 579 bus
816 519 1139 581 racionum
1166 540 1300 581 sese
1326 519 1767 581 collidentibus
1793 519 2021 596 ignem,
2053 518 2109 580 si
2137 518 2281 596 quis
2318 516 2633 591 eluxisset,
2664 516 3087 577 communiter

670 618 1292 695 apprehenderemus.
1379 619 1469 678 At
1509 622 1580 680 tu
1623 618 1866 678 silicem
1902 636 2109 678 meam
2150 616 2433 678 nondum
2467 618 2580 676 tuo
2615 634 2763 676 saxo
2786 612 3087 692 'tetigisse

565 751 568 756 ·
671 717 832 778 mihi
878 717 1128 778 videris.
1215 718 1388 778 Num
1428 720 1614 794 putas
1654 716 1988 777 veritatem
2036 716 2105 777 in
2160 715 2419 778 intimas
2459 734 2653 776 venas
2696 713 3091 790 penitissime

669 818 977 876 retrusam
1018 815 1315 892 languida
1354 834 1426 875 ac
1464 814 1672 893 prima
1711 813 1931 875 statim
1978 813 2301 875 collisione
2341 831 2522 892 posse
2560 811 2829 874 emicare
2847 813 2881 872 Ῥ
2960 812 3091 873 Vix

673 912 874 973 multa
897 932 968 973 ac
993 913 1205 975 valida
1229 912 1688 975 conflictatione
1713 912 2103 990 exprimitur.
2295 905 2300 910 ⁶

554 1026 650 1062 220
755 1012 925 1072 Bene
954 1011 1110 1083 vale,
1144 1012 1358 1074 Colete
1383 1010 1760 1074 charissime.
1851 1009 2143 1071 Oxoniae.

1342 1169 1558 1255 112113.
1651 1165 1853 1230 Fnom
1899 1165 2089 1231 Jonx
2137 1164 2416 1230 Stx'rm.

746 1269 1079 1325 Auctarium
1106 1289 1161 1342 p.
1191 1287 1275 1339 24·
2513 1265 2817 1341 <Oxford.)

746 1357 806 1411 F.
831 1376 887 1428 p.
920 1372 1048 1414 ιοο·
1089 1358 1226 1413 HN:
1266 1358 1443 1413 Lond.
1471 1357 1532 1413 ii.
1561 1372 1661 1414 21·
1703 1357 1813 1412 LB.
1849 1373 1930 1415 12.
2308 1354 2413 1430 (c.
2444 1371 2510 1425 27
2539 1356 2791 1413 October
2820 1353 3015 1427 1499.)

740 1462 897 1527 [This
933 1462 1044 1512 and
1091 1463 1186 1526 Ep.
1231 1478 1322 1525 113
1357 1478 1448 1512 are
1491 1463 1709 1526 plainly
1748 1479 1819 1512 an
1866 1462 2246 1525 introductory
2290 1462 2564 1524 exchange
2608 1463 2669 1511 of
2706 1462 3094 1525 complimente

674 1529 917 1577 between
954 1532 1139 1578 recent
1172 1531 1605 1590 acquaintances.
1668 1529 1821 1591 They
1853 1544 1981 1591 may
2012 1530 2078 1577 be
2115 1527 2305 1593 placed
2345 1528 2484 1577 later
2514 1529 2655 1577 than
2688 1528 2824 1591 Epp.
2876 1529 3092 1609 106—31,

672 1594 898 1644 because
919 1594 1141 1656 Ep.113
1163 1594 1343 1644 shows
1363 1595 1675 1657 friendship
1697 1595 1835 1644 with
1860 1593 2050 1658 Celet]

894 1710 964 1757 10
969 1710 1214 1758 &xime
1235 1709 1559 1759 snt'l'mvs
1602 1709 2208 1765 ELOQVENTISSIMO
2254 1709 2423 1758 VIRO
2470 1705 2861 1759 DESYDEBIO

1587 1814 1865 1862 ERASMO
1909 1815 1960 1862 8.
2009 1815 2069 1864 Ρ.
2116 1814 2182 1862 D.

757 1921 1078 1981 Osmmu
1154 1918 1340 1980 hodie
1412 1918 1576 1979 mihi
1651 1919 2155 1980 humanissimus
2230 1918 2527 1981 dominus
2599 1921 2828 1994 noster,
2908 1916 3097 1978 Prior

677 2016 1023 2078 Richardus
1056 2017 1429 2093 Charnocua
1465 2016 1770 2095 quaedam
1809 2018 1922 2078 abs
1953 2020 2018 2078 te
2053 2019 2343 2093 carmina,
2378 2037 2510 2078 non
2537 2017 2787 2104 vulgari
2821 2034 3094 2077 numero

674 2115 988 2177 triuialiue
1015 2116 1366 2190 currentia3
1408 2135 1566 2193 quae
1593 2115 1649 2176 si
1676 2114 1883 2176 multo
1904 2116 2117 2177 labore
2143 2117 2426 2177 confecta
2452 2119 2681 2191 essent,
2707 2135 2848 2176 meo
2874 2118 3093 2176 tamen

674 2214 905 2275 iudicio
932 2234 1060 2274 non
1087 2215 1156 2275 in
1185 2214 1409 2275 infima
1435 2214 1620 2275 laude
1652 2214 1860 2276 forent
1896 2215 2269 2290 reponenda.
2356 2215 2569 2290 Quum
2594 2234 2745 2275 vero
2770 2212 3097 2275 elaborata

620 2338 647 2386 5
677 2332 875 2390 exque
899 2314 1180 2391 tempore
1218 2333 1254 2373 a
1281 2316 1348 2373 te
1372 2312 1729 2390 conscripta
1756 2312 2064 2387 dicantur,
2099 2332 2288 2390 quem
2318 2312 2525 2374 credis
2557 2311 2868 2385 futurum,
2901 2311 3095 2373 modo

676 2411 761 2471 sit
796 2411 993 2472 vllius
1034 2411 1291 2489 ingenii,
1332 2411 1443 2489 qui
1484 2431 1612 2473 non
1654 2415 1718 2471 te
1758 2431 1905 2472 curn
1945 2411 2215 2471 summis
2255 2410 2389 2472 illis
2428 2410 2771 2488 priscisque
2811 2407 3089 2485 vatibus,

677 2509 973 2588 perlectis
1018 2511 1150 2572 tuis
1197 2510 1500 2586 versibus,
1547 2510 1634 2572 sit
1682 2509 2095 2570 collocaturus
2112 2511 2146 2570 *Ρ
2226 2509 2540 2570 Redolent
2568 2497 2759 2570 'enim
2803 2507 3096 2593 Atticam

677 2608 991 2686 quandam
1012 2628 1305 2670 venerem
1337 2608 1792 2686 mirificamque
1820 2607 2061 2685 ingenii
2080 2608 2179 2668 tui
2200 2607 2616 2669 suauitatem.
2666 2607 3093 2683 Quamobrem

573 2708 578 2711 ’
675 2727 862 2786 perge
917 2727 1160 2785 quaeso,
1220 2708 1309 2769 mi
1368 2709 1641 2783 Erasme,
1700 2708 2034 2785 Musasque
2088 2706 2487 2767 dulcissimas
2543 2710 2687 2767 tuas
2740 2707 2962 2781 excita,
3021 2711 3098 2768 vt

594 2825 654 2860 ιο
677 2825 898 2868 omnes
936 2827 1014 2867 ex
1055 2811 1118 2867 te
1159 2806 1595 2884 similibusque
1638 2806 1735 2866 tui
1774 2805 2154 2883 intelligant,
2198 2805 2262 2865 id
2308 2804 2476 2882 quod
2515 2808 2703 2866 antea
2740 2804 2956 2867 visum
2981 2810 3096 2868 'est

675 2905 1060 2980 incredibile,
1084 2905 1543 2965 Germanorum
1572 2902 1749 2964 nulla
1776 2904 1846 2963 in
1875 2923 1942 2963 re
1970 2923 2104 2962 esse
2131 2903 2443 2988 Italorum
2471 2901 2744 2980 ingeniis
2773 2891 3093 2965 inferiora.

756 3004 910 3066 Vale
937 3007 1113 3065 vates
1139 3002 1526 3081 lepidissime
1553 3021 1622 3063 ac
1650 3001 2037 3062 suauissime.

1331 3117 1439 3179 Aa
1479 3118 1724 3178 eundem
1764 3087 2155 3193 Epzyramn'za
2195 3116 2435 3177 Smin-z.

1002 3225 1292 3286 Forsitan
1332 3224 1684 3301 incomptos
1726 3223 1891 3300 quod
1933 3242 2076 3284 sum
2118 3222 2239 3283 tibi
2276 3225 2534 3283 mittere
2574 3242 2813 3327 versus

594 3344 650 3391 15
691 3336 696 3339 *
833 3312 836 3315 ¹
1083 3324 1293 3400 Atque
1336 3322 1526 3382 rudes
1565 3342 1776 3396 ausus,
1818 3341 2045 3400 magne
2085 3316 2287 3399 poeta,
2334 3341 2525 3399 meos,
2647 3328 2650 3332 ’

1001 3421 1271 3495 Ridebis,
1317 3421 1506 3481 tacito
1548 3424 1758 3481 tecum
1800 3421 1887 3481 sic
1930 3440 2254 3480 murmure
2297 3419 2525 3512 dicens,
2648 3490 2657 3505 ἱ

1085 3518 1338 3598 Egregii
1379 3520 1689 3595 spernunt
1729 3518 1985 3578 horrida
2023 3517 2256 3595 scripta
2296 3517 2440 3580 viri.
2849 3596 2855 3601 .

1000 3617 1235 3678 Forsan
1276 3617 1384 3691 ais,
1431 3617 1584 3677 nolo
1625 3616 2014 3694 gelidissima
2055 3615 2246 3693 pallia
2286 3615 2599 3694 Cosmus„
2675 3619 2706 3702 ζ
2770 3642 2773 3643 ’
2850 3620 2856 3629 “

1082 3716 1475 3791 Purpuream
1515 3715 1738 3775 mittas
1779 3715 1887 3776 sed
1930 3715 2091 3775 mihi
2131 3735 2318 3797 posco
2359 3717 2589 3794 togam.

594 3828 654 3863 20
1004 3814 1306 3877 Pestanae
1345 3813 1550 3874 violae
1591 3833 1721 3874 non
1763 3817 1931 3888 sunt,
1977 3813 2244 3890 Sixtine,
2280 3814 2502 3873 colono
2602 3896 2605 3897 ⁷
2652 3824 2653 3827 ’
2720 3815 2735 3893 J

1084 3910 1445 3986 mittendae,
1492 3914 1604 3975 aut
1647 3912 1853 3989 primo
1894 3911 2047 3972 vilia
2087 3912 2253 3973 dona
2294 3911 2475 3993 duci.¹
2730 3909 2737 3925 ¹
2808 3903 2815 3913 ’

1002 4010 1125 4071 Sed
1165 4012 1395 4085 tamen,
1441 4030 1478 4070 o
1519 4010 1723 4070 nostri
1762 4014 1986 4071 vatum
2025 4010 2433 4072 'celeberrime
2467 4010 2632 4089 secli,
2712 4016 2715 4019 ’
2776 4014 2779 4019 ”

1083 4108 1200 4168 Est
1240 4108 1450 4185 aliqua
1490 4110 1554 4167 et
1596 4128 1825 4185 paruae
1864 4109 2065 4195 gratia
2104 4098 2433 4189 Calliopea.

1005 4207 1175 4282 Quae
1204 4225 1342 4266 mea
1368 4205 1423 4266 si
1452 4206 1638 4266 tersis
1665 4206 1905 4282 placeat
1934 4227 2101 4268 nunc
2127 4200 2453 4293 auribus,'
2433 4228 2567 4299 ipse
2650 4282 2664 4293 „.
2712 4210 2718 4217 ’
2750 4192 2776 4207 ”

594 4317 652 4366 25
1083 4304 1401 4366 Posthac
1383 4304 1658 4365 inuisam
1685 4304 1910 4366 limina
1935 4292 2109 4367 laeta
2198 4305 2372 4369 Vale.
2452 4364 2477 4369 .,

746 4421 959 4471 112.18.
992 4418 1121 4468 nolo
1142 4423 1216 4468 F.
1252 4417 1374 4467 uolo
1398 4423 1457 4467 D.
1560 4434 1638 4468 σο.
1682 4418 1904 4468 Piotaue
1921 4427 2028 4478 post
2046 4383 2226 4483 togam
2251 4423 2305 4467 in
2328 4422 2501 4480 ananelo
2514 4382 2737 4481 payinac
2751 4420 2850 4469 D¹·
2884 4420 2982 4469 Pe·
3002 4416 3093 4469 0².

675 4491 913 4535 Doeuntne
933 4489 1080 4546 {uitur
1098 4499 1256 4534 emus
1276 4488 1464 4547 aliquot,
1490 4501 1558 4533 an
1579 4485 1803 4572 Pictaue
1826 4490 2040 4535 mendose
2061 4487 2385 4545 impressum.
2428 4508 2431 4509 ⁷

746 4605 855 4653 112.
877 4616 924 4651 2.
962 4600 1231 4665 carmina]
1252 4601 1483 4664 Knight,
1505 4603 1744 4661 Lv'equ
1730 4618 1829 4651 r-as
1934 4601 2029 4650 the
2066 4605 2263 4651 Carmen
2294 4605 2352 4649 de
2387 4580 2503 4650 Casa
2536 4602 2779 4649 Natalia&
2811 4605 2952 4662 Ῑεειις
3000 4606 3091 4651 see

678 4684 799 4731 mus,
825 4683 878 4747 p.
903 4682 984 4734 ao,
1008 4668 1255 4731 Wrongly
1273 4668 1548 4718 identifies
1561 4668 1673 4718 this
1693 4667 1830 4735 with
1934 4668 2030 4729 Ep.
2059 4681 2123 4728 47
2147 4666 2353 4721 introd.
2384 4726 2391 4733 .
2430 4728 2435 4733 ¹
2472 4727 2477 4731 ,
2502 4728 2511 4733 .
2556 4705 2577 4732 s
2695 4710 2703 4717 ‚
2726 4707 2733 4713 .
