3355 5380
280 344 453 430 1500]
1105 351 1213 412 ΤΟ
1264 350 1308 411 J
1309 349 1541 412 AMES
1598 348 1825 412 ΒΑΤΤ
2539 354 2656 410 329

269 504 694 583 Antiquitates
735 509 799 567 et
838 505 1191 582 artificium,
1222 506 1427 568 ausim
1467 505 1685 580 dicere,
1730 526 1768 566 a
1808 507 1986 568 nullo
2025 507 2227 567 adhuc
2268 505 2664 568 intellectum

267 603 558 682 aperiam.
659 604 765 665 Ad
805 604 967 665 hanc
1006 624 1140 665 rem
1181 624 1311 665 non
1350 604 1565 683 paucis
1604 604 1787 666 libris
1826 623 1958 665 esse
1998 624 2169 683 opus,
2215 604 2440 666 deinde
2481 606 2663 667 Grae-

268 720 478 762 corum
507 721 707 779 opera,
740 706 812 763 vt
838 722 1097 763 munere
1126 702 1335 781 aliquo
1360 702 1620 766 adiutor.
1709 702 1836 764 Hic
1873 702 2053 777 nihil,
2088 703 2289 777 Batte,
2321 703 2659 765 mentieris.

268 799 424 860 Nam
450 800 570 861 hoc
597 799 827 862 molior
852 800 1128 863 omnino.
2694 831 2789 882 150

343 898 522 974 Quod
577 898 636 958 si
689 919 727 959 a
779 899 1050 961 Domina
1106 919 1401 978 magnam
1456 899 1760 979 impetras
1811 899 2160 977 pecuniam,
2221 904 2294 962 vt
2348 900 2665 962 facturum

262 996 521 1072 confido,
555 996 866 1059 remittito
903 997 1048 1058 ilico
1076 997 1469 1059 Ludouicum
1495 998 1572 1059 ad
1603 1018 1738 1060 nos.
1818 997 1934 1060 Sin
1963 998 2175 1059 decem
2203 1000 2312 1059 aut
2340 998 2665 1062 duodecim

265 1098 534 1156 scutatos
580 1099 833 1156 tantum
873 1096 1050 1157 dabit
1090 1100 1200 1157 aut
1242 1095 1423 1170 nihil,
1470 1116 1551 1157 ne
1599 1095 1812 1157 redeat
1858 1096 2231 1171 Ludouicus,
2275 1097 2386 1159 sed
2436 1097 2666 1158 Ioanni

267 1193 700 1271 perferendum
728 1194 1026 1273 quicquid
1052 1194 1172 1256 erit
1200 1194 1496 1270 tradatur,
1529 1193 1654 1256 nisi
1681 1196 1844 1256 forte
1871 1214 2028 1273 puer
2064 1195 2232 1257 vltro
2269 1214 2403 1257 sese
2439 1196 2517 1257 ad
2544 1194 2669 1258 iter

269 1291 497 1353 offerat.
581 1292 852 1354 Ioannes
887 1293 967 1354 ad
1009 1313 1193 1371 quem
1237 1293 1408 1354 diem
1448 1293 1517 1354 in
1558 1292 1851 1354 Selandia
1885 1293 2140 1354 futurus
2176 1293 2277 1367 sit,
2308 1294 2669 1355 Ludouicus
2698 1319 2789 1372 ¹55

267 1389 393 1467 ipse
433 1390 569 1453 scit.
657 1391 753 1452 De
799 1394 974 1452 veste
1022 1391 1187 1469 quod
1229 1390 1453 1453 scribis
1493 1391 1688 1452 nimis
1736 1391 2200 1469 contumeliose,
2246 1391 2343 1453 fac
2376 1396 2463 1454 ·vt
2503 1392 2669 1454 vide·

263 1487 452 1550 bitur.
534 1489 695 1550 Mihi
731 1491 948 1550 tamen
984 1489 1322 1552 ridiculum
1358 1488 1612 1551 videtur
1645 1509 1912 1568 puerum
1948 1490 2116 1551 alere
2153 1494 2218 1550 et
2255 1511 2383 1552 non
2418 1490 2664 1553 vestire.

263 1585 353 1646 De
392 1587 673 1648 Domina
710 1587 1076 1648 huiusmodi
1118 1588 1469 1649 minutulas
1509 1608 1612 1648 res
1657 1588 2049 1649 emendicare
2090 1589 2254 1649 mihi
2297 1585 2443 1650 non'
2466 1590 2670 1669 placet

265 1704 649 1763 magnopere,
680 1686 790 1746 sed
826 1689 899 1748 vt
934 1686 1084 1760 dixi,
1115 1689 1188 1747 tu
1217 1684 1470 1748 videris.
1554 1687 1616 1746 A
1656 1686 1929 1747 Domina
1965 1685 2022 1747 si
2059 1706 2187 1748 non
2228 1691 2535 1766 quantum
2571 1687 2673 1750 vis

185 1781 190 1784 ’
263 1783 540 1862 accipies,
586 1788 797 1845 tamen
846 1785 967 1845 hoc
1020 1804 1165 1845 cura
1217 1788 1290 1846 vt
1340 1785 1563 1845 saltem
1618 1785 1859 1862 aliquot
1913 1785 2140 1846 scutati
2186 1806 2315 1847 vna
2362 1790 2472 1847 tua
2525 1806 2671 1847 cum
2699 1796 2796 1847 160

263 1881 524 1958 pecunia
550 1882 627 1943 ad
656 1902 759 1944 me
786 1883 1192 1960 perferantur.
1251 1883 1481 1961 Magna
1511 1881 1817 1944 librorum
1843 1883 2120 1960 penuria,
2147 1884 2356 1945 ocium
2397 1884 2665 1956 nullum,

261 1980 557 2042 valetudo
581 2000 805 2058 parum
833 1981 1014 2043 firma
1037 2005 1052 2056 ;
1092 1982 1116 2041 i
1142 1984 1215 2042 tu
1245 1985 1309 2043 et
1335 1980 1501 2042 inter
1528 1982 1682 2042 haec
1710 1980 1905 2042 libros
1930 1981 2146 2042 scribe.
2221 2062 2225 2066 “

338 2078 432 2139 De
484 2078 725 2140 Ioanne
773 2079 1110 2140 tabellione
1156 2079 1340 2141 video
1385 2100 1521 2141 rem
1562 2099 1791 2158 parum
1839 2099 1976 2141 esse
2023 2083 2294 2154 certam3
2353 2100 2542 2158 quare
2588 2100 2671 2141 an

261 2176 422 2238 hunc
470 2176 868 2238 Ludouicum
912 2178 1035 2238 huc
1085 2177 1285 2239 redire
1335 2177 1538 2255 malis,
1586 2177 1720 2257 ipse
1766 2181 2022 2254 statues,
2068 2178 2174 2239 sed
2227 2198 2375 2240 caue
2422 2178 2672 2240 miseris

259 2294 395 2336 cum
434 2296 569 2338 vno
611 2280 722 2338 aut
763 2277 959 2337 altero
999 2275 1219 2338 nobili.
1307 2277 1569 2352 Matura,
1617 2296 1860 2355 quaeso,
1898 2276 1991 2336 mi
2033 2277 2234 2338 Batte.
2324 2277 2670 2356 Augustini
2701 2287 2796 2354 165

259 2372 450 2435 libros
490 2374 814 2436 Ludouico
852 2375 1075 2448 trades,
1109 2374 1218 2453 qui
1243 2375 1503 2436 Veriam
1539 2375 1618 2436 ad
1646 2375 1957 2436 Thomam
1996 2375 2184 2436 illum
2222 2376 2425 2438 nostri
2460 2396 2669 2438 aman·

259 2471 582 2532 tissimum
608 2474 891 2550 perferat,
914 2478 986 2535 vt
1012 2477 1077 2534 et
1104 2473 1172 2534 in
1201 2473 1428 2535 itinere
1452 2473 1509 2534 si
1538 2493 1697 2552 quos
1722 2473 1923 2552 possit
1946 2476 2175 2535 vendat
2202 2494 2373 2553 puer,
2395 2474 2672 2553 reliquos

254 2568 536 2633 Thomas
563 2590 676 2649 per
695 2574 934 2632 certum
959 2571 1242 2633 nauitam
1274 2572 1562 2633 Goudam
1590 2571 1983 2633 transmittat
2010 2573 2087 2632 ad
2110 2572 2190 2632 N.
2217 2595 2233 2647 ;
2269 2576 2342 2634 vt
2362 2572 2417 2633 is
2437 2572 2669 2650 partim

256 2669 415 2747 apud
441 2689 521 2732 se
549 2669 874 2745 distrahat,
895 2670 1128 2749 partim
1157 2670 1476 2733 Gulielmo
1502 2669 1935 2732 distrahendos
1957 2671 2426 2749 quamprimum
2453 2670 2668 2734 mittat

255 2766 582 2831 Haerlem.
672 2770 755 2830 Et
782 2790 892 2846 per
916 2769 1318 2831 tabellionem
1345 2769 1630 2831 scribam.
2700 2794 2798 2848 170

331 2867 517 2929 Bene
563 2868 720 2943 vale,
767 2867 858 2926 mi
907 2867 1270 2929 charissime
1319 2870 1506 2945 atque
1555 2868 1794 2946 optime
1843 2868 2045 2943 Batte,
2091 2870 2154 2928 et
2202 2867 2272 2928 in
2319 2867 2484 2927 hanc
2534 2887 2667 2927 rem

252 2966 456 3027 totum
503 2966 773 3027 Battum
813 2965 1081 3041 effunde,
1124 2967 1399 3027 amicum
1440 2966 1625 3026 illum
1669 2966 1826 3041 dico,
1870 2986 1998 3026 non
2042 2965 2233 3026 etiam
2275 2969 2661 3027 cessatorem.

329 3064 656 3127 Aureliae.
736 3065 929 3126 Anno
958 3084 1022 3124 11.
1049 3084 1108 3125 1).

850 3264 990 3327 140.
1081 3261 1177 3327 To
1223 3262 1455 3327 Pss'rssn
1500 3260 2074 3328 D'ANGLEBERME.

319 3399 577 3470 Farrago
603 3416 659 3469 p.
693 3401 806 3468 138.
2091 3397 2347 3454 Orleans.

316 3486 373 3541 F.
403 3506 461 3559 p.
492 3489 635 3543 288:
672 3484 809 3541 HN:
847 3485 1022 3541 Lond.
1051 3485 1120 3540 vi.
1150 3501 1213 3555 7:
1251 3486 1361 3540 LB.
1390 3501 1475 3557 93.
1842 3484 1925 3559 (c.
1958 3501 2022 3556 13
2049 3484 2396 3561 December>
2433 3500 2584 3558 1500.

337 3610 416 3659 As
438 3610 543 3672 Ep.
578 3622 669 3669 141
703 3608 751 3656 is
781 3610 1007 3657 written
1039 3608 1179 3657 from
1206 3609 1359 3658 Paris
1381 3624 1451 3659 on
1481 3610 1540 3658 18
1563 3609 1877 3671 December,
1902 3608 2175 3658 Erasmus’
2207 3608 2493 3673 departure
2516 3609 2657 3658 from

247 3673 316 3724 Or
336 3690 471 3725 eans
493 3689 630 3736 may
651 3674 718 3721 be
739 3674 926 3735 placed
949 3676 1110 3723 about
1134 3675 1229 3724 the
1257 3675 1398 3735 14th.

305 3740 468 3790 Peter
501 3738 945 3802 d'Angleberme,
971 3755 1004 3788 a
1037 3740 1322 3803 physician
1357 3740 1654 3804 practising
1685 3743 1742 3789 at
1776 3738 2016 3802 Orlsans,
2039 3738 2163 3787 who
2195 3740 2243 3786 is
2275 3738 2393 3788 said
2428 3742 2483 3789 to
2516 3739 2659 3788 have

245 3805 380 3856 boon
392 3807 537 3857 born
559 3808 622 3855 at
640 3805 846 3866 Prague
871 3820 930 3853 or
953 3806 1244 3856 Frankfort
1262 3806 1592 3870 (Bimbenet,
1616 3809 1744 3854 Hist.
1764 3810 1819 3854 de
1840 3804 2132 3854 l'Universitd
2150 3804 2406 3868 ἀὈνὶέαπε,
2435 3820 2486 3867 p.
2511 3807 2650 3869 352).

246 3869 326 3921 He
350 3873 398 3920 is
419 3870 695 3935 probably
718 3870 811 3919 the
833 3871 1120 3932 physician
1145 3871 1202 3920 of
1220 3871 1314 3933 Ep.
1346 3886 1451 3933 131,
1477 3871 1624 3919 since
1648 3871 1694 3918 it
1716 3886 1827 3919 was
1850 3870 2087 3932 through
2110 3870 2415 3932 Augustine
2439 3870 2561 3919 that
2583 3871 2655 3920 he

242 3950 349 3986 was
371 3938 589 3986 known
613 3939 671 3984 to
694 3935 965 3985 Erasmus.
1037 3937 1122 3986 ΗΘ
1153 3952 1264 3986 was
1296 3937 1412 3986 still
1446 3936 1622 4000 living
1654 3936 1715 3985 in
1750 3936 2051 3985 November
2075 3949 2214 3997 1517,
2241 3935 2346 3984 LB.
2367 3937 2507 3999 App.
2534 3951 2647 3998 213.

246 4000 346 4051 His
369 4019 472 4053 son
500 4003 566 4064 (l.
607 4001 698 4065 34)
721 4001 871 4049 John
896 4002 1138 4063 Pyrrhus
1171 4002 1586 4064 d’Angleberme
1619 4002 1664 4049 is
1698 4016 1843 4050 more
1876 4002 2100 4050 famous.
2171 3999 2257 4049 He
2282 4016 2392 4050 was
2427 4003 2561 4051 born
2595 4005 2653 4050 at

241 4068 469 4118 Orleans
503 4069 758 4117 between
799 4081 923 4129 1470
955 4067 1061 4116 and
1101 4082 1224 4129 1475
1259 4068 1368 4117 and
1392 4067 1517 4116 died
1549 4070 1608 4116 at
1637 4066 1810 4116 Milan
1841 4068 1902 4115 in
1930 4081 2069 4128 1521,
2093 4065 2235 4114 from
2268 4082 2301 4115 a
2334 4067 2459 4116 dose
2493 4068 2553 4116 of
2578 4081 2652 4116 an

243 4135 465 4183 untried
502 4133 666 4196 dmg.
737 4132 821 4182 ΗΘ
855 4132 1070 4182 studied
1099 4134 1275 4183 Greek
1310 4132 1484 4182 under
1517 4133 1774 4181 Erasmus
1808 4136 1864 4181 at
1900 4132 2086 4194 Paris;
2119 4132 2227 4182 and
2262 4132 2322 4182 in
2351 4132 2473 4182 Dec.
2506 4147 2647 4196 1510,

1064 4259 1170 4320 165.
1206 4259 1380 4307 nobili
1403 4261 1475 4308 E:
1508 4258 1758 4322 angelate
1781 4261 1845 4307 H.

311 4387 419 4445 148.
460 4381 824 4448 Graecorum]
861 4382 938 4432 Of.
967 4382 1062 4445 Ep.
1096 4385 1203 4444 138.
1230 4398 1291 4443 41
1311 4396 1364 4431 n.
1500 4397 1532 4432 a
1576 4381 1757 4443 claim,
1795 4380 1861 4428 cf.
1898 4381 1997 4443 Ep.
2040 4394 2147 4441 172.
2218 4380 2321 4429 For
2364 4378 2656 4428 Herman's

310 4465 418 4512 153.
459 4449 697 4513 Ioanni]
733 4449 811 4498 Cf.
835 4449 934 4512 Ep.
963 4450 1072 4497 128.
1100 4464 1142 4497 1.
1502 4451 1622 4510 part
1658 4447 1722 4496 in
1757 4447 1852 4496 the
1880 4446 2217 4495 transaction
2250 4461 2336 4494 see
2366 4445 2501 4507 Epp.
2544 4445 2652 4506 138.

308 4518 419 4577 156.
458 4514 645 4579 veste]
680 4514 760 4564 cf.
787 4515 922 4578 Epp.
949 4528 1057 4576 135.
1077 4529 1143 4577 59
1158 4514 1268 4564 and
1291 4516 1397 4574 146.
1507 4528 1600 4576 152
1617 4528 1724 4574 seq.
1753 4512 1863 4561 and
1890 4527 2000 4573 142.

309 4582 420 4643 165.
449 4580 756 4644 Augustini
776 4578 966 4643 libros]
983 4582 1139 4629 Some
1153 4581 1330 4642 copies
1349 4579 1408 4627 of
1573 4580 1683 4627 166.
1718 4576 2008 4641 Thomam]
2066 4577 2300 4640 Perhaps
2344 4576 2547 4626 Varvet
2597 4575 2661 4625 of

238 4645 331 4697 the
369 4650 580 4708 Adaqia
617 4661 691 4697 on
732 4645 914 4695 which
951 4647 1255 4709 Augustine
1291 4645 1401 4695 had
1506 4644 1798 4707 cambray:
1832 4643 1900 4693 cf.
1926 4644 2023 4706 Ep.
2051 4644 2131 4706 85.
2158 4644 2258 4694 811.

335 4747 504 4779 anx-n
1436 4749 1469 4788 Z
