3355 5380
632 383 749 438 340
1331 375 1710 438 LETTERS
1764 376 1870 438 OF
1925 376 2322 440 ERASMUS
2845 374 3030 458 [1501

627 535 876 596 sceleris
916 533 1306 596 atrocitatem
1346 533 1546 595 facere
1587 534 1751 595 mihi
1789 534 2104 597 videntur.
2187 536 2410 612 Augur
2453 539 2774 613 praepetes
2817 536 3039 596 auium

628 635 876 696 volatus
918 635 984 694 et
1016 632 1400 694 solistimum
1435 632 1786 710 tripudium
1825 633 2130 708 obseruat,
2168 633 2477 711 haruspex
2514 637 2806 695 extorum
2842 632 3039 695 fibras

514 753 532 787 1
543 753 604 806 95
629 732 912 809 rimatur,
933 731 1284 793 Chaldaeus
1299 730 1521 809 sydera
1537 732 1826 806 consulit,
1836 731 2150 793 veneficus
2165 732 2391 793 herbas
2405 731 2757 793 incantatas
2772 731 3041 808 colligit3

630 831 984 892 incantator
1003 829 1505 908 praecaminibus
1526 830 1671 908 agit,
1701 830 2096 908 Pythonicus
2123 850 2340 892 manes
2366 834 2597 906 euocat,
2622 831 3040 892 chiromantis

630 949 938 991 manuum
970 948 1160 1006 rugas
1192 928 1667 1006 contemplatur.
1758 929 2016 990 Atrocia
2051 932 2202 991 sunt
2235 929 2374 1005 ista,
2408 950 2686 1008 quaeque
2710 928 2823 989 vix
2854 949 3041 990 aures

627 1031 830 1090 ferant
854 1026 1281 1102 Christianae;
1309 1026 1418 1087 sed
1436 1025 1584 1105 quid
1604 1026 1858 1087 obsecro
1875 1029 1952 1088 ad
1971 1028 2376 1089 Aurelianam
2399 1028 2827 1106 tragoediam?
2869 1026 3039 1102 Quid

625 1146 906 1205 vnquam
933 1125 1145 1187 simile
1172 1125 1493 1187 Thessalia
1518 1125 1846 1187 maleficiis
1873 1126 2132 1188 infamis
2159 1127 2514 1206 designauit
2532 1127 2565 1187 ⁶?
2633 1126 2718 1187 Et
2745 1125 3040 1186 manium

509 1246 602 1283 200
626 1225 882 1305 quidem
929 1226 1317 1287 consultores
1358 1222 1797 1286 Hebraeorum
1842 1224 2012 1302 leges
2051 1225 2306 1303 capitali
2352 1224 2660 1303 supplicio
2704 1225 3033 1286 damnant.

627 1324 1074 1402 Imperatoriae
1095 1344 1243 1385 vero
1269 1323 1677 1402 haruspicum
1698 1325 1761 1383 et
1781 1342 2088 1401 augurum
2116 1323 2622 1402 superstitionem
2644 1326 2706 1384 et
2726 1323 3039 1384 atrocissi-

626 1421 751 1482 mis
790 1421 1003 1483 verbis
1042 1422 1448 1498 insectantur,
1495 1421 1723 1500 quippe
1765 1441 1921 1499 quos
1962 1423 2225 1483 naturae
2272 1421 2627 1499 peregrinos
2664 1424 2729 1482 et
2767 1421 3038 1481 humani

626 1521 873 1598 generis
926 1521 1140 1582 hostes
1192 1519 1547 1599 appellent3
1589 1521 1653 1580 et
1700 1520 1869 1597 ipsos
1921 1519 2177 1598 quidem
2224 1520 2417 1581 vltori
2461 1519 2688 1598 gladio,
2742 1519 3037 1581 incendio

625 1618 927 1699 feralique
963 1618 1127 1696 pesti
1170 1618 1295 1696 (his
1335 1618 1509 1678 enim
1551 1618 1764 1678 verbis
1799 1618 2252 1680 Constantinus
2278 1619 2501 1696 vtitur)
2538 1617 2859 1694 addicunt,
2896 1637 3040 1678 con·

507 1734 599 1784 205
625 1718 895 1779 sultores
922 1721 1136 1778 autem
1167 1717 1235 1777 in
1265 1716 1539 1778 insulam
1569 1716 1879 1795 deportari
1907 1717 2125 1778 iubent
2152 1717 2337 1779 bonis
2374 1716 2669 1779 omnibus
2695 1714 3036 1794 spoliatos:

623 1816 688 1876 id
719 1816 885 1893 quod
921 1818 1176 1894 apparet
1210 1816 1278 1875 in
1321 1815 1560 1891 Codice,
1594 1815 1783 1876 titulo
1821 1816 1914 1877 De
1950 1815 2254 1878 maleficis
2290 1819 2356 1877 et
2393 1815 2874 1891 mathematicis,
2920 1814 3033 1874 vbi

623 1916 686 1975 et
724 1913 1033 1992 glossema
1057 1934 1218 1990 vere,
1252 1915 1323 1974 vt
1350 1913 1720 1974 Accursiani
1754 1914 2099 1992 loquuntur
2135 1914 2261 1988 isti,
2297 1914 2572 1975 notabile
2600 1913 2710 1975 sed
2737 1915 2879 1973 atro
2906 1931 3033 1974 car·

623 2012 783 2073 bone
810 2013 1180 2083 notandum,
1203 2011 1431 2091 quippe
1459 2013 1624 2090 quod
1651 2012 2048 2090 haruspicem
2074 2032 2188 2091 pro
2216 2014 2687 2074 momentorum
2714 2015 2781 2072 et
2810 2011 3032 2072 auium

624 2108 1020 2171 obseruatore
1056 2111 1250 2172 nimis
1286 2110 1547 2172 ridicule
1584 2109 2056 2188 interpretatur,
2088 2115 2229 2172 tum
2261 2111 2644 2173 sacerdotem
2671 2131 2785 2188 pro
2821 2129 3033 2170 necro-

502 2228 598 2264 210
623 2209 899 2272 mantiae
947 2210 1194 2271 doctore
1261 2210 1537 2288 exponit,
1596 2213 1661 2270 et
1724 2209 1881 2271 item
1937 2210 2063 2271 alia
2119 2210 2427 2289 quaedam
2481 2211 2690 2271 nescio
2743 2209 3033 2287 magisne

620 2306 880 2368 barbare
921 2326 1004 2368 an
1044 2307 1373 2383 inerudite,
1415 2306 1679 2369 omnino
1720 2311 1936 2369 tamen
1979 2307 2359 2371 deridiculo:
2401 2329 2557 2388 quae
2601 2308 2760 2369 mihi
2810 2311 3031 2370 tamen

621 2405 991 2484 neutiquam
1038 2409 1190 2467 sunt
1240 2425 1420 2481 noua,
1474 2426 1619 2467 cum
1672 2408 1807 2468 toto
1864 2406 2121 2485 Digesto
2174 2407 2536 2486 istiusmodi
2595 2409 2885 2486 portenta
2937 2407 3035 2468 ita

619 2502 856 2582 passim
885 2508 1228 2580 occurrant,
1268 2508 1341 2566 vt
1380 2506 1627 2565 assueto
1669 2504 1833 2566 mihi
1873 2525 1954 2566 ne
1997 2506 2196 2567 risum
2238 2505 2493 2584 quidem
2536 2505 2665 2567 iam
2707 2507 3020 2578 moueant,

622 2602 857 2662 nedum
885 2603 1297 2665 stomachum.
1972 2655 1977 2658 -

502 2712 594 2773 115
702 2702 824 2765 Sed
879 2702 958 2763 ad
1014 2722 1165 2765 rem.
1275 2703 1541 2764 Decreta
1594 2722 1744 2764 vero
1799 2702 2133 2765 Pontificia
2188 2707 2251 2765 et
2306 2704 2460 2765 item
2517 2702 2817 2782 epistolae
2871 2720 3030 2781 quas

618 2801 974 2864 Decmtales
1018 2804 1263 2873 vocant,
1314 2799 1424 2860 vbi
1470 2798 1547 2861 de
1597 2800 1935 2879 sortilegiis
1981 2804 2045 2862 et
2092 2802 2156 2862 id
2207 2821 2408 2879 genus
2453 2802 2774 2864 damnatis
2815 2820 3035 2880 super·

616 2900 983 2963 stitionibus
1037 2900 1482 2975 meminerunt,
1541 2899 1911 2960 huiusmodi
1963 2899 2344 2961 maleficium
2400 2921 2479 2961 ne
2526 2899 2719 2961 verbo
2767 2899 3031 2979 quidem

615 2998 975 3077 attingunt:
1018 2998 1149 3060 siue
1195 2998 1358 3077 quod
1404 3018 1477 3059 ea
1520 2997 1730 3059 secula
1773 3017 1853 3058 ne
1897 2998 2315 3076 suspicionem
2359 2998 2614 3077 quidem
2655 3001 2877 3060 tantae
2916 2998 3030 3059 im·

615 3096 869 3174 pietatis
907 3097 1263 3159 habuerunt
1290 3119 1306 3172 3
1349 3095 1487 3157 siue
1514 3095 1681 3174 quod
1709 3096 1817 3174 qui
1853 3115 1928 3157 ea
1960 3096 2163 3158 literis
2194 3097 2620 3176 prodiderunt,
2651 3096 3027 3159 mortalium

498 3211 592 3247 220
614 3194 867 3255 auribus
894 3195 1276 3273 parcendum
1305 3214 1436 3255 esse
1464 3197 1785 3273 putarunt.
1870 3195 2125 3256 Nouum
2153 3195 2274 3256 hoc
2301 3197 2364 3256 et
2388 3195 2747 3257 inauditum
2773 3200 3027 3275 porten-

616 3295 756 3353 tum
784 3312 914 3353 non
944 3293 1085 3353 Nox
1114 3292 1539 3354 Eumenidum
1566 3295 1787 3367 mater,
1819 3297 1893 3353 vt
1919 3297 2135 3372 poetae
2162 3293 2545 3370 fabulantur,
2576 3293 2685 3355 sed
2712 3295 3025 3357 scelerum

613 3390 901 3452 omnium
932 3411 1157 3469 parens
1193 3391 1460 3452 auaricia
1494 3391 1806 3470 produxit,
1838 3394 1903 3452 et
1939 3395 2303 3470 portentum
2330 3413 2461 3454 non
2486 3393 2775 3471 simplex,
2807 3394 2919 3456 sed
2948 3415 3024 3455 ex

613 3489 1073 3567 superstitione,
1132 3490 1471 3569 impietate,
1531 3489 1905 3565 idololatria,
1958 3489 2296 3569 sacrilegio,
2350 3494 2651 3569 tanquam
2697 3492 2898 3554 variis
2946 3513 3023 3554 ex

613 3587 919 3648 monstris
971 3588 1330 3650 conflatum.
1416 3589 1502 3649 Et
1550 3587 1864 3649 mirantur
1911 3588 2215 3665 homines,
2265 3589 2320 3650 si
2368 3593 2583 3651 nostra
2629 3591 2803 3652 aetas
2850 3611 3024 3653 nunc

493 3704 585 3753 225
612 3684 812 3761 bellis,
856 3706 1025 3749 nunc
1061 3686 1247 3764 fame,
1288 3705 1458 3748 nunc
1494 3690 1686 3765 peste,
1728 3706 1898 3747 nunc
1933 3686 2074 3748 aliis
2111 3690 2299 3764 atque
2332 3688 2477 3749 aliis
2513 3686 2700 3749 malis
2730 3687 3024 3763 laboret;

610 3804 755 3845 cum
792 3787 1039 3863 praeter
1074 3805 1148 3846 ea
1181 3785 1354 3861 vitia,
1389 3804 1548 3864 quae
1583 3785 1713 3847 iam
1749 3786 2203 3864 propemodum
2239 3786 2403 3847 vitia
2436 3786 2638 3848 videri
2673 3787 3017 3864 desierunt,

610 3883 776 3960 quod
805 3883 1000 3945 nimis
1028 3884 1329 3962 vulgaria,
1357 3884 1661 3961 Gigantes
1689 3883 1860 3960 ipsos
1885 3883 2156 3944 fulmine
2180 3883 2545 3946 deturbatos
2569 3887 2631 3946 et
2653 3885 3018 3949 Licaoniam

607 3979 1137 4041 inhumanitatem
1176 3980 1416 4042 diluuio
1451 3984 1628 4043 tanto
1663 3981 1773 4042 vix
1815 3982 2131 4060 expiatam
2175 3983 2408 4044 nostris
2447 3983 2787 4046 sceleribus
2827 3985 3018 4064 longe

609 4078 941 4140 vincamus
961 4080 995 4140 ⁴?
1061 4078 1370 4140 Miramur
1396 4080 1451 4140 si
1481 4079 1760 4158 quotidie
1786 4081 1971 4142 nouis
1993 4080 2198 4159 plagis
2222 4081 2542 4160 afficimur,
2567 4101 2711 4144 cum
2732 4084 3019 4161 quotidie

490 4197 583 4246 230
607 4176 792 4238 nouis
831 4176 1009 4238 vitiis
1047 4176 1253 4238 Deum
1295 4178 1609 4256 optimum
1651 4178 2123 4258 maximumque
2162 4178 2505 4256 irritemus,
2546 4201 2768 4260 neque,
2810 4187 2887 4244 vt
2926 4184 3017 4245 ait

607 4274 880 4352 Flaccus,
956 4295 1070 4354 per
1131 4278 1421 4337 nostrum
1483 4275 1801 4353 patiamur
1855 4277 2055 4338 scelus
2106 4276 2407 4339 iracunda
2461 4279 2686 4341 Iouem
2742 4280 3016 4343 fulmina

604 4393 836 4451 ponere
852 4376 886 4436 ⁴?

1476 4469 1590 4518 209.
1622 4456 2051 4505 necromantices
2071 4459 2139 4508 Η.

672 4570 786 4616 204.
815 4555 1208 4605 Constantinus
1250 4555 1320 4603 In
1339 4555 1433 4604 the
1453 4554 1577 4603 title
1590 4555 1650 4603 of
1662 4554 1759 4603 the
1861 4555 1910 4603 is
1933 4555 2027 4605 the
2050 4556 2198 4604 work
2223 4554 2286 4604 of
2300 4555 2673 4607 Constantine.

606 4619 748 4670 Code
783 4621 878 4679 (ix.
917 4620 1001 4682 18)
1027 4624 1190 4682 quote
1254 4619 1446 4683 below,
1474 4624 1532 4681 §5
1558 4635 1606 4682 3,
1634 4634 1683 4682 5,
1714 4635 1759 4682 7.
1927 4635 2041 4682 207.
2075 4622 2421 4686 Accursiani]
2457 4621 2539 4673 cf.
2562 4622 2659 4686 Ep.
2689 4636 2797 4684 ¹3⁴·
2821 4626 2962 4677 26¹1.

606 4685 748 4749 Only
766 4686 861 4735 the
884 4685 1019 4750 first,
1039 4701 1109 4736 on
1124 4685 1307 4736 which
1334 4687 1381 4736 is
1403 4685 1497 4736 the
1517 4691 1756 4750 afosecma,
1928 4701 2039 4749 23¹·
2074 4684 2322 4751 Flaccus]
2360 4690 2445 4738 Od.
2473 4702 2514 4738 1.
2543 4702 2592 4751 3.
2618 4689 2801 4749 38-40.
