3355 5380
701 367 776 420 37
785 367 818 419 4
1384 359 1765 421 LETTERS
1820 361 1927 422 oF
1982 359 2332 422 ERASMU
2342 360 2387 420 S
2900 355 2925 437 Ῐ
2938 377 2960 417 1
2973 374 3052 434 50
3062 377 3085 415 1

852 540 1165 589 ERASMVS
1211 540 1595 589 caxomcvs
1640 540 1926 588 ORDINIS
1972 539 2214 588 sanem
2263 538 2639 589 AvasTINI
2685 537 2940 586 AVLICO

1527 644 1799 692 CVIDAM
1847 643 2061 692 AMIOO
2106 646 2159 693 S.
2204 644 2270 694 D.

775 766 1240 826 Errmenas'rr
1274 785 1403 827 non
1440 765 1737 825 mediocri
1775 764 1997 837 studio,
2029 764 2218 824 frater
2259 763 2327 824 in
2356 764 2630 824 Domino
2668 762 3092 839 dilectissime,

694 868 765 925 vt
810 865 930 925 tibi
976 864 1504 941 compendiariam
1552 862 1867 940 quandam
1914 861 2174 923 viuendi
2228 861 2538 922 rationem
2586 860 3094 938 praescriberem,

694 983 817 1042 qua
862 963 1208 1024 instructus
1246 981 1460 1040 posses
1500 962 1576 1021 ad
1620 965 1904 1022 mentem
1947 960 2199 1021 Christo
2242 959 2498 1038 dignam
2543 961 2886 1036 peruenire.
2977 960 3098 1021 Ais

691 1063 862 1124 enim
902 1065 966 1123 te
1008 1061 1378 1140 iampridem
1420 1061 1654 1121 aulicae
1697 1060 1861 1119 vitae
1902 1062 2219 1136 pertesum
2259 1059 2379 1118 hoc
2417 1062 2624 1118 tecum
2665 1058 2921 1135 agitare,
2971 1079 3097 1136 quo

636 1171 665 1219 5
692 1165 874 1239 pacto
900 1179 1088 1238 queas
1115 1162 1475 1237 Aegyptum
1502 1178 1627 1218 vna
1661 1177 1808 1218 cum
1848 1157 1982 1216 suis
2008 1159 2071 1216 et
2097 1156 2278 1217 viciis
2311 1159 2378 1215 et
2414 1156 2655 1216 deliciis
2692 1156 2989 1234 effugere,
3022 1177 3093 1218 ac

693 1259 864 1319 Mose
903 1258 1055 1318 duce
1092 1258 1169 1318 ad
1197 1259 1508 1318 virtutum
1534 1258 1653 1318 iter
1693 1254 1996 1317 foeliciter
2021 1255 2279 1332 accingi.
2365 1254 2501 1328 Quo
2538 1254 2702 1314 mihi
2729 1254 2980 1315 charior
3006 1276 3093 1332 es,

691 1355 809 1417 hoc
847 1357 1196 1434 impensius
1233 1356 1514 1434 gratulor
1559 1358 1667 1415 tuo
1710 1359 1842 1415 tam
1880 1353 2143 1414 salutari
2178 1352 2513 1430 preposite,
2553 1352 2716 1431 quod
2757 1371 2942 1430 spero
2987 1353 3094 1415 vel

690 1455 846 1515 citra
883 1457 1165 1515 nostram
1202 1474 1452 1532 operam
1490 1452 1844 1514 fortunabit
1884 1451 2305 1528 prouehetque
2340 1451 2474 1528 ipse
2515 1452 2625 1528 qui
2662 1450 2962 1528 dignatus
2996 1457 3095 1512 est

690 1553 975 1615 excitare.
1049 1553 1182 1630 Ego
1209 1557 1422 1614 tamen
1452 1552 1646 1613 nimis
1675 1568 1870 1629 quam
1898 1549 2104 1609 libens
2129 1549 2312 1627 parui
2336 1548 2440 1609 vel
2461 1549 2706 1608 homini
2725 1552 2856 1609 tam
2888 1551 3092 1611 amico

606 1660 667 1698 ¹0
690 1651 796 1712 vel
837 1654 971 1712 tam
1019 1650 1120 1728 pia
1166 1650 1529 1729 postulanti.
1635 1650 1737 1709 Tu
1786 1646 1975 1708 modo
2024 1647 2306 1708 annitere
2349 1666 2429 1708 ne
2477 1645 2579 1707 vel
2621 1647 2753 1725 ipse
2797 1652 3093 1709 nostrum

690 1750 963 1809 officium
1016 1750 1153 1809 sine
1216 1768 1399 1810 causa
1462 1748 1714 1809 videare
1778 1745 2089 1824 flagitasse
2142 1744 2246 1805 vel
2313 1765 2428 1823 ego
2481 1746 2615 1805 sine
2671 1745 2881 1806 fructu
2950 1749 3092 1807 tuae

688 1867 931 1908 morem
966 1849 1227 1923 gessisse
1254 1846 1586 1907 voluntati.
1674 1845 1820 1905 Imo
1848 1843 2015 1904 votis
2051 1843 2492 1905 communibus
2525 1842 2875 1920 benignum
2904 1844 3088 1906 illum

687 1943 833 2005 Iesu
869 1944 1161 2022 spiritum
1190 1944 1600 2021 imploremus
1626 1946 1700 2002 vt
1736 1946 1801 2002 et
1833 1942 1995 2002 mihi
2030 1940 2333 2002 scribenti
2368 1942 2660 2019 suggerat
2685 1941 2990 2002 salutaria
3025 1947 3090 2003 et

687 2040 809 2101 tibi
834 2060 908 2101 ea
932 2041 1150 2102 reddat
1176 2041 1459 2102 efficacia.
1493 2086 1508 2102 .
1544 2086 1558 2100 .
1593 2086 1609 2101 .
1920 2033 1923 2036 ¹

602 2150 660 2200 15
769 2135 870 2221 [ἕο.
901 2137 1010 2221 N⁸]
1042 2141 1177 2202 Hec
1205 2140 1420 2201 omnia
1447 2140 1699 2200 tametsi
1728 2159 1856 2199 non
1886 2139 2169 2200 dubitem
2198 2138 2355 2217 quin
2380 2138 2625 2198 affatim
2652 2138 2771 2200 tibi
2796 2143 3091 2221 suppedi-

687 2241 895 2299 tatura
932 2240 1016 2299 sit
1051 2257 1223 2300 sacra
1258 2237 1458 2313 lectio,
1490 2240 1703 2298 tamen
1742 2238 2021 2298 fraterna
2057 2237 2329 2298 charitas
2360 2255 2477 2297 nos
2513 2238 2611 2297 est
2647 2238 2984 2301 adhortata
3018 2245 3091 2302 vt

685 2336 905 2398 saltem
926 2335 1042 2396 hac
1058 2336 1460 2414 extemporali
1477 2335 1927 2413 scriptiuncula
1947 2355 2059 2413 pro
2079 2354 2221 2395 mea
2236 2334 2411 2395 virili
2432 2337 2724 2395 sanctum
2744 2339 2929 2396 tuum
2952 2358 3091 2415 pro·

681 2435 956 2512 positum
980 2454 1412 2513 promouerem
1440 2433 1941 2512 adiuuaremque.
2036 2432 2114 2493 Id
2143 2432 2310 2510 quod
2338 2452 2411 2493 eo
2439 2433 2556 2493 feci
2576 2433 2888 2494 maturius
2916 2436 3087 2511 quod

683 2533 973 2595 nonnihil
1023 2537 1363 2595 metuerem
1409 2553 1489 2593 ne
1531 2534 1598 2592 in
1642 2532 2145 2610 superstitiosum
2188 2530 2359 2593 istud
2401 2530 2838 2609 religiosorum
2878 2552 3087 2610 genus

599 2642 660 2679 20
682 2630 1001 2708 incideres,
1034 2633 1143 2712 qui
1178 2632 1408 2712 partim
1438 2631 1689 2711 questui
1715 2629 2059 2692 seruientes
2097 2650 2231 2708 suo,
2259 2629 2491 2709 partim
2527 2629 2773 2707 ingenti
2800 2630 2931 2693 zelo
2969 2635 3084 2695 sed

681 2750 808 2791 non
834 2731 1180 2793 secundum
1208 2732 1532 2793 scientiam
1561 2730 1955 2791 circumeunt
1982 2748 2155 2790 mare
2189 2732 2255 2791 et
2286 2729 2542 2804 aridam,
2573 2732 2640 2790 et
2672 2731 2873 2792 sicubi
2914 2735 3085 2794 nacti

679 2828 912 2889 fuerint
939 2830 1265 2890 hominem
1292 2850 1330 2891 a
1355 2829 1535 2890 viciis
1561 2828 1635 2889 ad
1666 2827 1991 2889 meliorem
2019 2828 2218 2887 vitam
2246 2826 2374 2888 iam
2411 2828 2901 2906 resipiscentem,
2935 2851 3085 2891 eum

682 2926 850 2988 illico
876 2926 1361 3006 improbissimis
1388 2927 1818 3001 hortamentiS,
1844 2924 2147 2997 minaciis,
2180 2924 2508 2985 blandiciis
2534 2925 2603 2985 in
2632 2927 3085 2989 monachatum

678 3028 983 3086 conantur
1003 3025 1347 3100 detrudere,
1381 3025 1639 3102 perinde
1661 3023 1840 3102 quasi
1862 3025 2037 3083 extra
2062 3021 2378 3083 cucullum
2396 3022 2924 3085 Christianismus
2953 3045 3083 3087 non

594 3131 652 3180 25
677 3121 777 3183 sit.
851 3122 1091 3184 Deinde
1109 3124 1217 3184 vbi
1244 3123 1554 3200 scrupulis
1575 3123 1768 3182 meris
1794 3124 1859 3181 et
1879 3120 2416 3182 inextricabilibus
2434 3121 2636 3198 spinis
2659 3125 2878 3199 pectus
2906 3124 3084 3185 illius

677 3216 1080 3299 expleuerint,
1104 3222 1180 3284 ad
1202 3222 1510 3283 humanas
1537 3220 1839 3298 quasdam
1870 3216 2349 3279 traditiunculas
2376 3221 2737 3297 astringunt
2763 3221 3079 3299 planeque

676 3318 745 3378 in
783 3319 1178 3380 Iudaismum
1215 3320 1528 3397 quendam
1560 3318 1975 3397 praecipitant
2016 3319 2336 3392 miserum,
2375 3336 2447 3377 ac
2486 3319 2798 3396 trepidare
2835 3320 3078 3395 docent,

677 3436 806 3476 non
845 3436 1065 3478 amare.
1169 3417 1580 3479 Monachatus
1622 3437 1754 3478 non
1796 3420 1891 3477 est
1932 3416 2152 3494 pietas,
2196 3416 2303 3477 sed
2345 3417 2514 3477 vitae
2564 3436 2763 3495 genus
2805 3436 2923 3494 pro
2963 3439 3081 3480 suo

676 3514 898 3591 cuique
943 3515 1215 3592 corporis
1261 3516 1625 3593 ingeniique
1668 3514 1890 3575 habitu
1934 3514 2035 3574 vel
2083 3514 2240 3574 vtile
2284 3512 2385 3574 vel
2428 3514 2671 3574 inutile.
2757 3516 2861 3577 Ad
2910 3519 3081 3594 quod

591 3619 655 3669 30
673 3610 961 3688 equidem
1001 3615 1072 3673 vt
1117 3617 1177 3673 te
1219 3633 1347 3674 non
1389 3613 1700 3687 adhortor,
1746 3615 1836 3673 ita
1878 3633 1957 3673 ne
2001 3612 2297 3673 dehortor
2338 3611 2611 3690 quidem.
2701 3612 2842 3674 Hoc
2887 3615 3081 3675 modo

672 3726 1053 3783 commoneo,
1087 3713 1159 3769 vt
1191 3710 1488 3787 pietatem
1528 3731 1730 3789 neque
1768 3710 1837 3769 in
1877 3709 2019 3770 cibe
2057 3729 2257 3787 neque
2291 3710 2360 3769 in
2394 3709 2568 3770 cultu
2604 3730 2807 3787 neque
2837 3711 2909 3771 in
2944 3712 3082 3773 vlla

673 3825 741 3865 re
766 3805 1005 3867 visibili
1032 3808 1394 3885 constituas,
1426 3808 1532 3870 sed
1571 3812 1641 3870 in
1681 3809 1760 3869 iis
1789 3828 1942 3887 quae
1982 3808 2375 3869 tradidimus.
2479 3807 2560 3868 In
2598 3809 3079 3889 quibuscunque

671 3921 817 3963 vero
873 3904 1351 3982 deprehenderis
1402 3924 1614 3967 veram
1673 3907 2016 3984 imaginem
2065 3906 2318 3982 Christi,
2380 3926 2524 3967 cum
2581 3906 2661 3968 iis
2714 3910 2780 3967 te
2827 3908 3079 3984 copula.

673 3999 868 4061 Porro
910 4003 1019 4061 vbi
1067 4003 1295 4064 desunt
1342 4005 1629 4065 homines
1679 4024 1948 4083 quorum
1996 4004 2321 4065 conuictus
2360 4007 2423 4066 te
2470 4005 2686 4066 reddat
2726 4004 3076 4083 meliorem,

587 4109 648 4161 35
670 4098 958 4160 abducito
979 4103 1042 4160 te
1065 4104 1373 4180 quantum
1401 4106 1576 4179 potes
1605 4102 1684 4162 ab
1707 4103 1984 4163 humano
2006 4103 2317 4164 consortio
2339 4108 2403 4164 et
2424 4104 2773 4181 Prophetas
2801 4110 3073 4181 sanctos,

671 4196 1013 4274 Christum,
1055 4199 1394 4276 Apostolos
1429 4200 1497 4260 in
1541 4199 1925 4279 colloquium
1962 4201 2203 4261 ascisce.
2290 4201 2370 4261 In
2410 4201 2634 4279 primis
2672 4204 2886 4263 autem
2915 4202 3079 4263 Pau·

672 4295 807 4356 lum
862 4297 981 4357 tibi
1034 4297 1220 4358 facito
1274 4298 1666 4359 familiarem.
1758 4298 1882 4359 Hic
1939 4299 2058 4360 tibi
2116 4318 2361 4376 semper
2411 4299 2736 4359 habendus
2784 4299 2853 4358 in
2906 4299 3074 4368 sinu.

671 4397 975 4456 nocturna
1000 4395 1341 4457 versandus
1370 4416 1583 4471 manu,
1615 4397 1962 4457 versandus
1990 4397 2232 4471 diurna,
2262 4401 2578 4475 postremo
2606 4399 2668 4457 et
2697 4397 2775 4457 ad
2805 4397 3075 4458 verbum

734 4613 832 4650 ππ.
879 4615 1113 4650 snasxvs
1160 4639 1172 4651 .
1220 4639 1232 4653 .
1282 4638 1295 4653 .
1347 4615 1509 4653 amco
1553 4619 1621 4650 a:
1677 4616 1913 4651 misus
1952 4615 2333 4652 sermonum
2374 4615 2562 4651 reum
2607 4614 2861 4651 omno
2907 4616 3078 4652 aureo

670 4678 872 4714 cvmn
904 4681 1106 4717 anteo.
1142 4670 1195 4722 β.
1370 4682 1444 4729 ¹3·
1489 4668 1745 4717 salutaria
1780 4686 1844 4716 a:
1890 4668 2128 4716 salubria
2160 4684 2212 4730 γ.
2377 4682 2458 4729 31.
2497 4670 2554 4716 in
2589 4674 2697 4717 ante
2723 4667 2838 4717 vlla
2872 4672 2994 4717 aad.
3016 4686 3071 4731 γ.
