3355 5380
241 366 428 450 1524]
815 372 1386 435 coMPENDIVM
1443 375 1710 437 VITAE
1773 375 2094 437 ERAsm
2574 374 2651 435 4⁷

682 553 1153 602 COMPBNDIVM
1197 553 1410 601 VITAE
1456 554 1720 603 ERASMI
1767 555 2241 616 ROTERODAMI,

366 689 560 738 cvlvs
608 690 765 739 IPSE
814 691 893 739 IN
933 691 1265 740 EPISTOLA
1314 692 1816 741 PRAECEDENTE
1863 693 2071 741 FACIT
2117 694 2546 743 MENTIONEM.

1249 799 1281 857 ὅ
1307 797 1438 874 βίος
1463 798 1666 876 λάθρα.

345 919 567 980 ΝΛΜ
634 920 781 981 Rot.
856 920 926 980 in
991 920 1206 997 vigilia
1274 920 1552 983 Simonis
1617 926 1682 983 et
1747 921 1960 983 Iudae.
2065 923 2374 1002 Supputat
2458 943 2660 984 annos

249 1018 492 1082 circiter
517 1035 616 1098 57.
700 1018 902 1079 Mater
937 1018 1102 1079 (licta
1143 1023 1238 1080 est
1264 1019 1622 1098 Margareta,
1665 1021 1795 1082 filia
1836 1021 2062 1082 medici
2097 1022 2422 1083 cuiusdam
2461 1023 2652 1083 Petri.

251 1120 341 1179 Ea
381 1120 514 1178 erat
556 1136 592 1176 e
635 1117 1073 1194 Septimontio,
1120 1118 1309 1196 vulgo
1351 1119 1791 1197 Zeuenberge;
1831 1121 2052 1181 fratres
2094 1121 2264 1182 illius
2305 1123 2462 1182 duos
2503 1122 2660 1183 vidit

253 1215 553 1277 Dordraci
598 1235 759 1293 pene
798 1216 1262 1293 nonagenarios·
1349 1217 1539 1279 Pater
1578 1218 1784 1278 dictus
1831 1221 1926 1280 est
1970 1220 2296 1280 GerarduS.
2388 1220 2456 1281 Is
2497 1221 2660 1281 clam

250 1313 474 1375 habuit
514 1333 651 1374 rem
690 1333 832 1373 cum
871 1314 1034 1375 dicta
1061 1314 1420 1392 Margareta,
1463 1336 1573 1394 spe
1609 1316 1896 1394 coniugii.
1986 1317 2070 1377 Et
2111 1320 2260 1377 sunt
2301 1318 2410 1395 qui
2450 1318 2658 1380 dicant
2687 1341 2716 1392 5

250 1411 677 1471 intercessisse
711 1410 912 1471 verba.
1001 1412 1159 1473 Eam
1198 1433 1329 1472 rem
1368 1414 1624 1491 indigne
1660 1414 1945 1475 tulerunt
1983 1417 2047 1475 et
2086 1419 2375 1492 parentes
2404 1416 2664 1478 Gerardi

254 1513 316 1570 et
354 1510 603 1570 fratrea.
691 1509 880 1569 Pater
920 1515 1050 1571 erat
1075 1510 1314 1586 Heliae,
1357 1516 1559 1573 mater
1593 1513 1915 1575 Catarina:
1955 1516 2215 1591 vterque
2255 1515 2540 1592 peruenit
2583 1515 2662 1576 ad

252 1612 605 1668 extremam
666 1611 1066 1683 senectutem,
1129 1609 1419 1671 Catarina
1471 1630 1630 1688 pene
1686 1612 1763 1671 ad
1820 1612 2302 1689 nonagesimum
2367 1613 2663 1690 quintum

253 1726 518 1768 annum.
589 1705 836 1766 Fratres
862 1710 1037 1767 erant
1064 1708 1296 1782 decem,
1325 1708 1501 1769 nulla
1528 1729 1740 1784 soror;
1780 1729 1857 1768 ex
1886 1710 2107 1770 eodem
2134 1711 2309 1787 patre
2336 1714 2399 1770 et
2424 1716 2625 1771 matre
2647 1735 2663 1783 ς

253 1824 479 1865 omnes
508 1804 838 1882 coniugati.
914 1806 1227 1867 Gerardus
1253 1812 1382 1867 erat
1410 1810 1563 1867 natu
1593 1807 1914 1883 minimus,
1939 1828 2065 1868 vno
2093 1811 2365 1886 excepto.
2439 1809 2662 1870 Visum
2694 1833 2754 1869 10

255 1906 351 1964 est
398 1901 702 1963 omnibus
746 1906 819 1963 vt
867 1922 942 1963 ex
989 1905 1166 1964 tanto
1215 1924 1474 1965 numero
1522 1923 1689 1965 vnus
1733 1905 1865 1965 Deo
1921 1909 2391 1967 consecraretur.
2483 1907 2665 1968 Nosti

256 2002 519 2062 affectus
545 2020 789 2061 senum.
881 2001 964 2061 Et
989 2002 1213 2062 fmtres
1239 2002 1536 2063 nolebant
1564 2003 1768 2063 minui
1794 2023 1946 2078 rem,
1980 2005 2088 2064 sed
2120 2025 2252 2066 esse
2279 2007 2444 2084 apud
2475 2027 2662 2084 quem

257 2100 379 2178 ipsi
424 2099 923 2161 conuiuarentur.
1013 2103 1325 2161 Gerardus
1364 2101 1586 2162 videns
1633 2121 1701 2163 se
1745 2101 1949 2163 modis
1995 2103 2288 2164 omnibus
2334 2105 2581 2166 excludi
2627 2126 2665 2167 a

258 2198 665 2260 matrimonio
713 2219 941 2276 magno
981 2218 1284 2260 consensu
1330 2200 1631 2276 omnium,
1676 2200 1824 2261 fecit
1863 2202 2027 2280 quod
2071 2202 2273 2262 solent
2318 2203 2663 2280 desperati;

259 2297 424 2357 clam
464 2298 712 2374 aufugit
756 2301 821 2357 et
864 2316 939 2356 ex
986 2297 1212 2357 itinere
1255 2297 1432 2358 misit
1475 2299 1840 2375 parentibus
1882 2303 1945 2360 et
1991 2300 2289 2361 fratribus
2335 2302 2663 2377 epistolam
2692 2326 2750 2377 15

259 2415 405 2455 cum
445 2415 641 2455 manu
685 2414 946 2455 manum
987 2395 1321 2473 complexa,
1370 2397 1581 2457 addito
1623 2398 1823 2476 elogio
1871 2400 1886 2428 ‘
1904 2398 2141 2474 Valete‚
2185 2419 2510 2477 nunquam
2552 2421 2665 2461 vos

257 2493 531 2555 videbo)

341 2592 613 2654 Interim
642 2592 856 2653 relicta
884 2596 978 2653 est
1005 2597 1247 2670 sperata
1274 2593 1545 2654 coniunx
1588 2596 1860 2672 grauida.
1945 2597 2113 2656 Puer
2148 2595 2336 2657 alitus
2376 2601 2471 2658 est
2498 2598 2661 2675 apud

261 2693 485 2754 auiam.
574 2692 889 2753 Gerardus
934 2692 1199 2752 Romam
1249 2712 1315 2752 se
1370 2693 1653 2754 contulit.
1745 2694 1885 2755 Illic
1929 2695 2269 2771 scribendo,
2326 2716 2472 2756 nam
2523 2699 2663 2756 tum

262 2791 550 2853 nondum
578 2793 710 2850 erat
747 2809 848 2849 ars
884 2789 1429 2868 typographorum,
1465 2811 1600 2852 rem
1635 2792 1876 2852 affatim
1918 2794 2176 2870 parauit.
2266 2794 2417 2854 Erat
2453 2797 2664 2853 autem
2695 2819 2757 2854 πο

264 2910 457 2950 manu
498 2888 870 2949 felicissima.
959 2888 1045 2948 Et
1075 2889 1231 2950 vixit
1270 2889 1645 2951 iuueniliter.
1737 2890 1884 2951 Mox
1926 2891 2220 2968 applicuit
2258 2892 2544 2952 animum
2586 2890 2665 2951 ad

327 3034 426 3070 m.
445 3032 820 3068 contraitum.
872 3016 1058 3080 ,λάθρα
1088 3017 1176 3068 0¹:
1207 3033 1555 3068 conprimunt
1578 3034 1737 3070 vius
1762 3036 1935 3071 nram.
1952 3035 2148 3070 :imm
2162 3033 2499 3069 ιιοτιιιιοῡιιι
2520 3020 2607 3069 0²:
2640 3021 2668 3068 ὁ

262 3084 375 3140 Βίας
397 3083 554 3147 λάθρα
571 3102 619 3134 α.
714 3096 756 3133 ι.
783 3084 957 3133 Natus
973 3084 1092 3134 Rot.
1110 3083 1200 3133 0¹·
1223 3085 1395 3133 Natus
1416 3087 1498 3133 est
1521 3102 1586 3134 a:
1608 3086 1911 3136 Aeternum
1930 3087 2074 3136 illud
2091 3087 2324 3136 Naturae
2342 3086 2666 3136 miraculum

267 3150 585 3200 Desidet-ius
604 3149 863 3199 Erasmus
885 3154 1047 3200 natus
1068 3154 1150 3199 est
1173 3149 1515 3199 Boterodami
1532 3150 1908 3202 o¹.1udae
1933 3153 1984 3201 Οι
1997 3169 2064 3201 a:
2095 3152 2266 3202 Iudae
2287 3153 2666 3216 Apostolorum

266 3215 340 3265 0⁸.
564 3230 614 3264 2.
648 3230 711 3276 57
738 3212 821 3264 0¹:
846 3216 1256 3278 :quinquaginta
1277 3218 1485 3278 septem
1506 3233 1569 3266 α·
1602 3217 1946 3281 supputat..
1975 3232 2075 3281 ,57
2099 3234 2188 3267 om.
2214 3217 2284 3268 0¹.
2496 3217 2668 3268 Mater

266 3281 319 3330 Οι
333 3299 404 3330 a:
436 3281 614 3331 Mater
634 3282 756 3329 eius
778 3278 847 3330 0’.
1055 3296 1103 3342 3.
1137 3281 1556 3343 Zeuenberghen
1580 3299 1625 3333 ιι.
1843 3299 1889 3347 7.
1925 3254 2072 3333 iilius
2091 3302 2140 3334 α.
2303 3282 2597 3332 Catharina
2620 3302 2667 3333 α.

265 3348 314 3397 8.
353 3346 654 3396 Catharina
676 3364 728 3395 α.
815 3360 952 3410 pene
978 3350 1042 3395 0:
1079 3361 1216 3409 pene
1234 3362 1399 3408 vsque
1422 3364 1472 3396 α.
1566 3361 1639 3408 ι3.
1679 3350 1782 3411 ipsi
1809 3365 1898 3398 om.
1922 3367 1967 3401 α.
2050 3365 2164 3398 sese
2187 3368 2233 3398 α.
2321 3351 2398 3399 ι8.
2432 3349 2667 3399 Interim

267 3417 452 3462 tamen
476 3431 523 3460 α.
660 3414 741 3460 est
756 3418 861 3470 post
880 3412 1044 3461 alitus
1066 3428 1154 3460 om.
1183 3430 1228 3460 α.
1432 3427 1507 3475 19.
1541 3414 1660 3462 tum
1687 3418 1751 3463 0:
1787 3417 1920 3465 tunc
1941 3432 1989 3465 α.

337 3579 379 3614 ι.
417 3564 597 3613 Natus
629 3562 783 3626 Βοὴ]
819 3562 888 3611 Ιιι
922 3562 1018 3611 the
1053 3561 1241 3611 Gouda
1270 3565 1420 3611 town
1523 3563 1778 3612 Goudani
1813 3599 1826 3612 .
1865 3599 1879 3613 .
1915 3599 1930 3614 .
1966 3564 2076 3614 Hic
2110 3563 2302 3614 solitus
2339 3564 2457 3612 erat
2494 3563 2669 3613 dicere

267 3628 475 3692 librat-y
495 3632 547 3678 is
579 3643 613 3676 a
643 3628 742 3676 life
774 3627 834 3676 of
858 3627 1118 3677 Erasmus
1149 3625 1422 3676 extracted
1522 3626 1780 3678 fratribus
1837 3629 2055 3690 nostris,
2103 3629 2301 3690 quibus
2356 3630 2667 3692 saepissime

268 3696 329 3743 in
364 3695 477 3744 ΠΒ.
508 3695 649 3744 from
681 3693 964 3745 Cornelius
990 3693 1123 3742 Loos
1156 3692 1424 3744 callidius
1524 3693 1710 3744 aderat
1761 3696 1820 3744 in
1867 3695 2058 3744 diebus
2108 3695 2497 3749 minutionum.
2540 3695 2670 3755 quia

267 3760 334 3825 (ἠ-
346 3775 382 3821 3
396 3760 521 3810 rob.
544 3759 700 3823 1595)
717 3760 775 3809 of
783 3757 1016 3808 Gouda's
1029 3762 1297 3808 lunarium
1314 3763 1421 3808 Ger·
1523 3760 1768 3809 medicus
1784 3763 1969 3810 noster
1984 3762 2116 3822 erat,
2134 3760 2320 3810 dicens
2337 3775 2394 3810 se
2410 3757 2670 3809 maluisse

268 3831 461 3875 ’κωπίω
481 3831 761 3884 aripennem
780 3827 1037 3886 Caeloque,
1061 3825 1256 3888 naim,
1279 3825 1418 3885 1582.
1522 3839 1620 3887 pro
1666 3824 1916 3875 ducentis
1958 3826 2180 3874 florenis
2223 3826 2370 3888 quod
2413 3825 2670 3875 Erasmus

269 3890 407 3940 Iaces
428 3906 555 3954 says
576 3889 663 3952 (Ρ.
689 3888 758 3939 D·
778 3892 860 3950 νο)
886 3890 970 3938 ‘Si
1000 3904 1230 3939 auorum
1256 3889 1423 3940 tradi·
1522 3891 1822 3953 scripsisset
1856 3906 1912 3940 ee
1947 3891 2294 3954 Goudanum,
2326 3890 2669 3954 quemadmo-

269 3958 413 4006 tioni
445 3959 507 4005 in
549 3957 674 4004 istis
705 3956 949 4018 partibus
988 3955 1122 4005 fides
1154 3954 1423 4017 habenda,
1523 3955 1658 4004 dum
1689 3958 1904 4020 scripsit
1936 3971 1993 4005 se
2022 3956 2456 4006 Boterodamum.
2528 3956 2669 4006 Nam

270 4025 497 4084 parente
562 4023 777 4070 vicinae
837 4022 1077 4070 ciuitatis
1130 4021 1423 4070 Goudanae
1522 4036 1727 4085 reuera,
1744 4022 2024 4084 inquiebat
2037 4022 2146 4085 ille,
2165 4024 2276 4072 scio
2288 4022 2434 4085 quod
2447 4022 2670 4072 Goudae

270 4087 507 4150 parocho
528 4090 695 4137 natus
715 4088 816 4147 est,
839 4088 1226 4150 praegnantem
1252 4088 1421 4136 famu·
1522 4090 1687 4137 natus
1718 4089 1807 4148 sit,
1841 4087 1968 4138 licet
2001 4087 2340 4137 Roterodami
2372 4085 2669 4137 educatus!

272 4152 384 4202 lam
437 4167 548 4216 quo
596 4154 809 4202 crimen
865 4153 1131 4201 celaretur
1175 4187 1191 4203 .
1236 4187 1250 4201 .
1301 4189 1315 4203 .
1361 4154 1422 4201 in
1525 4153 1750 4202 NAKG.
1780 4155 1918 4216 1845,
1945 4168 2031 4216 pp.
2060 4167 2236 4215 235-9.

271 4220 574 4281 proximam
630 4219 916 4267 ciuitatem
971 4217 1885 4281 ablegante..1·2ramus·s
1928 4221 2222 4268 statement
2255 4219 2302 4267 is
2334 4221 2392 4268 at
2431 4217 2569 4268 least
2611 4231 2670 4264 as

273 4283 484 4334 Prcdiit
514 4285 576 4333 in
614 4282 794 4333 lucem
829 4297 977 4332 anno
1013 4285 1176 4344 1469!
1524 4283 1659 4347 good
1703 4300 1763 4333 as
1795 4285 1999 4347 Snoy‘s.
2068 4282 2216 4333 Loos'
2253 4283 2447 4334 sketch
2492 4284 2670 4333 shows

334 4349 411 4399 'l'o
444 4351 560 4400 this
594 4350 693 4399 the
724 4349 917 4398 writer
946 4349 1006 4397 of
1033 4349 1128 4398 the
1156 4348 1265 4398 MS.
1291 4348 1426 4398 adds
1523 4364 1670 4399 some
1695 4350 1810 4399 bias
1832 4351 2043 4414 against
2067 4351 2335 4399 Erasmus.

274 4416 335 4463 in
381 4416 771 4480 indignatione
840 4416 855 4443 ‘
874 4415 1085 4463 Cei-tius
1133 4429 1229 4478 ego
1271 4415 1425 4463 testi·
1588 4415 1799 4478 vigilia]
1835 4416 1950 4466 Oct.
1988 4430 2069 4476 27.
2137 4415 2250 4464 The
2283 4416 2407 4463 date
2451 4412 2669 4473 usually

275 4483 518 4531 monium
553 4481 822 4530 adducere
855 4493 1088 4544 possum,
1120 4482 1217 4542 qui
1250 4481 1426 4530 multo
1523 4482 1686 4544 given
1702 4481 1771 4544 by
1786 4482 2038 4530 Erasmus
2056 4483 2103 4530 is
2117 4483 2232 4531 Oct.
2248 4481 2342 4542 283
2363 4481 2605 4541 seeApp.
2622 4492 2668 4525 2.

275 4548 448 4597 senior
486 4548 593 4598 hoc
637 4549 833 4596 autore
876 4559 1016 4608 sum,
1062 4546 1210 4608 quod
1262 4546 1425 4595 multi
1527 4546 1605 4597 Of.
1636 4546 1804 4596 Lond.
1828 4548 1983 4597 xxiii.
2006 4549 2056 4608 6,
2085 4547 2190 4596 LB.
2216 4549 2317 4608 65ο
2341 4546 2463 4609 (750
2486 4549 2560 4602 n).

281 4609 503 4664 haeum
549 4615 874 4663 nostrorum
914 4610 1172 4660 audiuere
1219 4625 1286 4660 ex
1334 4627 1426 4661 ore
1592 4629 1639 4673 4.
1694 4612 1979 4676 Dordraci]
2019 4612 2251 4674 perhaps
2288 4613 2348 4660 in
2387 4610 2483 4662 the
2527 4623 2670 4657 sum·

282 4676 496 4741 Regneri
569 4680 742 4741 Snoy,
808 4676 1047 4727 consulis
1111 4679 1166 4727 et
1231 4677 1428 4727 medici
1529 4693 1646 4727 mer
1680 4679 1739 4728 of
1772 4680 1932 4741 14983
1967 4679 2031 4727 cf.
2067 4692 2117 4740 p.
2141 4693 2253 4738 203.
