3355 5380
563 391 631 445 21
646 391 682 443 4
1281 381 1665 444 LETTERS
1710 382 1818 443 OF
1863 378 2267 442 ERASMUS
2773 375 2832 458 [1
2844 382 2962 455 498

562 545 866 622 quantum
910 538 1250 616 voluptatis
1297 539 1382 600 sit
1423 538 1493 598 in
1536 538 1750 600 literis.
1860 539 2122 597 Doctam
2168 536 2545 615 probitatem
2591 535 2823 610 efferes,
2864 553 2969 595 me

560 638 1043 711 commendabis,
1099 640 1164 697 te
1217 637 1485 715 benigne
1540 635 1781 698 offeres.
1897 635 2094 696 Crede
2148 635 2327 708 mihi,
2388 633 2715 707 Gulielme,
2775 631 2967 693 etiam

561 738 809 801 nomini
855 735 1159 815 profuerit
1204 739 1330 797 tuo.
1423 735 1605 796 Vnus
1650 736 1748 795 est
1794 733 1904 812 qui
1949 734 2114 795 inter
2159 754 2305 795 suos
2343 734 2691 812 plurimum
2730 730 2969 802 valeat3

560 837 820 900 habebis
855 835 965 913 qui
1001 837 1110 895 tua
1143 835 1374 911 scripta
1408 853 1521 910 per
1546 833 1848 912 Angliam
1885 835 2148 911 spargat.
2236 831 2483 892 Iterum
2515 834 2702 909 atque
2739 829 2968 889 iterum

472 959 535 1010 55
560 942 624 999 te
652 958 760 998 oro
786 938 875 1010 vt,
907 934 962 995 si
989 932 1139 1011 quid
1168 952 1272 993 me
1300 951 1493 1008 amas,
1521 931 1675 993 haec
1704 951 1802 992 res
1828 931 1947 992 tibi
1974 931 2061 991 sit
2085 931 2276 992 cordi.

645 1036 985 1097 Succenseo
1016 1030 1138 1091 tibi
1174 1031 1337 1108 quod
1371 1034 1507 1091 tam
1540 1029 1825 1105 breuiter,
1858 1032 1990 1091 tam
2015 1028 2418 1107 indiligenter
2443 1025 2778 1106 scripseris.
2869 1025 2970 1087 Me

559 1135 877 1205 miserum,
908 1152 982 1192 eo
1022 1149 1122 1190 res
1160 1128 1353 1190 rediit
1389 1132 1462 1189 vt
1499 1147 1804 1206 magnum
1845 1127 1967 1189 tibi
2008 1128 2307 1203 videatur,
2351 1127 2407 1188 si
2448 1146 2574 1187 vna
2613 1128 2795 1187 nocte
2829 1144 2972 1186 mea

560 1252 743 1294 causa
766 1230 1007 1309 vigiles.
1080 1230 1188 1289 An
1215 1227 1564 1288 excidimus
1589 1225 1758 1286 inter
1780 1226 2135 1303 voluptates
2149 1227 2184 1287 Ῥ
2234 1224 2498 1285 Vtinam
2526 1244 2639 1302 ego
2665 1223 2973 1301 particeps

560 1330 824 1391 istarum
849 1328 1081 1389 viuam.
1170 1325 1291 1388 Sed
1319 1325 1466 1385 vide
1493 1345 1618 1403 quo
1646 1343 1763 1385 nos
1786 1323 2049 1385 ambitio
2080 1323 2375 1385 reiecerit.
2461 1320 2723 1401 Sisyphi
2749 1341 2970 1383 saxum

470 1436 537 1488 60
563 1428 883 1491 voluimus
936 1427 1159 1488 adhuc.
1268 1423 1528 1502 Aliquid
1583 1423 1899 1498 molimur,
1961 1425 2127 1502 quod
2189 1423 2243 1484 si
2301 1441 2524 1500 parum
2585 1421 2970 1499 processerit,

561 1528 768 1591 isthuc
834 1525 1151 1587 aduolabo.
1266 1524 1364 1585 De
1422 1522 1595 1584 victu
1658 1522 1920 1584 honesto
1975 1521 2153 1584 nulla
2208 1523 2306 1582 est
2358 1519 2521 1581 mihi
2573 1519 2972 1595 sollicitud03

476 1693 483 1699 ,
564 1625 848 1687 certatim
903 1642 1177 1702 quaeror,
1228 1621 1507 1698 vndique
1552 1619 1810 1681 ambior.
1901 1620 2025 1681 Sed
2076 1640 2113 1680 o
2159 1619 2404 1681 vtinam
2447 1621 2558 1679 aut
2600 1638 2714 1697 ego
2761 1622 2972 1680 tecum

562 1728 671 1787 aut
715 1728 785 1785 tu
835 1741 1083 1783 mecum
1128 1719 1387 1780 viueres.
1484 1718 1702 1778 Nescis
1755 1737 1944 1797 quam
1996 1717 2092 1779 tui
2146 1717 2472 1796 desyderio
2525 1736 2814 1792 macerer,
2874 1718 2972 1779 tui

563 1824 825 1900 inquam
852 1821 1057 1880 vnius.
1117 1816 1365 1878 Excidit
1392 1816 1495 1890 K,
1519 1816 1750 1877 excidit
1777 1817 1854 1891 I.,
1881 1815 2109 1876 excidit
2134 1817 2222 1890 0.,
2245 1816 2522 1876 excidere
2549 1816 2792 1890 caeteri,
2816 1836 2971 1894 quos

473 1929 536 1994 65
564 1940 695 1981 non
721 1917 997 1992 nomino,
1030 1936 1111 1976 ne
1136 1915 1282 1976 lites
1310 1914 1576 1976 audiam.
1642 1914 1825 1975 Vnus
1851 1914 2208 1975 Gulielmus
2231 1913 2435 1976 haesit
2460 1914 2714 1992 penitus
2737 1914 2975 1976 infixus

563 2018 875 2080 medullis.
967 2015 1165 2076 Credo
1210 2017 1273 2073 te
1322 2013 1625 2074 veneficia
1668 2013 1909 2073 callere.
2015 2012 2160 2073 Non
2204 2032 2319 2090 ego
2368 2012 2589 2074 malim
2637 2030 2783 2074 cum
2830 2013 2972 2090 ipso

566 2117 870 2179 Pontifice
924 2132 1114 2192 quam
1168 2114 1377 2173 tecum
1435 2112 1663 2172 viuere.
1773 2110 2141 2172 Honestatis
2194 2111 2400 2172 studio
2453 2110 2814 2172 duriuscule
2867 2111 2975 2173 hic

562 2213 859 2275 viuimus.
974 2210 1197 2273 Valeat
1271 2229 1500 2270 nomen
1569 2208 1858 2286 theologi,
1925 2208 2131 2271 valeat
2197 2210 2381 2283 fama,
2452 2208 2660 2270 valeat
2725 2209 2975 2271 inutilis

565 2310 853 2390 dignitas.
942 2310 1083 2371 Iam
1123 2308 1467 2386 praelibaui
1510 2307 1660 2385 quid
1696 2307 1781 2369 sit
1816 2327 1951 2368 esse
1986 2307 2241 2386 aliquid.
2330 2307 2494 2384 Quid
2537 2308 2746 2386 potius
2781 2328 2969 2386 quam

478 2433 540 2486 70
562 2410 790 2489 garrire
819 2428 965 2468 cum
992 2407 1261 2468 amiculo
1277 2408 1310 2466 Ῥ

648 2509 788 2568 Iam
843 2509 969 2566 tres
1022 2525 1271 2566 menses
1327 2508 1477 2565 sunt
1530 2504 1695 2581 quod
1745 2523 1948 2580 neque
2007 2503 2308 2565 Faustum
2356 2525 2560 2583 neque
2611 2506 2971 2584 Gaguinum

567 2604 986 2666 salutauerim.
1067 2603 1164 2663 Tu
1206 2606 1418 2664 tamen
1461 2601 1691 2662 scribes
1724 2601 1804 2662 ad
1842 2601 2147 2663 Faustum
2183 2602 2548 2664 doctissime
2569 2605 2644 2664 ‘et
2675 2604 2967 2678 breuiter,

566 2705 642 2765 ad
665 2703 1027 2780 Gaguinum
1044 2702 1370 2764 verbosius
1391 2724 1407 2775 3
1432 2719 1628 2778 pauca
1647 2699 2038 2761 familiariter
2058 2701 2420 2779 disputabis,
2449 2703 2580 2765 imo
2606 2704 2971 2782 disputandi

565 2800 887 2878 praebebis
922 2801 1262 2862 materiam.
1349 2796 1789 2873 Tabenarium,
1826 2800 2161 2876 cognatum
2197 2802 2403 2876 tuum,
2443 2821 2567 2878 quo
2605 2801 2975 2880 diligentius

479 2921 538 2974 7⁵
568 2901 782 2959 nostra
828 2899 1114 2977 perferat,
1161 2897 1493 2975 magnifice
1539 2897 1986 2973 compellabis;
2045 2900 2144 2958 est
2188 2899 2359 2960 enim
2399 2898 2658 2959 honoris
2704 2900 2967 2962 auidior.

568 2997 745 3072 Quod
775 2998 854 3058 ad
881 2998 1159 3058 dandum
1186 2997 1428 3071 attinet,
1454 3016 1492 3057 a
1517 3014 1621 3055 me
1646 2994 2003 3069 curabitur3
2041 2998 2113 3056 tu
2140 2995 2196 3057 si
2223 2997 2376 3073 quid
2404 2997 2579 3059 voles
2602 3001 2712 3059 aut
2736 2999 2966 3078 egebis,

568 3095 730 3156 mihi
760 3094 1124 3173 significato.
1206 3093 1535 3155 Habemus
1571 3112 1819 3169 semper
1849 3113 2052 3154 vnum
2084 3096 2272 3172 atque
2302 3095 2574 3157 alterum
2604 3101 2971 3160 coronatum

567 3193 901 3254 Gulielmo.
988 3194 1149 3254 Vide
1186 3213 1378 3271 quam
1417 3190 1585 3252 Galli
1620 3210 1858 3253 sumus.
1945 3191 2069 3252 Sed
2107 3195 2283 3254 extra
2316 3193 2541 3270 iocum,
2574 3195 2652 3257 de
2685 3196 2972 3258 antistite

565 3290 942 3352 Traiectensi
967 3311 1068 3351 res
1095 3290 1260 3368 apud
1288 3310 1392 3351 me
1418 3289 1664 3350 refrixit
1689 3311 1705 3363 ;
1746 3289 2031 3367 intelligo
2058 3309 2207 3351 eum
2233 3292 2557 3354 hominem
2585 3295 2966 3356 famelicum.

477 3399 542 3447 80
567 3387 704 3463 Quo
736 3391 917 3465 pacto
953 3388 1070 3449 tibi
1104 3388 1292 3448 isthic
1324 3387 1460 3449 vita
1494 3387 1798 3464 procedat,
1827 3388 1979 3466 quid
2016 3391 2160 3466 agat
2194 3389 2402 3465 frater,
2436 3392 2585 3469 quid
2622 3390 2969 3468 Cornelius,

566 3486 717 3564 quid
755 3486 1093 3560 Seruatius,
1136 3485 1288 3563 quid
1323 3485 1562 3560 caeteri,
1598 3486 1697 3547 fac
1729 3485 1941 3547 omnia
1974 3489 2186 3549 sciam.
2276 3488 2489 3550 Scribe
2532 3490 2974 3553 verbosissime

565 3590 628 3645 et
656 3584 991 3662 diligenter
1016 3606 1031 3659 ;
1071 3585 1199 3645 imo
1225 3604 1470 3663 semper
1495 3584 1614 3646 sub
1641 3583 1955 3645 tabellarii
1980 3586 2325 3647 aduentum
2355 3588 2568 3651 literas
2594 3594 2828 3667 parato.

648 3682 958 3744 Boschius
981 3702 1021 3744 a
1048 3683 1335 3745 Cornelio
1361 3682 1576 3744 literas
1600 3682 1909 3760 accepisse
1935 3703 2001 3744 se
2037 3684 2255 3745 scribit
2277 3706 2293 3760 ;
2336 3689 2445 3746 tua
2471 3687 2748 3749 carmina
2773 3688 2931 3766 petit
2955 3709 2975 3761 ς

566 3781 853 3860 intelligo
891 3782 968 3842 de
1003 3802 1106 3842 me
1144 3783 1307 3843 nihil
1336 3782 1671 3859 scripsisse.
1760 3782 2119 3844 Cornelium
2145 3783 2498 3847 subiratum
2533 3786 2825 3865 suspicor,
2860 3807 2974 3848 nec

1519 3896 1601 3957 84.
1636 3908 1738 3944 nec
1760 3899 1806 3943 Ε
1826 3914 1838 3945 2
1874 3910 1943 3944 ne
1966 3900 2019 3946 F.

633 4038 713 4097 58.
752 4037 1077 4100 excidimus]
1113 4037 1192 4086 cf.
1224 4040 1291 4086 Dc
1326 4041 1549 4086 Conscrib.
1572 4038 1725 4094 Epist.
1824 4036 2057 4100 perhaps
2109 4039 2244 4088 been
2295 4040 2461 4102 urged
2516 4040 2587 4102 by
2630 4039 2859 4089 Werner
2915 4043 2973 4088 to

572 4102 700 4166 (LB.
744 4103 784 4152 i.
823 4117 919 4165 457
948 4105 1079 4164 r-ss
1101 4102 1181 4165 Δ),
1224 4103 1406 4151 where
1449 4101 1722 4152 Siberch's
1824 4103 1951 4151 seek
1984 4104 2190 4153 service
2222 4104 2401 4154 under
2431 4105 2589 4167 him3
2633 4106 2699 4156 cf.
2734 4105 2770 4154 l.
2792 4109 2901 4156 611.

571 4168 656 4217 edi
664 4170 797 4229 tion,
813 4169 847 4217 f.
862 4171 943 4230 64,
962 4167 1117 4218 reads
1132 4169 1386 4218 Erasmus
1403 4168 1486 4216 for
1505 4168 1720 4216 Lucius.
1888 4169 1971 4231 83.
2005 4169 2292 4234 Boschius]
2314 4171 2363 4218 A
2381 4169 2543 4220 letter
2565 4171 2704 4221 from
2720 4171 2896 4221 Boseh
2914 4174 2975 4221 to

479 4234 483 4239 '
570 4234 681 4282 'I'he
719 4238 1075 4294 mundatoria
1119 4238 1307 4294 epistola
1349 4235 1411 4282 in
1449 4232 1633 4283 which
1675 4234 1722 4282 it
1824 4233 2109 4284 Cornelius
2152 4236 2201 4283 is
2244 4235 2465 4299 printed
2509 4237 2583 4298 by
2627 4237 2949 4299 Molhuysen

570 4314 758 4349 occurs
810 4314 923 4350 was
972 4299 1236 4362 probably
1283 4298 1460 4349 added
1506 4300 1570 4347 in
1622 4297 1720 4347 the
1823 4302 1952 4349 Gor-n.
1994 4303 2238 4364 Aurelius,
2276 4316 2330 4364 p.
2377 4316 2455 4362 27.
2528 4303 2690 4352 From
2730 4272 2973 4353 inter-nal

571 4366 810 4415 revision
834 4365 894 4414 of
914 4380 1072 4427 14993
1105 4380 1194 4415 see
1217 4380 1267 4427 p.
1299 4366 1411 4426 198.
1821 4365 2082 4414 evidence
2111 4366 2157 4415 it
2191 4367 2240 4415 is
2269 4367 2330 4416 of
2352 4368 2519 4416 about
2549 4367 2663 4418 this
2694 4367 2835 4428 date,
2860 4367 2974 4417 and

638 4433 716 4492 78.
754 4431 921 4496 Galli]
959 4432 1036 4481 cf.
1074 4435 1249 4481 Famiz.
1281 4434 1439 4488 Conco.
1472 4433 1720 4478 Famulae
1822 4444 1951 4492 may
1982 4431 2049 4480 be
2082 4431 2302 4481 Bosch’s
2339 4447 2554 4482 answer
2587 4435 2645 4483 to
2677 4433 2772 4483 the
2806 4432 2977 4482 letter

571 4498 852 4547 Gallorum
868 4496 1330 4560 magnificentiam
1347 4495 1714 4558 (Latos-11³).
1819 4497 2138 4545 mentioned
2171 4498 2317 4548 here.
2400 4498 2515 4547 'l'he
2548 4499 2823 4561 emphasis
2856 4498 2976 4548 laid

636 4578 713 4626 79.
747 4563 1075 4612 Traiectensi
1132 4561 1422 4611 Frederick
1446 4560 1505 4609 of
1529 4559 1718 4609 Baden
1818 4575 1891 4610 on
1932 4562 2273 4612 ‘Herasmus'
2290 4564 2304 4584 '
2336 4563 2471 4626 high
2505 4565 2728 4626 opinion
2762 4565 2821 4614 οἰ
2847 4563 2975 4614 cor-

574 4629 630 4691 (†
651 4643 714 4689 24
759 4629 907 4692 Sept.
958 4642 1081 4689 1517
1132 4643 1145 4686 3
1216 4627 1315 4689 Bp.
1363 4626 1425 4674 of
1466 4625 1715 4685 Utrecht,
1818 4627 1998 4677 nelius
2030 4630 2270 4692 suggests
2303 4628 2426 4678 that
2462 4629 2635 4679 Bosch
2675 4644 2802 4692 may
2833 4629 2980 4680 have

575 4707 634 4754 13
680 4693 804 4756 May
858 4694 1195 4758 1496—1516.
1295 4691 1551 4742 Erasmus
1606 4691 1715 4741 had
1818 4693 1957 4743 been
1979 4708 2156 4743 aware
2180 4695 2237 4744 of
2255 4694 2344 4744 his
2366 4698 2585 4758 present
2607 4695 2928 4758 suspicions.
