3355 5380
685 307 804 360 474
1381 298 1765 360 ,LETTERS
1819 297 1925 358 or
1976 296 2380 359 ERASMUS
2885 291 3039 377 [151
3058 312 3085 353 ι

1095 457 1494 535 Linguaeque
1534 457 1844 535 plectrum
1886 460 2019 517 tam
2059 475 2250 517 suaue
2292 454 2587 530 tinniens,

1091 557 1297 618 Mores
1337 556 1562 617 dehinc
1602 556 1789 616 horas
1830 555 1908 615 ad
1950 555 2192 616 omneis
2232 554 2605 628 commodos,

1096 653 1349 729 Faciles,
1396 654 1646 728 amicos,
1696 652 1884 714 melle
1924 651 2184 713 melleos
2223 652 2440 730 magis,

601 770 619 804 1
632 770 660 821 5
1094 753 1385 827 Veneres,
1430 752 1687 829 lepores,
1734 751 1998 826 Gratias,
2035 750 2212 825 risus,
2252 751 2438 826 iocos,

1094 851 1314 911 Mitem
1355 849 1651 925 indolem,
1698 848 2054 926 mentisque
2094 849 2424 910 candorem
2466 868 2722 924 nouum,

1097 948 1381 1026 Mireque
1422 948 1688 1010 mixtam
1729 947 2078 1025 simplicem
2120 947 2550 1024 prudentiam:

1091 1046 1217 1107 His
1255 1049 1472 1123 pectus
1512 1047 1672 1107 adde
1713 1044 1965 1106 sordido
2004 1064 2296 1106 auersum
2335 1045 2526 1122 lucro,

1097 1145 1519 1223 Dextramque
1560 1163 1751 1222 quam
1791 1163 1905 1222 pro
1946 1146 2113 1204 sorte
2153 1142 2633 1221 largiusculam:

606 1260 669 1296 20
807 1296 815 1304 .
1104 1243 1244 1305 Iam
1285 1264 1477 1323 quam
1517 1243 1774 1321 benigni
1814 1262 1974 1304 vena
2014 1242 2192 1304 diues
2231 1244 2464 1320 ingeni,

1101 1341 1268 1418 Quot
1307 1341 1560 1403 animus
1597 1361 1765 1402 vnus
1804 1340 2115 1417 expolitus
2154 1340 2393 1414 literis3

1098 1442 1197 1502 Ac
1236 1459 1453 1502 rursus
1493 1439 1595 1499 his
1634 1458 1747 1516 par
1785 1438 1995 1499 addita
2034 1442 2131 1499 est
2172 1440 2479 1513 facundia,

1100 1538 1375 1600 Demum
1415 1538 1710 1600 vniuersa
1748 1537 1901 1598 haec
1941 1557 2080 1598 rara
2120 1539 2333 1599 condit
2372 1538 2646 1612 comitas,

1103 1638 1188 1697 Et
1227 1637 1496 1715 improbi
1539 1636 1756 1698 liuoris
1796 1639 1963 1697 arcet
1984 1636 2309 1697 -fascinum

612 1751 670 1802 ²⁵
1105 1736 1440 1797 Modestiae
1479 1735 1845 1810 iocunditas,
1894 1753 2038 1794 cum
2081 1734 2332 1796 dotibus

1108 1834 1188 1894 In
1231 1835 1361 1894 tam
1404 1833 1689 1911 superbis
1728 1833 1820 1893 nil
1862 1833 2201 1909 superbum
2243 1835 2311 1894 in
2354 1833 2649 1895 moribus.

1107 1932 1280 1992 Haec
1320 1932 1615 2010 quisquis,
1664 1933 1937 2009 inquam,
1984 1932 2252 2008 pensitet
2295 1936 2391 1993 tot
2433 1932 2675 1994 affatim

1108 2031 1417 2109 Congesta
1453 2030 1525 2090 in
1564 2050 1786 2105 vnum,
1828 2050 2038 2090 nonne
2078 2031 2303 2091 merito
2346 2030 2594 2108 dixerit,

1110 2128 1240 2189 Soli
1279 2131 1601 2206 parentem
1643 2129 1836 2188 fuisse
1878 2130 2164 2188 naturam
2203 2127 2320 2188 tibi
2341 2131 2375 2189 ⁴?

615 2239 680 2288 30
1107 2227 1340 2289 Contra
1380 2246 1720 2288 nouercam
1760 2225 2016 2286 caeteris
2056 2225 2443 2301 mortalibus,

1110 2325 1361 2385 Horum
1402 2325 1549 2386 licet
1590 2324 1710 2385 tibi
1749 2325 1884 2401 ipse
1923 2324 2110 2384 debes
2156 2324 2466 2402 pleraque.

1112 2424 1374 2484 Restant
1414 2426 1576 2498 tuae,
1624 2424 1918 2497 Fortuna,
1966 2424 2092 2483 iam
2134 2427 2359 2500 partes,
2404 2424 2498 2483 vti

1111 2523 1305 2584 Dotes
1346 2522 1436 2583 ita
1476 2522 1719 2600 amplas
1760 2522 1981 2599 opibus
2021 2541 2287 2597 exeques
2328 2521 2470 2593 tuis,

1115 2620 1253 2681 Nisi
1293 2621 1393 2681 vis
1431 2621 1633 2681 videri
1673 2623 1783 2681 aut
1823 2640 2002 2681 caeca
2042 2621 2226 2697 plane
2267 2623 2375 2680 aut
2417 2620 2647 2682 inuida.

619 2763 681 2814 35
793 2753 966 2832 Rogo
1002 2757 1072 2814 vt
1113 2755 1229 2815 has
1271 2754 1485 2816 literas
1525 2775 1680 2832 quas
1722 2754 1847 2814 tuis
1887 2753 2164 2827 adiunxi,
2208 2753 2427 2815 reddas
2464 2753 2788 2832 Episcopis
2828 2754 2907 2815 ad
2949 2774 3109 2832 quos

710 2852 975 2928 scriptae
1003 2855 1168 2928 sunt,
1203 2853 1311 2913 vbi
1339 2853 1438 2914 vel
1473 2853 1604 2930 ipse
1632 2853 1796 2913 vises
1832 2853 2063 2930 regiam
2101 2851 2201 2913 vel
2241 2856 2481 2912 certum
2521 2852 2845 2912 hominem
2883 2854 3107 2913 nactus

710 2952 849 3010 orie.
940 2951 1103 3012 Cura
1138 2954 1209 3011 vt
1247 2953 1413 3012 recte
1440 2951 1663 3011 valeaS.
1748 2950 1933 3011 Iubet
1971 2953 2033 3011 te
2071 2951 2313 3011 saluere
2352 2950 2658 3026 Bouillus,
2693 2951 2996 3012 candidus
3036 2971 3107 3011 ac

711 3047 807 3107 tui
850 3068 975 3108 non
1018 3050 1345 3110 dissimilis
1384 3049 1634 3110 amicus.
1724 3050 1998 3126 Expecto
2039 3050 2254 3111 literas
2295 3053 2468 3124 tuas;
2518 3069 2667 3110 nam
2708 3069 2864 3109 vnas
2904 3049 3108 3111 adhuc

712 3147 1017 3208 duntaxat
1044 3148 1264 3226 accepi.
1355 3147 1423 3206 Si
1460 3148 1749 3208 inciderit
1786 3148 2209 3225 opportunitas
2247 3147 2410 3225 apud
2454 3151 2597 3208 tuos
2624 3147 2975 3226 Episcopos,
3008 3149 3110 3211 fac

623 3256 688 3305 40
715 3244 769 3304 is
797 3244 885 3304 sis
912 3245 1022 3322 qui
1049 3265 1294 3323 semper
1323 3245 1390 3306 in
1416 3246 1751 3307 Erasmum
1773 3248 1954 3307 tuum
1976 3266 2108 3306 esse
2136 3246 2531 3308 consueuisti.
2608 3247 2673 3307 Si
2703 3249 2810 3306 tua
2835 3247 3113 3309 carmina

713 3345 989 3403 veneunt
1018 3343 1309 3418 Londini,
1346 3362 1496 3422 rogo
1521 3346 1594 3404 vt
1620 3341 1905 3404 libellum
1935 3363 2133 3404 vnum
2163 3344 2284 3405 huc
2313 3345 2546 3406 mittaS.
2636 3364 2768 3406 lm).
2779 3363 2865 3407 Χῖ.

1430 3539 1576 3602 235.
1666 3536 1866 3602 ΕΒοΜ
1903 3536 2091 3602 Jorm
2137 3536 2404 3601 er‘rm.

789 3675 1068 3732 Deventer
1093 3674 1209 3731 MS.
1239 3689 1326 3743 91,
1354 3673 1423 3729 fb.
1454 3689 1553 3747 152
1581 3681 1657 3730 νο.
2615 3673 2866 3730 London.

790 3762 898 3818 LB.
928 3762 1069 3832 App.
1100 3778 1222 3833 493.
2445 3778 2516 3816 20
2540 3761 2785 3818 October
2807 3759 2839 3833 <
2851 3775 2943 3832 151
2957 3777 2978 3817 1
2993 3760 3043 3834 ).

876 3884 1012 3947 [The
1035 3884 1199 3933 letter
1220 3883 1501 3933 answered
1524 3885 1594 3946 by
1620 3884 1874 3934 Erasmus
1896 3899 1965 3933 on
1991 3884 2056 3932 28
2075 3883 2320 3934 October.
2391 3884 2470 3934 Cf.
2497 3885 2592 3946 Ep.
2621 3901 2731 3944 24⁴-
2759 3882 2967 3946 38-53.]

1029 4017 1329 4065 ῙΟΑΝΝΕΒ
1374 4018 1691 4066 snrrmvs
1739 4016 2006 4065 DOMINO
2052 4017 2324 4065 EBASMO
2369 4018 2491 4065 SVO
2535 4018 2587 4066 S.
2634 4019 2693 4063 P.
2742 4017 2806 4063 D.

806 4156 1002 4216 HAvn
1056 4155 1269 4215 credas
1325 4174 1515 4233 quam
1572 4155 1731 4215 mihi
1793 4155 1961 4215 dolet
2029 4154 2265 4215 obliuio
2320 4158 2428 4216 tua
2493 4156 2632 4216 mei.
2737 4155 3125 4217 Creberrime

721 4256 1068 4316 afferuntur
1120 4254 1232 4314 abs
1286 4257 1346 4313 te
1404 4254 1481 4314 ad
1535 4257 1680 4313 tuos
1733 4253 1991 4328 litterae,
2050 4254 2129 4314 ad
2192 4274 2294 4314 me
2348 4253 2597 4316 nullae:
2674 4254 2839 4315 vnde
2894 4252 3121 4330 isthuc,

759 4404 871 4453 234.
892 4416 971 4465 31.
1008 4401 1136 4450 licet
1159 4436 1173 4450 .
1197 4436 1213 4451 .
1240 4436 1252 4450 .
1280 4399 1441 4449 debes
1465 4404 1539 4449 E:
1575 4400 1690 4462 ipse
1713 4401 1968 4462 quamuis
1990 4399 2183 4450 debeas
2206 4402 2310 4450 tibi
2335 4405 2399 4451 H.
2566 4414 2648 4462 41.
2685 4415 2859 4452 κωκυ
2878 4405 2997 4450 add.
3021 4405 3088 4452 H.

794 4538 904 4585 234.
925 4550 1005 4597 35.
1038 4533 1339 4598 Episcopis]
1358 4534 1495 4583 Foxe
1510 4532 1620 4582 und
1635 4533 1877 4585 Ruthall.
2043 4548 2127 4596 37.
2166 4533 2439 4598 Bouillas]
2464 4535 2564 4583 See
2589 4534 2686 4597 Ep.
2712 4548 2825 4595 225.
2853 4551 2885 4595 4
2903 4549 2958 4584 n.

735 4601 813 4654 Cf.
838 4602 934 4662 Ep.
960 4603 1073 4662 236.
1097 4614 1183 4661 32.
2044 4616 2123 4660 4ο.
2162 4600 2427 4664 carmina]
2451 4599 2529 4651 Cf.
2558 4601 2691 4664 Epp.
2718 4601 2932 4649 218—21.
