3355 5380
619 401 736 457 418
1322 395 1702 458 LETTERS
1756 394 1864 457 ΟΡ
1915 395 2269 458 ERASMU
2271 394 2316 456 S
2834 389 2893 478 [1
2907 397 3022 469 506

538 584 545 591 ·
618 553 811 615 Heni-y
835 550 955 601 νιιι*
959 567 986 600 s
1017 551 1314 614 unwilling
1344 555 1507 615 agent
1537 553 1599 600 in
1630 553 1727 601 the
1748 551 2080 601 Reformatio
2050 567 2136 601 on.
2206 551 2294 601 He
2318 561 2429 600 was
2452 549 2594 600 Lord
2620 548 2947 601 Chaucellor
2967 549 3029 599 of

619 618 1294 680 England,15o415;and
1311 618 1631 666 Chaucellor
1644 617 1911 668 ofOxrord
1926 617 2182 667 Universi
2164 620 2246 679 ity
2262 616 2402 666 from
2423 618 2551 679 1506
2563 615 2712 666 until
2730 616 2821 665 his
2838 614 3025 668 death.

626 687 630 692 '
687 684 960 732 Erasmus*
995 684 1247 746 writings
1286 683 1499 732 abeund
1533 684 1673 732 with
1716 684 1776 732 hi
1779 697 1805 731 s
1842 684 1960 745 prai
1963 697 2085 741 ⁸0⁸3
2130 697 2217 731 see
2254 682 2545 746 especially
2578 682 2677 731 the
2712 684 3022 744 Ecclesiam,

621 749 720 799 Bk.
750 751 785 799 i.
817 749 944 810 (LB.
966 764 1016 798 v.
1041 748 1245 810 810-2),
1274 754 1493 798 ..innota
1478 754 1534 796 in
1557 753 1707 798 ΤΙωεε
1731 751 1774 799 i.
1795 763 1826 797 ο
1854 749 1983 810 (LB.
2005 748 2077 798 vi.
2100 762 2221 826 9⁰3¹.
2239 749 2331 811 4),
2362 748 2473 797 and
2497 748 2595 797 the
2615 748 2828 811 pressos
2849 749 2909 797 to
2929 747 3025 797 the

620 814 1055 876 Adaqictof1.533
1127 815 1231 862 For
1253 814 1340 863 his
1363 814 1458 862 life
1482 829 1568 863 see
1593 815 1755 863 DNB.
1784 814 1894 862 and
1920 814 2082 864 ΕΗΒ.
2112 814 2243 864 xvii.
2270 812 2412 878 303.]

730 947 1144 995 REVERENDO
1191 947 1271 994 IN
1316 946 1609 995 cnmsro
1656 947 1867 994 PATRI
1912 946 2324 995 GVILHELMO
2370 944 2923 995 ARcmEPISGOPo

768 1050 1278 1100 CANTVARIENSI
1325 1050 1621 1098 PRIMATI
1667 1050 1980 1100 ANGLIAE
2025 1049 2336 1099 ERAsMVs
2380 1048 2891 1099 BOTEBODAMVS

992 1154 1376 1203 CANONIOVS
1420 1154 1706 1203 onmms
1751 1154 1912 1203 DIVI
1959 1153 2332 1203 Avovsmm
2380 1153 2433 1207 Β.
2480 1153 2546 1207 P.
2588 1154 2657 1202 D.

706 1260 894 1335 viu
923 1258 991 1318 in
1029 1257 1242 1321 animo
1279 1260 1652 1333 statuissem,
1689 1259 1950 1320 Praesul
1990 1259 2393 1337 amplissime,
2426 1258 2746 1320 vertendis
2773 1258 3029 1319 Graecis

622 1358 992 1420 authoribus
1018 1377 1152 1418 rem
1180 1357 1610 1436 theologicam,
1641 1359 1847 1419 Deum
1875 1358 2299 1418 immortalem
2322 1375 2515 1437 quam
2541 1357 2798 1435 indigne
2824 1354 3032 1434 sophi·

622 1456 800 1518 sticis
841 1456 1028 1532 nugis
1066 1456 1487 1534 deprauatam,
1520 1476 1633 1535 pro
1669 1455 1837 1516 virili
1876 1475 2017 1517 mea
2057 1456 2161 1516 vel
2204 1457 2534 1517 restituere
2571 1455 2675 1517 vel
2711 1454 3022 1528 adiuuare,

534 1568 544 1600 ·'
624 1574 705 1616 ne
738 1555 954 1616 statim
989 1554 1166 1615 iuxta
1205 1556 1582 1615 Graecorum
1620 1555 1990 1633 adagionem
2030 1560 2088 1615 ἐν
2121 1558 2201 1634 τῷ
2232 1554 2377 1634 πίθῳ
2413 1555 2517 1630 τὴν
2557 1553 2846 1630 κεραμείαν
2871 1550 3030 1628 peri·

566 1674 597 1722 5
624 1653 831 1714 clitari
865 1651 1108 1713 viderer
1143 1656 1205 1713 et
1243 1653 1319 1713 ad
1358 1655 1606 1714 tantum
1647 1672 1883 1714 munus
1924 1652 2141 1728 illotis,
2180 1655 2249 1713 vt
2283 1651 2478 1728 aiunt,
2512 1650 2773 1730 pedibus
2806 1649 3031 1709 irrum-

626 1767 787 1830 pere,
841 1752 1048 1813 visum
1094 1755 1189 1812 aet
1236 1751 1396 1812 mihi
1440 1751 1617 1830 prius
1662 1752 2009 1829 periculum
2060 1751 2261 1812 facere
2316 1769 2508 1829 quam
2564 1768 2692 1810 non
2739 1746 3030 1809 lusissem

623 1862 876 1928 ‘operam
915 1850 983 1910 in
1020 1849 1347 1926 vtriusque
1385 1851 1635 1928 linguae
1674 1850 1956 1911 studium
1990 1849 2398 1927 insumptam,
2440 1848 2627 1927 idque
2663 1848 2733 1908 in
2772 1865 2841 1907 re
2876 1843 3033 1905 diffi-

626 1947 866 2007 cillima
910 1947 1162 2025 quidem
1211 1947 1341 2024 illa,
1393 1949 1498 2008 sed
1543 1953 1758 2009 tamen
1806 1948 2168 2026 prophana;
2231 1967 2355 2026 quo
2400 1947 2632 2025 pariter
2678 1950 2744 2008 et
2791 1942 3036 2023 negocii

533 2061 544 2080 ¹
627 2044 957 2106 difficultas
1004 2045 1084 2106 ad
1126 2045 1598 2107 meditationem
1646 2048 2031 2122 conduceret,
2079 2048 2145 2107 et
2188 2047 2242 2106 si
2287 2045 2437 2124 quid
2484 2048 2647 2106 esset
2686 2046 3027 2122 peccatum,

541 2163 605 2200 ιο
625 2145 779 2206 citra
826 2164 1140 2205 sacrarum
1195 2144 1640 2222 scripturarum
1697 2145 1990 2206 iniuriam
2039 2145 2235 2206 solius
2290 2144 2529 2223 ingenii
2577 2142 2851 2221 periculo
2905 2159 3038 2220 peo-

626 2246 885 2304 caretur.
974 2242 1195 2321 Itaque
1237 2243 1391 2302 duas
1418 2242 1739 2321 Euripidis
1775 2242 2141 2321 tragoedias,
2178 2243 2505 2304 Hecubam
2543 2243 2607 2302 et
2635 2240 3033 2319 Iphigeniam

625 2341 697 2402 in
744 2340 994 2416 Aulide,
1041 2341 1296 2401 Latinas
1339 2341 1536 2402 facere
1579 2362 1723 2402 sum
1764 2362 2107 2420 aggressus,
2156 2341 2352 2421 siquis
2394 2342 2553 2403 forte
2600 2341 2755 2401 deus
2781 2338 3037 2418 ⁸coeptis

626 2444 760 2500 tam
803 2439 1141 2501 audacibus
1184 2441 1400 2501 dexter
1442 2439 1759 2518 aspiraret.
1848 2440 2089 2501 Deinde
2133 2459 2331 2518 quum
2373 2439 2655 2502 viderem
2699 2436 2900 2514 operis
2941 2436 3036 2496 in·

537 2547 547 2580 ³
629 2537 835 2598 stituti
866 2538 1179 2616 specimen
1209 2558 1336 2599 non
1375 2538 1702 2616 displicere
1738 2539 1894 2599 viris
1926 2537 2249 2617 vtriusque
2286 2538 2540 2615 linguae
2570 2532 3037 2598 callentissimis

543 2653 602 2703 15
629 2636 809 2716 (quos
848 2637 1125 2715 profecto
1165 2638 1293 2698 iam
1334 2636 1573 2717 aliquot
1613 2637 1803 2699 habet
1844 2636 2099 2717 Anglia,
2150 2637 2334 2698 liceat
2389 2636 2576 2698 modo
2616 2653 2838 2697 verum
2879 2632 3037 2695 citra

630 2734 940 2797 inuidiam
967 2735 1168 2813 fateri,
1201 2735 1427 2814 quouis
1453 2736 1521 2796 in
1552 2755 1777 2815 genere
1812 2736 2131 2797 doctrinae
2161 2735 2261 2796 vel
2300 2734 2523 2797 Italiae
2559 2734 2754 2795 totius
2778 2730 3040 2794 admira·

632 2835 806 2895 tione
859 2835 1123 2913 dignos),
1181 2835 1347 2896 intra
1401 2836 1701 2913 pauculos
1746 2854 1998 2895 menses
2063 2835 2265 2896 Musis
2319 2834 2478 2895 bene
2536 2832 2905 2895 iuuantibus
2958 2830 3038 2892 ad

633 2929 1014 2990 vmbelicum
1051 2930 1328 3007 perduxi.
1418 2930 1668 3005 Quanto
1709 2949 1854 2990 cum
1888 2931 2133 3001 sudore,
2160 2928 2223 2990 id
2262 2929 2311 2988 ii
2347 2929 2604 2989 demum
2640 2925 3040 3005 experientur

631 3027 986 3106 quicunque
1013 3028 1081 3088 in
1110 3028 1371 3088 eandem
1398 3028 1771 3106 palaestram
1801 3028 2251 3089 descenderint.

545 3149 607 3185 20
718 3125 972 3186 Etenim
1001 3147 1195 3205 quum
1232 3127 1392 3187 illud
1429 3127 1639 3203 ipsum
1676 3147 1755 3186 ex
1789 3125 1950 3186 bene
1985 3125 2236 3187 Graecis
2270 3126 2429 3187 bene
2464 3124 2693 3185 Latina
2718 3124 2917 3186 facere
2952 3124 3038 3185 sit

639 3224 948 3285 eiusmodi
994 3229 1067 3285 vt
1123 3225 1503 3301 singularem
1551 3225 1826 3303 aliquem
1874 3225 2147 3303 requirat
2203 3224 2524 3300 artificem,
2578 3243 2776 3302 neque
2832 3223 3038 3284 solum

633 3322 941 3383 se'rmonis
967 3324 1292 3401 Vtriusque
1320 3323 1566 3399 copiosa
1602 3327 1940 3400 parataque
1968 3322 2352 3401 supellectile
2384 3322 2780 3396 ditissimum,
2812 3341 3037 3383 verum

634 3420 823 3480 etiam
853 3420 1346 3481 oculatissimum
1367 3420 2061 3500 vigilantissimumque,
2089 3422 2240 3483 adeo
2258 3424 2336 3482 vt
2356 3421 2618 3482 saeculis
2643 3420 2770 3481 iam
2797 3419 3039 3497 aliquot

542 3570 549 3579 .
629 3518 850 3581 nullus
905 3521 1178 3581 extiterit
1225 3520 1332 3597 qui
1386 3520 1454 3579 in
1510 3518 1627 3580 hoc
1684 3540 1946 3580 munere
2000 3521 2294 3581 omnibus
2345 3519 2728 3581 eruditorum
2782 3516 3041 3577 calculis

545 3638 572 3672 2
579 3639 607 3687 5
637 3616 1040 3695 probaretur3
1089 3617 1292 3678 facilis
1333 3617 1637 3679 nimirum
1679 3620 1774 3679 est
1824 3618 2175 3679 coniectura
2216 3620 2529 3696 quantum
2568 3615 2754 3677 fuerit
2796 3614 3042 3694 negocii

631 3734 890 3776 ¹carmen
951 3716 1228 3776 carmine
1281 3716 1551 3793 reddere,
1608 3718 1976 3793 praesertim
2031 3720 2163 3777 tam
2216 3717 2463 3777 varium
2515 3719 2582 3777 et
2637 3713 3035 3790 inusitatum,

634 3813 827 3891 idque
856 3833 930 3873 ex
957 3813 1218 3874 authore
1254 3834 1381 3874 non
1409 3815 1596 3875 modo
1630 3820 1765 3876 tam
1793 3816 2055 3895 antiquo
2093 3835 2287 3894 eoque
2320 3812 2569 3892 tragicO,
2599 3833 2821 3874 verum
2849 3813 3040 3873 etiam

636 3912 872 3973 mirum
921 3912 990 3972 in
1039 3913 1298 3973 modum
1347 3931 1580 3989 presso,
1632 3914 1868 3989 subtili,
1917 3933 2192 3990 excusso,
2242 3913 2310 3974 in
2358 3933 2481 3991 quo
2529 3911 2692 3974 nihil
2740 3911 3035 3985 ociosum,

638 4009 802 4070 nihil
842 4010 1008 4086 quod
1044 4009 1148 4069 vel
1185 4009 1459 4070 adimere
1493 4011 1597 4071 vel
1631 4014 1876 4072 mutare
1916 4012 2071 4072 citra
2107 4011 2419 4089 flagitium
2458 4030 2688 4089 queas;
2726 4008 3043 4089 praeterea

545 4129 612 4178 30
636 4108 746 4188 qui
792 4110 861 4169 in
915 4107 1255 4168 tractandis
1299 4108 1454 4168 locis
1505 4109 1833 4169 rhetoricis
1886 4112 2020 4170 tam
2074 4109 2287 4170 creber
2340 4108 2439 4183 sit,
2498 4112 2632 4169 tam
2683 4109 2917 4180 acutus,
2970 4106 3045 4165 vt

636 4208 872 4287 passim
936 4207 1284 4268 declamare
1336 4206 1638 4269 videatur.
1749 4208 1932 4268 Adde
1986 4227 2154 4269 nunc
2214 4207 2436 4267 choros
2493 4206 2704 4267 nescio
2770 4222 3045 4283 quanam

636 4305 1023 4369 affectatione
1069 4304 1224 4366 adeo
1274 4304 1566 4365 obscuros
1612 4308 1687 4364 vt
1733 4306 1970 4384 Oedipo
2018 4307 2315 4386 quopiam
2362 4309 2474 4366 aut
2526 4304 2710 4367 Delio
2756 4306 2841 4365 sit
2888 4321 3048 4381 opus

638 4407 843 4485 magis
884 4425 1070 4485 quam
1115 4404 1470 4482 interprete.
1559 4402 1822 4465 Accedit
1868 4405 1946 4465 ad
1996 4404 2149 4465 haec
2192 4404 2478 4464 codicum
2522 4403 2901 4482 deprauatio,
2946 4420 3048 4462 ex·

639 4504 1013 4582 emplarium
1070 4501 1297 4581 inopia,
1361 4501 1522 4562 nulli
1578 4501 1948 4580 interpretes
2004 4503 2081 4563 ad
2138 4522 2293 4581 quos
2348 4502 2799 4580 confugiamus.
2908 4499 3047 4576 Quo

546 4621 612 4672 35
638 4602 854 4663 minus
909 4601 1181 4663 admiror
1235 4600 1289 4660 si
1343 4619 1424 4659 ne
1480 4600 1598 4659 hoc
1663 4601 1918 4678 quidem
1975 4600 2336 4661 felicissimo
2401 4600 2649 4661 saeculo
2713 4599 3046 4679 quisquam

1371 4719 1452 4767 32.
1486 4705 1825 4755 affectatione
1846 4723 1883 4768 γ
1906 4723 1920 4755 :
1952 4706 2236 4756 affectione
2257 4723 2308 4754 ιι.
