3355 5380
686 366 802 423 552
1384 361 1763 423 LETTERS
1816 361 1923 424 oF
1977 361 2379 424 ERASMUS
2910 358 3100 445 [15¹4

683 517 923 579 insulae
971 518 1180 580 subito
1220 519 1435 581 vertit.
1522 518 1758 579 Rerum
1800 518 2091 580 omnium
2129 519 2402 580 charitas
2450 519 2556 581 hic
2598 519 2811 585 indies
2856 520 3099 589 crescit,

683 615 983 677 decrescit
1008 614 1367 676 liberalitas.
1457 615 1622 691 Quid
1651 616 1721 676 ni
1748 618 1997 694 parcius
2025 616 2178 678 dent
2203 618 2496 679 homines
2531 618 2722 679 toties
2750 618 3103 680 decimati?

599 732 657 781 15
686 714 771 775 Et
816 732 1016 791 nuper
1061 713 1143 774 ob
1185 713 1466 791 inopiam
1512 713 1648 774 vini
1696 733 1775 775 ex
1814 714 2002 776 malis
2042 716 2262 793 vappis
2302 715 2562 777 collecto
2602 716 2846 778 calculo
2888 736 3103 794 prope-

684 813 944 873 modum
975 811 1290 872 extinctus
1323 810 1438 873 fui.
1524 811 1630 873 Ad
1667 811 1821 872 haec
1863 833 2010 874 cum
2049 814 2262 874 omnis
2296 813 2508 875 insula
2542 835 2657 892 per
2689 835 2757 876 se
2796 813 3102 892 relegatio

682 910 985 988 quaedam
1013 912 1124 985 est,
1155 912 1298 970 tum
1325 928 1493 971 nunc
1519 908 1705 969 bellis
1740 911 1934 971 etiam
1970 912 2204 973 arctius
2241 911 2643 987 includimur,
2675 911 2832 972 adeo
2872 914 2949 973 vt
2988 932 3102 972 nec

682 1007 964 1088 epistolis
989 1008 1073 1068 sit
1099 1007 1321 1070 exitus.
1437 1007 1522 1068 Et
1557 1007 1740 1068 video
1772 1028 2039 1088 magnos
2077 1028 2290 1071 rerum
2328 1014 2540 1072 motus
2576 1011 2743 1085 oriri,
2779 1011 2895 1089 qui
2924 1030 3103 1087 quor·

682 1128 827 1169 sum
845 1106 1093 1167 euasuri
1118 1105 1251 1167 sint
1275 1106 1591 1166 incertum
1617 1129 1632 1181 ;
1673 1107 1922 1167 vtinam
1939 1107 2108 1169 Deus
2122 1108 2433 1187 propicius
2449 1108 2613 1170 hanc
2640 1108 2813 1170 orbis
2831 1108 3105 1171 christi«

599 1235 662 1271 20
682 1206 788 1267 ani
815 1206 1258 1283 tempestatem
1286 1203 1580 1282 dignetur
1606 1223 1991 1282 componere.

766 1304 962 1381 Saepe
990 1301 1286 1363 demirari
1312 1302 1481 1363 soleo
1519 1322 1676 1381 quae
1712 1321 1830 1379 res,
1862 1323 1990 1364 non
2028 1304 2170 1366 dico
2206 1306 2620 1378 Christianos,
2651 1305 2763 1366 sed
2799 1305 3101 1366 homines

683 1402 805 1463 huc
831 1402 1041 1479 adigat
1059 1401 1349 1462 vesaniae
1363 1403 1433 1462 vt
1450 1402 1648 1462 tantis
1666 1400 1910 1476 studiis,
1933 1403 2131 1464 tantis
2152 1404 2531 1483 sumptibus,
2554 1402 2752 1464 tantis
2773 1403 3095 1480 periculis,

683 1500 753 1561 in
790 1503 1083 1561 mutuam
1121 1499 1463 1577 perniciem
1504 1502 1709 1561 ruant.
1797 1500 1962 1575 Quid
1999 1501 2171 1562 enim
2210 1501 2382 1563 aliud
2419 1502 2490 1563 in
2527 1501 2703 1563 omni
2739 1501 2879 1562 vita
2910 1521 3098 1580 quam

684 1597 1125 1676 belligeramur
1140 1600 1173 1659 Ῥ
1234 1597 1378 1659 Non
1404 1597 1859 1676 belligerantur
1884 1599 2197 1676 quaelibet
2223 1600 2420 1675 bruta,
2442 1600 2551 1661 sed
2578 1600 2740 1660 ferae
2766 1599 3095 1660 duntaxat„

601 1728 625 1761 2
633 1726 660 1775 5
687 1696 783 1757 Ne
809 1696 928 1757 hae
964 1695 1222 1774 quidem
1250 1695 1416 1757 inter
1454 1715 1522 1757 se
1551 1694 1872 1769 dimicant,
1903 1697 2012 1757 sed
2042 1715 2187 1758 cum
2217 1697 2451 1759 diuersi
2477 1699 2722 1777 generis
2748 1696 2999 1759 beluis:
3039 1700 3099 1757 et

684 1794 817 1856 suis
844 1793 1037 1854 armis
1061 1796 1363 1871 pugnant,
1396 1812 1541 1869 non,
1574 1793 1670 1854 vti
1699 1813 1829 1867 nos,
1861 1797 1991 1855 arte
2020 1794 2332 1856 diabolica
2352 1795 2720 1874 excogitatis
2746 1793 3102 1856 machinis:

687 1912 801 1953 nec
841 1911 1094 1954 rursum
1137 1890 1522 1970 quibuslibet
1567 1891 1643 1951 de
1688 1892 1909 1967 causis,
1948 1894 2059 1954 sed
2100 1898 2213 1956 aut
2253 1915 2368 1973 pro
2408 1895 2581 1957 foetu
2619 1898 2729 1955 aut
2771 1915 2891 1973 pro
2922 1893 3103 1967 cibo;

686 1993 899 2051 nostra
923 1990 1091 2051 bella
1132 1989 1424 2068 pleraque
1451 1989 1553 2050 vel
1579 1989 1658 2050 ab
1687 1990 2029 2052 ambitione
2056 1990 2161 2052 vel
2189 1993 2268 2052 ab
2297 1992 2623 2054 iracundia
2649 1992 2752 2052 vel
2772 2011 2812 2053 a
2830 1990 3103 2052 libidine

685 2090 962 2151 similiue
987 2087 1187 2149 animi
1221 2087 1439 2159 morbo
1476 2087 1989 2166 proficiscuntur:
2033 2089 2307 2169 denique
2348 2111 2478 2152 non
2518 2094 2617 2153 tot
2654 2090 2924 2151 milibus
2962 2109 3103 2152 con-

600 2217 663 2266 30
685 2185 969 2266 globatis,
1021 2186 1204 2247 sicuti
1252 2172 1385 2259 nos,
1438 2186 1509 2247 in
1554 2188 1856 2248 mutuum
1902 2187 2310 2251 instruuntur
2355 2188 2640 2251 exitium.
2741 2187 2946 2250 Nobis
2993 2187 3101 2266 qui

685 2284 923 2346 Christi
950 2285 1295 2363 gloriamur
1323 2283 1709 2362 cognomine,
1740 2284 1851 2363 qui
1880 2284 2044 2346 nihil
2072 2286 2198 2348 nisi
2224 2287 2777 2349 mansuetudinem
2798 2289 2863 2347 et
2889 2286 3104 2347 docuit

684 2385 748 2442 et
790 2382 1118 2459 exhibuit3
1177 2382 1287 2462 qui
1328 2383 1519 2444 vnius
1567 2384 1842 2461 corporis
1884 2385 2169 2445 membra
2208 2405 2450 2461 sumus,
2493 2404 2621 2446 vna
2667 2404 2829 2460 caro,
2875 2383 3105 2445 eodem

686 2482 1051 2558 vegetamur
1103 2482 1347 2561 spiritu,
1393 2482 1626 2543 iisdem
1672 2481 2077 2543 sacramentis
2130 2481 2379 2559 alimur,
2433 2482 2638 2544 eidem
2686 2482 3108 2545 adhaeremus

686 2578 894 2657 capiti,
940 2579 1020 2640 ad
1075 2581 1340 2641 eandem
1397 2579 1938 2641 immortalitatem
1993 2580 2201 2641 vocati
2254 2601 2493 2657 sumus,
2545 2601 2862 2642 summam
2921 2580 3104 2642 illam

601 2705 661 2755 35
685 2698 1008 2757 speramus
1034 2679 1567 2753 communionem,
1593 2682 1665 2740 vt
1691 2677 1854 2739 sicut
1880 2676 2172 2741 Christus
2199 2681 2263 2740 et
2290 2682 2467 2760 pater
2492 2700 2692 2742 vnum
2720 2682 2888 2753 sunt,
2923 2679 3018 2741 ita
3043 2683 3106 2741 et

687 2795 803 2838 nos
829 2797 1030 2839 vnum
1059 2798 1206 2839 cum
1233 2777 1344 2838 illo
1370 2777 1605 2850 simus;
1647 2778 1937 2854 potestne
1978 2776 2113 2837 vlla
2151 2776 2343 2838 huius
2372 2777 2598 2838 mundi
2633 2798 2733 2839 res
2768 2798 2908 2838 esse
2936 2779 3105 2840 tanti

685 2877 756 2934 vt
784 2875 863 2935 ad
891 2874 1132 2937 bellum
1160 2877 1452 2954 prouocet
1467 2877 1500 2936 ‘?
1539 2894 1675 2936 rem
1703 2873 1853 2934 adeo
1880 2874 2315 2952 perniciosam,
2346 2875 2501 2937 adeo
2539 2879 2767 2938 tetram
2804 2882 2877 2938 vt
2906 2879 3105 2940 etiam

687 2992 831 3033 cum
858 2973 1276 3034 iustissimum
1303 2976 1413 3048 est,
1447 2976 1661 3033 tamen
1691 2972 1852 3032 nulli
1880 2992 2022 3033 vere
2049 2972 2217 3035 bono
2244 2975 2506 3052 placeat.

770 3072 1012 3150 Quaeso
1039 3074 1119 3146 te,
1151 3072 1353 3149 cogita
1379 3092 1490 3149 per
1516 3091 1670 3150 quos
1697 3070 1972 3149 geritur;
2012 3091 2125 3151 per
2149 3070 2512 3160 homicidas,
2531 3093 2643 3152 per
2669 3072 2960 3146 incestos,
2994 3093 3110 3153 per

600 3196 666 3246 40
686 3171 1006 3246 aleatores,
1059 3190 1171 3249 per
1217 3173 1614 3248 stupratores,
1666 3190 1778 3247 per
1833 3169 2301 3232 sordidissimos
2355 3171 2781 3233 conducticios
2836 3172 3103 3245 milites,

687 3267 914 3347 quibus
940 3267 1242 3328 lucellum
1269 3267 1521 3330 charius
1545 3271 1641 3328 est
1668 3267 1817 3329 vita.
1905 3267 1997 3329 Hi
2026 3267 2093 3328 in
2121 3267 2287 3329 bello
2313 3272 2466 3331 sunt
2492 3269 2731 3348 optimi,
2756 3290 2905 3331 cum
2934 3270 3106 3349 quod

687 3369 832 3427 ante
858 3387 975 3428 suo
999 3366 1309 3427 faciebant
1336 3365 1629 3444 periculo,
1663 3365 1768 3427 hic
1796 3366 2078 3426 mercede
2106 3365 2342 3427 faciant
2368 3370 2433 3428 et
2462 3387 2610 3429 cum
2631 3367 2834 3428 laude.
2925 3367 3112 3428 Haec

687 3465 1022 3525 hominum
1065 3464 1367 3526 colluuies
1408 3465 1478 3525 in
1518 3484 1717 3544 agros,
1759 3464 1827 3523 in
1868 3465 2055 3525 vrbes
2095 3465 2475 3544 recipienda,
2501 3469 2575 3527 vt
2615 3465 2855 3527 bellum
2899 3484 3102 3543 geras.

688 3563 976 3642 Denique
1013 3562 1118 3624 his
1158 3563 1577 3639 seruiendum,
1621 3562 1776 3623 dum
1816 3561 2013 3623 alium
2053 3561 2269 3624 vlcisci
2305 3563 2616 3625 volumus.
2706 3563 2889 3625 Adde
2932 3583 3112 3624 nunc

603 3684 665 3733 45
691 3663 844 3738 quot
887 3661 1163 3723 facinora
1197 3660 1350 3722 belli
1386 3661 1713 3738 praetextu
1751 3660 2248 3735 committantur,
2281 3661 2433 3723 dum
2477 3661 2648 3723 inter
2685 3680 2864 3721 arma
2905 3658 3107 3722 silent

690 3763 860 3840 leges
902 3759 1144 3834 bonae;
1200 3761 1354 3838 quot
1401 3760 1672 3839 rapinae,
1714 3763 1867 3838 quot
1914 3760 2254 3838 sacrilegia,
2303 3763 2459 3839 quot
2501 3763 2734 3839 raptus,
2779 3764 2940 3838 quot
2983 3759 3115 3821 alia

692 3859 1001 3932 dedecora,
1034 3876 1191 3933 quae
1218 3857 1411 3936 pudet
1439 3858 1632 3919 etiam
1660 3857 2004 3921 nominare.
2066 3857 2242 3919 Haec
2269 3859 2462 3939 pestis
2487 3877 2737 3918 morum
2764 3858 2835 3918 in
2863 3857 3113 3918 multos

692 3976 889 4020 annos
915 3954 1101 4016 duret
1140 3974 1391 4017 necesse
1426 3959 1540 4032 est,
1574 3955 1764 4018 etiam
1804 3957 2077 4017 extincto
2114 3955 2299 4019 bello.
2385 3955 2686 4034 Expende
2726 3953 2888 4016 mihi
2932 3974 3113 4016 nunc

692 4059 1002 4133 sumptus,
1030 4057 1105 4115 vt
1130 4055 1323 4114 etiam
1352 4054 1409 4114 si
1435 4053 1668 4128 vincas,
1699 4054 1903 4115 multo
1929 4057 2145 4116 tamen
2171 4054 2318 4131 plus
2344 4055 2430 4116 sit
2456 4054 2673 4115 damni
2700 4072 2890 4132 quam
2916 4051 3112 4114 lucri.

607 4175 670 4225 50
695 4157 1063 4234 Quanquam
1093 4173 1217 4232 quo
1246 4152 1501 4214 tandem
1529 4172 1723 4230 regno
1749 4152 1954 4230 possis
1980 4155 2077 4214 tot
2111 4152 2366 4213 milium
2402 4152 2603 4213 vitam
2630 4170 2702 4211 ac
2728 4150 3113 4227 sanguinem

694 4255 1021 4316 aestimare
1037 4254 1070 4313 ‘?
1150 4251 1351 4329 Atqui
1386 4250 1663 4310 maxima
1692 4250 2005 4311 malorum
2032 4270 2177 4327 pars
2203 4250 2282 4311 ad
2312 4270 2420 4311 eos
2446 4250 2609 4311 redit
2633 4249 2710 4310 ad
2748 4267 2908 4326 quos
2935 4247 3113 4309 nihil

695 4353 964 4432 pertinet
1011 4350 1270 4426 bellum,
1316 4348 1487 4428 pacis
1533 4348 1866 4410 commoda
1921 4349 1998 4409 ad
2055 4368 2274 4409 omnes
2327 4347 2707 4427 perueniunt
2726 4369 2747 4412 z
2807 4346 2876 4407 in
2933 4345 3115 4409 bello

1641 4505 1722 4566 36.
1757 4519 1928 4555 vnum
1950 4508 2071 4555 add.
2096 4509 2162 4556 H.

1478 4660 1554 4709 15.
1592 4644 1824 4710 calculo]
1847 4644 1927 4696 Cf.
1949 4645 2082 4710 Epp.
2111 4646 2228 4709 285,
2254 4647 2303 4698 6.
