3355 5380
268 411 293 452 x
305 389 452 475 500]
1105 395 1214 455 ΤΟ
1268 394 1544 456 JAMES
1598 395 1825 456 BATT
2538 398 2649 453 311

269 549 535 612 miseris.
613 550 731 612 Dic
755 555 820 612 te
850 555 1086 612 certum
1125 550 1354 612 habere
1393 571 1496 612 me
1528 551 1739 612 isthuc
1776 551 1945 612 inter
1982 549 2280 628 pauculos
2314 550 2449 612 dies
2485 552 2658 612 adfu-

269 653 500 710 turum.
594 649 678 709 Et
704 649 760 710 si
786 649 1053 711 honesto
1088 652 1410 726 praetextu
1448 653 1641 725 potes,
1670 649 1863 710 etism
1891 648 2238 726 Augustini
2274 669 2375 711 res
2413 649 2659 723 detine;
2686 654 2747 717 85

265 747 553 807 nondum
578 747 749 807 enim
778 767 878 808 res
904 767 1125 809 omnes
1151 767 1325 808 mess
1358 749 1439 809 ab
1474 748 1586 808 illo
1614 748 1832 824 recepi.
1921 746 1990 808 Si
2027 747 2275 808 iuuenis
2308 746 2435 808 iam
2473 748 2660 809 rediit

268 848 332 906 et
366 845 527 922 apud
567 849 631 906 te
665 845 805 919 fuit,
843 849 915 906 tu
953 846 1252 906 continuo
1290 866 1405 924 per
1443 846 1828 906 certissimos
1861 845 2226 907 tabellarios
2259 846 2651 920 transscribe,

267 947 331 1004 et
371 963 495 1022 quo
537 943 637 1004 die
677 962 715 1004 a
753 948 816 1005 te
857 944 1223 1019 discesserit,
1263 947 1326 1005 et
1369 944 1519 1022 qui'd
1562 944 1985 1020 pecuniarum,
2017 946 2082 1004 et
2124 964 2248 1021 quo
2286 944 2562 1020 nomine,
2595 949 2660 1006 et

272 1061 427 1120 quas
450 1041 670 1102 literas
695 1042 1004 1117 habuerit,
1032 1044 1104 1103 vt
1130 1042 1487 1120 Augustino
1514 1043 1664 1119 lupo
1699 1041 1940 1119 possim
1977 1041 2309 1119 negocium
2345 1042 2654 1105 exhibere.

271 1140 454 1201 Adde
482 1139 552 1200 in
577 1140 841 1216 epistola
877 1140 1186 1201 eiusmodi
1212 1140 1508 1201 stimulos
1533 1141 1643 1219 qui
1674 1139 1924 1217 possint
1949 1139 2272 1200 hominem
2297 1140 2489 1201 etiam
2518 1160 2660 1201 con·
2682 1160 2748 1210 90

270 1237 778 1315 fidentissimam,
809 1242 879 1300 vt
911 1239 1016 1299 hic
1051 1243 1163 1314 est,
1191 1243 1457 1313 terrere3
1497 1244 1608 1299 sut
1636 1238 1991 1299 Adrisnum
2027 1237 2213 1299 mitte
2251 1238 2376 1317 qui,
2408 1238 2465 1299 si
2491 1239 2658 1301 vide-

269 1336 459 1410 bitur,
495 1354 611 1397 nos
649 1337 879 1398 salutet
914 1341 977 1398 et
1013 1337 1227 1398 omnia
1259 1337 1516 1414 fugitiui
1552 1337 1803 1397 iuuenis
1834 1335 2100 1414 vestigia
2136 1336 2444 1398 odoretur.
2519 1337 2659 1399 Hac

266 1433 339 1495 in
383 1454 466 1510 re,
515 1434 609 1494 mi
653 1435 855 1511 Batte,
906 1435 1202 1514 quicquid
1250 1434 1319 1495 in
1365 1439 1429 1496 te
1477 1440 1574 1496 est
1622 1434 1768 1507 doli,
1817 1435 2109 1514 quicquid
2158 1435 2311 1511 opis,
2362 1435 2658 1514 quicquid

267 1533 650 1610 diligentiae,
682 1531 746 1592 id
782 1535 989 1594 totum
1027 1533 1314 1595 effundas
1350 1554 1473 1595 oro.
1560 1533 1703 1594 Iam
1739 1533 1794 1594 si
1832 1533 2078 1595 iuuenis
2112 1534 2190 1594 ad
2226 1537 2291 1595 te
2317 1554 2396 1595 ex
2424 1534 2661 1613 Anglia

264 1632 477 1693 redeat
517 1630 812 1691 omnibus
856 1630 1041 1692 rebus
1086 1632 1250 1692 bona
1287 1632 1412 1692 fide
1459 1632 1737 1708 peractis,
1787 1631 2204 1692 nihilominus
2245 1632 2458 1693 omnis
2501 1654 2660 1711 quae
2683 1647 2748 1697 95

264 1750 407 1790 mea
441 1731 593 1789 sunt
619 1729 785 1806 apud
811 1733 876 1790 te
901 1749 1101 1805 serua,
1133 1749 1212 1790 ne
1247 1731 1532 1806 plumam
1568 1730 1824 1808 quidem
1865 1729 2216 1806 credideris,
2248 1730 2366 1792 hoc
2404 1731 2660 1810 quidem

266 1848 391 1905 quo
437 1827 570 1888 dixi
617 1830 957 1904 praetextu.
1064 1829 1229 1889 Tum
1279 1828 1335 1887 si
1382 1828 1631 1889 iuuenis
1684 1828 1925 1904 pridem
1974 1828 2210 1889 isthinc
2265 1829 2550 1891 discessit
2597 1836 2661 1892 et

262 1925 674 2004 pecuniarum
715 1925 952 2004 aliquid
992 1926 1223 2001 attulit,
1267 1947 1382 1987 nec
1426 1926 1688 1987 dubium
1727 1926 2046 1988 videbitur
2084 1927 2241 2005 quin
2268 1928 2663 2006 Augustinus

265 2028 468 2086 artem
522 2024 867 2085 exercuerit
921 2044 1115 2100 suam,
1167 2028 1240 2085 tu
1295 2025 1594 2086 continuo
1612 2091 1629 2110 ⁶
1650 2025 1719 2085 in
1763 2025 2069 2103 Angliam
2121 2025 2307 2086 mitte
2363 2025 2471 2104 qui
2526 2046 2660 2087 rem

268 2123 540 2197 olfactet,
595 2121 651 2182 si
709 2125 917 2182 ratum
973 2122 1290 2183 videbitur
1344 2126 1638 2201 oportere.
1731 2123 2037 2202 Quicquid
2094 2126 2305 2184 autem
2348 2145 2384 2184 a
2435 2124 2662 2186 iuuene
2694 2138 2786 2173 100

269 2219 588 2297 receperis,
622 2220 687 2280 id
713 2241 823 2297 per
847 2221 1247 2283 tabellionem
1275 2221 1408 2282 diui
1435 2221 1783 2283 Audomari
1813 2221 2067 2296 mittito,
2098 2225 2159 2282 et
2189 2221 2445 2300 quidem
2472 2224 2663 2300 probe

268 2320 650 2381 instructum
676 2323 741 2379 et
769 2319 1228 2395 praemonitum
1254 2340 1336 2381 ne
1372 2320 1450 2380 ad
1478 2320 1917 2398 Augustinum
1952 2319 2221 2380 diuertat
2245 2342 2260 2395 ;
2302 2320 2412 2380 sed
2441 2325 2548 2381 aut
2585 2322 2662 2381 ad

269 2418 357 2479 M.
387 2418 695 2491 Dismam,
730 2418 997 2479 Abbatis
1037 2417 1311 2493 fratrem,
1340 2421 1447 2479 sut
1488 2419 1565 2479 ad
1608 2418 1691 2480 M.
1739 2417 2034 2478 Iacobum
2071 2417 2313 2479 Voecht
2352 2419 2662 2478 Antuuer·

267 2516 569 2593 piensem‚
624 2515 878 2594 quicum
921 2516 1087 2590 viu0,
1136 2520 1243 2578 sut
1287 2517 1342 2577 si
1386 2535 1570 2577 causa
1610 2516 1944 2591 videbitur,
1992 2515 2365 2576 Adrianum·
2400 2517 2657 2580 mittito.

271 2614 441 2688 Vale,
502 2613 593 2673 mi
651 2613 836 2674 Batte
889 2614 1124 2692 optime
1177 2635 1246 2675 ac
1302 2615 1692 2677 suauissime.
1798 2614 1924 2675 Per
1975 2616 2145 2675 hunc
2201 2614 2498 2675 iuuenem
2554 2615 2662 2695 qui
2691 2626 2781 2677 ¹05

265 2713 568 2791 praetoris
620 2712 826 2772 filium
879 2713 1002 2775 huc
1047 2713 1321 2788 adduxit,
1371 2714 1534 2775 nihil
1587 2714 1904 2790 scripsisse
1954 2713 2240 2787 demiror,
2296 2734 2439 2774 cum
2487 2717 2664 2775 tanta

261 2815 429 2874 esset
452 2811 769 2872 scribendi
796 2832 994 2873 causa.
1078 2812 1251 2873 Bene
1279 2813 1433 2875 vale.

354 2909 599 2972 Salutat
624 2913 687 2970 te
713 2909 794 2970 M.
834 2911 1111 2986 Iacobus,
1152 2932 1330 2972 meus
1356 2911 1703 2973 familiaris.
1775 2910 1997 2972 Libera
2025 2930 2127 2970 me
2154 2930 2344 2988 quam
2379 2910 2662 2989 primum

260 3010 383 3072 hoc
412 3010 604 3082 metu,
637 3008 693 3068 si
721 3008 943 3082 fallor;
985 3008 1169 3084 male,
1203 3009 1256 3069 si
1284 3013 1449 3070 recte
1474 3010 1772 3087 suspicor.

344 3106 663 3169 Aureliae.
746 3108 933 3167 Auno
963 3103 1204 3189 [mcccc
1224 3104 1424 3188 xcm]
2693 3120 2786 3156 ¹¹0

853 3281 996 3347 134.
1082 3277 1180 3344 Το
1227 3279 1544 3345 FAusTus
1587 3280 2068 3346 Aunnnmuus.

333 3366 581 3437 Farrago
609 3384 665 3436 p.
697 3380 813 3435 109.
2122 3366 2375 3423 Orleans.

333 3455 396 3509 F.
422 3471 478 3524 p.
508 3455 644 3525 265:
687 3452 822 3508 HN:
860 3453 1037 3509 Lond.
1062 3472 1113 3508 v.
1140 3469 1239 3523 23:
1274 3452 1388 3508 LB.
1416 3468 1501 3522 71.
1920 3470 1989 3509 20
2013 3453 2327 3512 November
2354 3452 2584 3527 (1500.)

875 3574 1112 3640 [Plainly
1137 3577 1195 3624 in
1225 3591 1366 3638 1500,
1392 3576 1615 3625 because
1636 3575 1697 3623 of
1714 3576 1808 3624 the
1828 3576 2071 3641 Adaeum]

762 3745 1078 3795 ERASMVS
1123 3746 1380 3794 FAVSTO
1425 3746 1691 3793 POETAE
1736 3745 1947 3794 REGIO
1993 3747 2044 3793 8.
2093 3746 2157 3794 D.

342 3868 528 3929 vas
559 3886 740 3928 meus
773 3871 881 3928 tuo
917 3868 1093 3929 iussu
1125 3867 1373 3946 tuisque
1399 3868 1609 3929 verbis
1643 3866 2121 3929 formidolosum
2158 3889 2262 3929 me
2299 3871 2654 3949 appellauit,

257 3966 427 4045 quod
478 3964 558 4027 ob
606 3966 816 4026 nescio
863 3967 1041 4026 cuius
1082 3966 1535 4044 pestilentiolae
1576 3970 1822 4027 metum
1870 3966 2078 4027 solum
2120 3969 2429 4031 verterim.
2517 3970 2659 4031 Non

327 4091 412 4149 84.
451 4088 617 4136 isthic
638 4092 696 4138 F.
897 4090 1045 4137 intra
1065 4093 1128 4139 N.
1397 4090 1480 4151 98.
1515 4088 1735 4139 videtur
1756 4093 1821 4138 H.
2076 4104 2183 4140 100.
2220 4091 2266 4139 si
2293 4126 2307 4140 .
2335 4126 2349 4140 .
2376 4125 2389 4140 .
2414 4095 2658 4154 oportere

261 4171 353 4204 σοι.
375 4158 443 4204 Η.
613 4168 720 4213 103.
757 4154 829 4204 M.
852 4170 944 4203 om.
965 4158 1032 4204 H.
1053 4158 1137 4204 bis.
1261 4154 1331 4203 ad
1352 4159 1465 4204 add.
1490 4157 1557 4203 H.
1681 4155 1887 4204 voecht
1906 4170 1997 4204 om.
2015 4160 2071 4204 F.
2232 4158 2339 4205 108.
2378 4157 2450 4208 M.
2476 4175 2565 4208 om.
2588 4163 2653 4210 H.

329 4293 439 4341 103.
477 4278 750 4344 Dismam]
774 4279 826 4328 A
849 4294 1088 4342 younger
1117 4279 1338 4329 brother
1360 4280 1422 4329 of
1582 4294 1692 4341 109.
1718 4278 1888 4344 malo]
1910 4279 1939 4328 Ι
1966 4294 2078 4328 owe
2107 4282 2163 4329 to
2194 4280 2292 4330 ur.
2316 4280 2538 4330 Nichols
2562 4281 2656 4331 the

262 4347 489 4408 Antony
512 4346 574 4394 of
590 4345 814 4407 Bergen.
883 4345 961 4394 Cf.
984 4345 1080 4408 Ep.
1105 4359 1209 4405 137.
1241 4360 1370 4394 mn.
1511 4346 1872 4407 punctuation
1917 4346 1976 4394 of
2013 4345 2128 4393 this
2167 4350 2438 4409 sentence,
2474 4346 2657 4397 which

392 4409 623 4461 voecht]
662 4410 795 4459 This
826 4425 987 4460 name
1017 4425 1127 4460 was
1161 4410 1411 4460 removed
1511 4425 1685 4460 seems
1700 4415 1757 4460 to
1772 4410 1909 4460 have
1922 4410 2143 4473 puzzled
2159 4427 2294 4460 even
2313 4412 2409 4461 the
2422 4414 2658 4461 contem-

263 4479 322 4526 in
359 4477 498 4526 later
529 4460 784 4538 editions,
820 4491 878 4525 ss
911 4477 1072 4538 being
1095 4476 1410 4525 unsuitable
1509 4491 1706 4538 poi-ary
1726 4476 1944 4526 editors.
2008 4476 2157 4539 They
2178 4477 2331 4539 print
2358 4484 2397 4525 ⁸.
2414 4512 2430 4526 .
2451 4513 2465 4526 .
2486 4480 2653 4540 metu,

257 4544 316 4591 to
350 4557 384 4591 s
417 4542 581 4591 Intin
613 4540 789 4591 letter.
857 4542 936 4592 Cf.
959 4541 1053 4604 Ep.
1084 4555 1178 4603 103
1207 4542 1409 4592 introd.
1511 4542 1558 4605 si
1589 4542 1749 4591 fallor
1791 4541 1965 4591 malo:
1999 4542 2047 4589 si
2076 4548 2239 4602 recte,
2261 4543 2565 4604 suspicor.';
2598 4558 2659 4593 as

258 4607 373 4657 'l'he
394 4608 536 4657 form
558 4608 729 4655 Tutor
753 4607 809 4670 (l.
832 4608 919 4670 36)
945 4621 1130 4656 occurs
1156 4607 1371 4670 usually
1394 4622 1409 4667 ς
1511 4606 1719 4672 though
1730 4576 1982 4656 lirasmus
1994 4622 2133 4655 were
2146 4608 2504 4671 expressinga
2519 4607 2655 4671 hope

258 4687 345 4722 see
365 4674 461 4736 Ep.
475 4688 600 4735 2¹52·
1509 4673 1632 4723 that
1655 4674 1727 4722 he
1751 4688 1860 4721 was
1882 4670 2151 4722 deceived.
2651 4710 2656 4719 .
