3355 5380
243 440 421 511 1524]
767 439 1165 501 ERASMUS
1220 439 1328 500 ΤΟ
1384 438 1611 499 JOHN
1668 439 2116 500 ΒΟΤΖΗΕΙΜ
2568 447 2634 501 11

244 593 488 655 Etenim
514 616 723 673 quum
754 597 887 657 illic
917 598 1161 658 cuidam
1182 597 1415 657 dicenti
1444 596 1573 656 ‘Ex
1596 596 1916 656 Hollando
1937 617 2152 656 versus
2173 618 2239 656 es
2267 596 2333 657 in
2359 598 2609 659 Gallum
2630 601 2646 625 ’

249 695 654 769 respondetur
682 697 918 772 ‘Quid?
958 697 1064 756 An
1087 715 1275 773 capus
1302 714 1474 755 eram
1495 714 1692 771 quum
1714 696 1863 754 hinc
1887 695 2120 755 abirem
2134 697 2206 768 Τ,
2234 696 2342 754 ille
2370 699 2645 758 mutauit

257 789 271 815 ‘
287 788 379 846 Ex
408 789 742 849 Hollando
762 810 981 850 versus
1005 810 1073 850 es
1101 791 1169 850 in
1191 791 1589 850 Britannum.
1666 788 1831 863 Quid
1849 791 1882 849 ’ἓ
1921 791 2028 849 An
2050 790 2212 849 Saxo
2239 810 2426 863 eram,
2450 812 2644 870 quum

248 884 389 945 hinc
437 886 790 948 abirem?'.
860 890 1132 949 Rursum
1180 907 1376 965 quum
1416 886 1674 964 quidam
1717 886 1977 946 dixisset
2023 887 2268 947 ‘Vestis
2306 889 2537 949 indicat
2580 895 2644 951 te

246 988 564 1045 mutatum
614 1006 694 1045 ex
744 987 983 1048 Batauo
1038 986 1107 1046 in
1159 987 1417 1047 Gallum
1436 985 1471 1060 ',
1521 985 1629 1044 ille
1670 1004 1748 1043 ex
1797 985 1981 1044 Gallo
2028 984 2176 1045 facit
2223 986 2605 1047 Britannum
2632 1011 2645 1063 ;
2675 1007 2703 1057 5

246 1100 571 1160 quumque
614 1085 728 1144 ille
768 1085 1190 1162 respondisset
1240 1084 1458 1144 ‘Hanc
1499 1081 2032 1157 metamorphosin
2077 1082 2300 1141 malim
2349 1104 2534 1161 quam
2576 1086 2646 1146 in

236 1166 598 1257 gallinam',
630 1182 919 1243 alludens
959 1183 1033 1242 ad
1075 1182 1333 1260 gallum,
1366 1180 1477 1239 ille
1516 1181 1792 1240 mutauit
1831 1180 2129 1257 gallinam
2172 1181 2237 1239 in
2272 1183 2643 1248 Bohemum.

248 1275 390 1336 Mox
441 1298 644 1355 quum
693 1280 949 1357 quidam
990 1280 1226 1340 iocatur
1270 1298 1337 1339 se
1382 1277 1682 1338 Latinum
1731 1296 1972 1354 quoque
2019 1298 2373 1340 sermonem
2428 1300 2649 1342 sonare

247 1375 505 1451 Gallice,
558 1377 671 1437 ille
712 1398 828 1455 pro
871 1378 1105 1439 Gallice
1147 1378 1340 1438 vertit
1383 1375 1758 1448 Britannice,
1809 1377 1873 1435 et
1926 1378 2141 1435 tamen
2186 1377 2437 1455 reliquit
2484 1380 2646 1457 quod

243 1475 573 1551 sequitur:
639 1476 1008 1555 ‘Nunquam
1056 1477 1250 1554 igitur
1296 1476 1462 1536 bona
1508 1474 1788 1535 carmina
1841 1474 2044 1549 facieS,
2095 1475 2240 1553 quia
2291 1478 2478 1554 periit
2532 1480 2649 1540 tibi
2681 1503 2739 1538 10

246 1573 640 1649 syllabarum
666 1576 980 1652 quantitas
997 1576 1029 1650 ’,
1065 1576 1226 1654 quod
1256 1573 1323 1633 in
1353 1573 1692 1633 Britannos
1719 1593 1846 1632 non
1875 1574 2179 1651 congruit.
2269 1575 2432 1635 Item
2455 1597 2650 1654 quum

245 1669 379 1729 illic
400 1670 631 1747 aliquis
651 1673 802 1733 dicit
826 1674 1011 1749 ‘Quid
1029 1673 1250 1734 accidit
1271 1671 1471 1734 Gallis
1491 1674 1561 1731 vt
1579 1670 1817 1731 bellum
1840 1670 2180 1747 suscipiant
2198 1692 2342 1732 cum
2359 1675 2643 1751 aquila?’,

244 1767 357 1827 ille
396 1770 487 1828 sic
529 1772 873 1848 corrumpit
913 1773 1137 1847 iocum,
1180 1774 1194 1802 ‘
1214 1771 1375 1845 Quid
1416 1769 1639 1830 accidit
1681 1769 1890 1846 pardis
1925 1772 1995 1829 vt
2028 1770 2266 1831 bellum
2308 1773 2651 1851 suscipiant

245 1885 395 1925 cum
434 1867 691 1943 liliis?'‚
747 1870 921 1947 quasi
966 1871 1099 1931 lilia
1139 1870 1380 1929 soleant
1420 1867 1668 1945 prodire
1704 1867 1771 1925 in
1803 1866 2062 1927 bellum.
2152 1868 2483 1931 Interdum
2520 1891 2649 1931 non

245 1964 448 2023 sentit
487 1985 557 2025 ea
588 1986 743 2043 quae
778 1972 1126 2045 sequuntur
1161 1987 1305 2027 cum
1338 1966 1441 2025 his
1474 1985 1627 2043 quae
1666 1965 1941 2024 mutauit
1978 1985 2105 2025 non
2138 1967 2441 2043 coherere,
2474 1971 2651 2030 velut
2679 1996 2736 2045 15

245 2062 368 2122 hoc
405 2064 544 2140 ipso
580 2065 649 2124 in
692 2066 840 2127 loco.
928 2067 1062 2142 Ego
1101 2069 1469 2142 scripseram
1504 2064 1733 2123 ‘Estne
1773 2064 2025 2124 Lutetia
2060 2064 2365 2126 immunis
2401 2086 2437 2125 a
2473 2068 2653 2143 pesti·

247 2160 552 2238 lentia?’;
581 2164 690 2224 ille
707 2167 910 2225 mutat
933 2166 1154 2225 ‘Estne
1171 2163 1531 2225 Londinum
1550 2160 1855 2220 immunis
1874 2180 1912 2220 a
1930 2162 2364 2237 pestilentia?’.
2412 2162 2652 2223 Rursus

249 2260 377 2320 alio
434 2260 569 2321 loco
618 2263 782 2339 quod
840 2283 876 2322 a
921 2264 1189 2340 quodam
1238 2262 1465 2321 dicitur
1519 2259 1720 2334 ‘Quid
1766 2259 2152 2335 trepidamus
2198 2263 2369 2321 hunc
2412 2263 2650 2339 gallum

252 2358 618 2433 lacerare?’,
662 2361 771 2420 ille
810 2362 1048 2438 gallum
1088 2360 1281 2421 vertit
1323 2360 1392 2418 in
1432 2357 1725 2435 leporem,
1765 2377 1877 2416 nec
1916 2361 2130 2418 tamen
2171 2360 2443 2420 mutauit
2488 2361 2651 2438 quod

255 2458 553 2533 sequitur,
596 2460 863 2520 ‘Vtrum
898 2460 1101 2519 mauis
1140 2458 1216 2518 de
1253 2457 1352 2517 ala
1387 2476 1467 2516 an
1504 2456 1581 2515 de
1616 2454 2041 2531 poplitibus‘?'
2084 2457 2279 2517 Porro
2312 2478 2504 2535 quum
2534 2459 2655 2520 Do·
2682 2485 2743 2520 πο

259 2556 660 2616 minicalibus
694 2557 848 2617 adeo
875 2561 1086 2618 tenere
1115 2557 1322 2618 faueat
1348 2558 1420 2615 vt
1455 2551 1725 2613 voluerit
1765 2552 1928 2629 apud
1968 2553 2111 2614 illos
2137 2556 2346 2614 sedere
2376 2557 2655 2616 commis-

253 2655 466 2728 sarios,
518 2658 733 2716 tamen
781 2656 1036 2717 Scotum
1090 2654 1378 2716 atrociter
1428 2653 1734 2713 attactum
1790 2671 1984 2728 aequo
2038 2652 2160 2713 fert
2207 2654 2433 2716 animo,
2525 2655 2654 2718 Nec

250 2753 419 2812 enim
461 2756 738 2814 mutauit
783 2755 946 2832 quod
995 2755 1129 2815 illic
1174 2753 1324 2813 dicit
1368 2751 1640 2830 quidam,
1697 2749 1932 2810 ‘citius
1972 2751 2170 2826 patiar
2208 2752 2407 2829 perire
2449 2756 2653 2813 totum

253 2853 507 2913 Scotum
539 2874 729 2930 quam
757 2854 950 2914 libros
976 2853 1167 2913 vnius
1195 2851 1507 2913 Ciceronis
1525 2851 1555 2910 '.

332 2951 574 3012 Verum
614 2955 688 3011 vt
736 2952 887 3011 haec
943 2951 1253 3012 stulticiae
1300 2951 1487 3026 plena
1528 2949 1695 3020 sunt,
1740 2946 1831 3005 ita
1878 2946 2098 3006 insunt
2146 2948 2457 3023 permulta
2497 2969 2654 3025 quae
2682 2972 2740 3023 25

254 3068 467 3124 parem
527 3050 764 3110 habent
818 3050 1125 3111 stulticiae
1180 3051 1456 3110 iunctam
1510 3044 1837 3106 maliciam.
1933 3044 2199 3118 Quidam
2253 3045 2383 3105 illic
2437 3047 2656 3107 irridet

255 3148 553 3223 sodalem,
588 3148 698 3226 qui
740 3169 931 3227 quum
975 3150 1136 3209 esset
1175 3147 1449 3225 perditae
1488 3145 1669 3218 vitae,
1715 3147 1925 3203 tamen
1968 3142 2182 3202 fideret
2223 3143 2412 3204 bullis
2453 3145 2654 3205 indul-

253 3247 621 3324 gentiariis3
677 3247 777 3307 hic
825 3251 1129 3307 corrector
1183 3245 1330 3304 facit
1377 3244 1561 3304 illum
1613 3243 1914 3301 fatentem
1964 3259 2030 3300 se
2081 3260 2225 3300 cum
2270 3241 2499 3301 Lutero
2542 3262 2655 3302 suo

254 3346 487 3405 sentire
532 3345 955 3422 indulgentias
999 3344 1363 3405 Pontificias
1407 3340 1574 3401 nihil
1608 3340 1829 3411 valere,
1863 3358 1933 3398 ac
1974 3359 2120 3398 mox
2164 3340 2349 3417 fingit
2388 3342 2654 3401 eundem

256 3446 729 3521 resipiscentem
769 3444 1046 3521 profiteri
1074 3444 1301 3502 erroris
1336 3442 1434 3501 sui
1475 3438 1942 3517 poenitentiam.
2026 3439 2233 3514 Atque
2273 3439 2424 3499 haec
2456 3440 2655 3499 videri
2681 3461 2744 3509 30

258 3545 399 3603 vult
437 3544 613 3603 velut
660 3563 696 3603 a
739 3562 842 3602 me
887 3547 1169 3602 correcta.
1261 3541 1313 3601 Ο
1357 3539 1551 3599 miros
1599 3536 1748 3596 fidei
1789 3536 2074 3595 nutantis
2116 3538 2445 3598 Atlantes!
2515 3539 2655 3598 Hoc

254 3643 518 3717 perinde
576 3646 669 3702 est
709 3662 779 3701 ac
823 3641 876 3700 si
919 3641 1058 3718 quis
1103 3639 1239 3699 offis
1283 3637 1584 3715 sanguine
1632 3635 1896 3694 imbutis
1925 3635 2167 3708 ¹vulnus
2208 3634 2545 3694 mentiatur
2586 3636 2652 3696 in

253 3739 540 3800 humano
593 3760 863 3816 corpore,
916 3759 986 3799 ac
1040 3758 1188 3798 mox
1242 3737 1409 3796 idem
1464 3733 1726 3795 sublatis
1783 3752 1937 3809 quae
1983 3734 2358 3808 admouerat,
2407 3734 2653 3794 vulneri

252 3839 597 3898 medeatur.
708 3837 880 3897 Dicit
931 3836 1059 3896 illic
1113 3855 1269 3912 puer
1321 3833 1629 3910 quispiam
1687 3832 2133 3891 confessionem
2190 3852 2344 3909 quae
2391 3832 2466 3892 fit
2520 3833 2652 3892 Deo

250 3940 649 4017 praecipuam
703 3957 852 3997 esse.
944 3934 1059 3994 Ille
1116 3932 1394 4004 correxit,
1455 3949 1813 3990 asseuerans
1871 3929 2318 3989 confessionem
2373 3949 2532 4006 quae
2578 3931 2653 3990 fit
2679 3951 2740 4000 35

256 4037 559 4098 sacerdoti
617 4035 1011 4112 praecipuam
1066 4052 1214 4092 esse.
1304 4031 1407 4090 Ita
1458 4028 1776 4105 prospexit
1827 4027 2201 4105 periclitanti
2256 4028 2644 4089 confessioni.

256 4137 474 4196 Vnum
514 4135 631 4194 hoc
669 4132 941 4209 exempli
982 4150 1163 4191 causa
1197 4128 1398 4201 retuli,
1434 4146 1576 4187 cum
1618 4126 1687 4185 in
1723 4125 1911 4186 huius
1954 4127 2197 4203 generis
2234 4127 2653 4204 sycophantiis

1221 4259 1300 4304 29.
1333 4241 1613 4289 Pontificis
1637 4243 1683 4289 δ.

319 4383 362 4416 1.
376 4368 456 4415 Ex
472 4362 751 4414 Hollando
764 4365 868 4411 etc.
910 4360 980 4408 In
990 4360 1085 4408 the
1097 4361 1405 4408 Per-cantandi
1509 4356 1634 4419 (LB.
1654 4357 1690 4407 i,
1710 4356 1807 4404 682
1823 4356 1898 4419 Α).
1965 4355 2095 4404 This
2114 4370 2330 4418 passage
2347 4370 2458 4404 was
2475 4355 2650 4405 added

253 4437 422 4482 Forma
441 4433 497 4480 os
507 4428 774 4480 Claudius
790 4442 860 4475 an
918 4427 1139 4485 Balbus,
1154 4424 1328 4473 added
1346 4427 1403 4472 to
1505 4424 1567 4471 in
1585 4424 1681 4471 the
1697 4423 1906 4470 Froben
1925 4422 2136 4470 edition
2154 4422 2211 4468 of
2225 4421 2298 4485 (c.
2317 4421 2489 4486 Aug.)
2508 4437 2646 4482 1522.

253 4501 345 4547 the
372 4502 707 4557 alloquiorum
725 4495 972 4541 For-mulae
995 4492 1054 4540 in
1080 4492 1174 4540 the
1194 4490 1403 4538 Froben
1573 4503 1653 4549 27.
1689 4487 1880 4550 bullis]
1929 4488 1999 4535 In
2034 4488 2129 4536 the
2163 4488 2529 4535 conversation
2566 4488 2649 4535 be·

256 4565 461 4613 edition
487 4563 546 4611 of
566 4560 760 4611 March
790 4571 917 4618 1522
944 4558 1078 4618 (LB.
1102 4557 1135 4604 i.
1165 4557 1369 4615 634-5).
1506 4556 1686 4601 tween
1711 4553 1919 4601 Arnold
1950 4552 2058 4600 and
2084 4553 2368 4601 Cornelius
2388 4553 2563 4601 added
2588 4554 2648 4600 in

321 4632 392 4678 18.
422 4630 528 4677 alio
545 4625 687 4688 loco]
705 4625 776 4672 In
794 4623 893 4671 the
908 4626 1205 4682 Conuiuium,
1220 4620 1403 4668 which
1508 4619 1695 4668 March
1722 4634 1845 4679 1522
1873 4619 1999 4682 (LB.
2030 4619 2069 4666 i.
2090 4621 2190 4678 640
2213 4619 2321 4677 AB).

262 4695 305 4742 is
326 4697 385 4743 in
408 4695 504 4741 the
529 4690 767 4753 original
785 4688 996 4737 edition
1020 4687 1145 4750 (LB.
1165 4688 1200 4734 i.
1220 4688 1319 4733 660
1334 4687 1401 4748 ιτ).
1572 4699 1650 4746 34.
1709 4683 1867 4746 puer]
1924 4685 1992 4732 In
2050 4684 2146 4731 the
2198 4685 2506 4741 Consabulaab
2559 4684 2651 4730 Pia

322 4775 399 4823 23.
417 4756 614 4822 Citius]
632 4758 704 4807 In
721 4755 817 4803 the
831 4757 1114 4802 Conuiuium
1126 4755 1406 4812 Rdiqiosum
1506 4750 1680 4800 added
1715 4753 1775 4800 in
1811 4750 1992 4800 March
2023 4764 2149 4810 1522
2186 4748 2318 4813 (ΕΒ.
2341 4748 2376 4795 i.
2401 4750 2498 4810 652
2522 4748 2598 4810 Α).
