3355 5380
232 380 415 467 15²⁴]
748 386 1150 449 ERASMUS
1203 387 1311 448 ΤΟ
1364 387 1596 450 JOHN
1651 387 2101 452 ΒΟΤΖΗΕΙΜ
2553 397 2624 452 31

227 543 416 604 minis
470 545 567 604 est
623 544 950 618 nunciata,
1006 543 1219 605 animo
1275 543 1635 605 Christiano
1692 548 1979 623 precatus
2031 565 2173 607 sum
2228 546 2344 606 Dei
2398 546 2638 607 miseri·

229 642 497 702 cordiam
528 666 545 717 ;
586 645 654 704 et
689 643 883 703 audio
920 642 1245 704 hominem
1285 642 1402 702 sub
1440 645 1714 703 mortem
1751 643 2118 722 deplorasse,
2151 646 2316 723 quod
2345 646 2638 724 deceptus

233 741 621 819 quorundam
648 742 933 802 versutia
956 741 1305 801 lacessisset
1332 741 1628 802 amicum.

307 839 507 900 Video
550 859 657 901 me
697 840 949 918 longius
989 839 1334 918 digressum
1375 839 1454 899 ab
1497 860 1571 899 eo
1611 839 1776 917 quod
1818 839 2231 916 institueram,
2273 842 2382 902 sed
2425 845 2639 903 tamen

229 958 354 998 non
398 958 663 1015 possum
709 938 874 999 mihi
918 940 1263 1016 temperare
1305 936 1462 1015 quin
1504 936 1575 1000 in
1614 938 1802 998 amici
1846 938 2059 1000 sinum
2106 940 2430 1001 effundam
2472 942 2636 1018 quod
2668 960 2696 1011 5

229 1035 396 1097 hisce
451 1036 674 1096 diebus
727 1035 1017 1113 comperi,
1067 1056 1191 1114 quo
1244 1035 1428 1113 plane
1475 1034 1792 1114 intelligas
1836 1057 2024 1115 quam
2078 1056 2205 1097 non
2262 1038 2640 1116 Euangeliou

228 1134 456 1212 spiritu
512 1135 774 1212 quidam
830 1134 1238 1196 dissidiorum
1291 1134 1583 1195 materias
1638 1137 1893 1211 captent
1945 1154 2018 1194 ac
2073 1136 2351 1213 gignant,
2407 1137 2518 1214 qui
2573 1157 2641 1199 se

227 1235 636 1295 vehementer
678 1234 1014 1311 Euangelii
1056 1233 1314 1295 nomine
1360 1233 1665 1297 iactitant.
1754 1234 1914 1296 Rem
1966 1233 2246 1297 narrabo.
2333 1237 2640 1296 Autorem

229 1332 366 1411 ipse
405 1332 591 1393 facile
633 1332 985 1407 diuinabis;
1040 1332 1117 1393 de
1158 1351 1281 1411 quo
1323 1352 1519 1410 quum
1558 1331 1723 1396 mihi
1763 1332 2125 1411 frequenter
2162 1333 2433 1394 relatum
2473 1337 2642 1396 esset

228 1432 398 1510 quod
442 1451 669 1509 parum
708 1430 907 1491 amice
949 1431 1024 1491 de
1063 1450 1165 1491 me
1207 1431 1577 1508 loqueretur,
1609 1430 1874 1508 neglexi,
1903 1432 2057 1491 adeo
2098 1434 2169 1492 vt
2205 1451 2319 1491 nec
2357 1435 2643 1510 expostu·
2670 1451 2730 1487 πο

227 1528 421 1590 larim
456 1530 526 1589 in
569 1528 894 1606 colloquio.
980 1528 1259 1590 Tandem
1300 1528 1410 1589 vbi
1452 1529 1890 1590 renunciatum
1932 1532 2095 1590 esset
2135 1530 2301 1607 quod
2343 1548 2446 1589 me
2486 1530 2643 1592 satis

230 1628 449 1689 odiose
488 1626 751 1689 dixisset
791 1626 1157 1705 prophetam
1199 1627 1472 1701 Balaam,
1514 1626 1695 1705 quasi
1735 1627 2013 1688 mercede
2056 1627 2400 1689 conductus
2439 1647 2642 1689 essem

228 1726 311 1786 ad
367 1724 869 1786 maledicendum
927 1726 1158 1804 populo
1210 1725 1345 1801 Dei,
1402 1746 1530 1786 non
1584 1724 1924 1787 arbitratus
1979 1746 2124 1787 sum
2179 1729 2313 1787 tam
2367 1730 2642 1787 atrocem

229 1821 686 1884 contumeliam
727 1823 1265 1885 dissimulandam.
1356 1824 1576 1902 Itaque
1610 1844 1755 1884 casu
1788 1827 2009 1885 nactus
2034 1825 2362 1886 hominem
2394 1826 2639 1902 seducO,

231 1942 386 2000 rogo
414 1940 574 1981 num
601 1940 817 1981 verum
845 1925 1008 1982 esset
1037 1922 1202 1999 quod
1236 1922 1314 1983 ad
1345 1941 1444 1983 me
1472 1922 1754 1984 delatum
1792 1925 1941 1984 erat.
2031 1922 2150 1983 Ille
2180 1924 2637 2002 tergiuersatur,
2675 1944 2731 1994 ¹5

232 2039 349 2080 nec
394 2018 685 2080 inficians
733 2039 848 2080 nec
892 2021 1217 2081 confitens.
1301 2021 1583 2081 Tandem
1622 2020 1873 2099 vrgenti
1914 2021 2247 2099 respondet
2288 2022 2350 2082 id
2399 2021 2640 2082 dictum

231 2117 432 2179 fuisse
478 2137 516 2177 a
560 2120 901 2179 mercatore
946 2119 1216 2197 quodam
1262 2118 1459 2194 Gallo,
1509 2118 1620 2197 qui
1660 2121 1803 2180 tum
1853 2119 2003 2179 hinc
2043 2119 2297 2181 abierat.
2383 2120 2469 2180 Et
2508 2119 2644 2180 fieri

232 2218 442 2294 potest
470 2220 545 2276 vt
577 2216 693 2276 hoc
729 2220 1034 2277 mercator
1071 2216 1315 2293 dixerit,
1349 2218 1453 2277 sed
1493 2217 1572 2277 ab
1611 2216 1730 2278 hoc
1763 2217 2000 2278 doctus.
2088 2218 2298 2294 Quum
2339 2218 2642 2279 instarem

234 2319 307 2375 vt
343 2315 635 2375 redderet
668 2334 883 2376 causas
911 2335 1073 2393 quur
1106 2315 1204 2375 illi
1232 2316 1474 2377 viderer
1503 2315 1734 2392 dignus
1769 2336 1845 2377 eo
1881 2315 2183 2391 conuicio,
2216 2317 2538 2394 respondit
2576 2336 2643 2378 se

236 2413 503 2487 audisse,
535 2413 701 2489 quod
737 2413 1067 2475 iactassem
1107 2433 1211 2475 me
1251 2413 1477 2476 habere
1520 2414 1856 2478 consilium
1900 2434 2025 2492 quo
2065 2435 2319 2492 prorsus
2361 2414 2642 2492 extingui
2671 2437 2735 2473 πο

235 2514 447 2588 posset
514 2510 637 2570 hoc
705 2510 1063 2574 incendium
1119 2513 1567 2587 Lutheranum,
1627 2512 1746 2574 hoc
1799 2514 1894 2573 est
1949 2512 2411 2590 Euangelium3
2492 2531 2643 2571 nam

233 2609 397 2669 hanc
444 2608 1023 2687 interpretationem
1069 2610 1177 2672 ille
1219 2611 1461 2672 adiecit.
1548 2611 1683 2687 Ego
1730 2612 2015 2672 nondum
2071 2611 2431 2689 intelligens
2477 2612 2646 2672 vnde

234 2711 465 2768 natum
509 2710 606 2768 est
648 2709 768 2769 hoc
810 2709 979 2784 mali,
1034 2710 1327 2787 respondi
1368 2730 1472 2771 me
1514 2708 1900 2786 principibus
1941 2709 2288 2786 pollicitum
2330 2730 2461 2770 esse
2504 2729 2644 2770 con·

234 2806 476 2880 silium,
516 2826 644 2883 quo
686 2809 897 2883 posset
942 2808 1234 2884 componi
1280 2808 1613 2869 dissidium
1662 2807 1781 2868 hoc
1822 2827 2011 2885 quam
2053 2808 2320 2868 minimo
2363 2809 2644 2867 tumultu

235 2905 519 2982 citraque
568 2905 971 2981 dispendium
1015 2904 1325 2966 libertatis
1381 2905 1814 2984 Euangelicae,
1861 2906 2049 2965 modo
2102 2905 2167 2964 id
2222 2905 2456 2965 vellent
2510 2903 2647 2963 fieri
2676 2929 2735 2979 ²5

236 3004 400 3065 clam
429 3025 501 3064 ac
540 3007 719 3078 tuto;
776 3023 1001 3066 verum
1036 3003 1155 3066 hoc
1190 3005 1525 3066 consilium
1555 3023 1689 3065 esse
1725 3003 1852 3064 tale
1881 3006 1952 3064 vt
1979 3023 2193 3065 verear
2228 3025 2307 3065 ne
2334 3002 2646 3080 principes

236 3122 366 3163 non
396 3101 533 3161 sint
563 3101 916 3162 admissuri.

317 3201 476 3259 Post
532 3199 771 3277 aliquot
831 3200 964 3260 dies
1018 3199 1322 3279 originem
1376 3200 1567 3262 huius
1620 3199 1778 3263 mali
1832 3200 1994 3260 forte
2034 3199 2287 3260 fortuna
2333 3199 2523 3260 didici
2568 3218 2648 3259 ex

237 3299 522 3359 oratione
590 3297 901 3360 Pellicani
954 3298 1169 3360 nostri.
1272 3297 1578 3360 Narrabat
1634 3298 1809 3359 enim
1871 3297 2291 3360 clarissimum
2346 3298 2649 3358 Poloniae

236 3396 558 3458 Batonem
614 3395 1030 3471 Hieroslaum,
1089 3397 1454 3462 Palatinum
1510 3396 1948 3471 Siradiensem,
2010 3417 2206 3474 quum
2261 3395 2364 3457 hic
2417 3400 2642 3474 ageret,
2674 3421 2738 3469 30

237 3496 446 3558 nescio
473 3495 628 3573 quid
659 3495 1026 3555 minitatum
1053 3495 1122 3555 in
1153 3495 1562 3570 Lutheranos,
1596 3494 1708 3555 vbi
1734 3494 1992 3555 redisset
2020 3495 2090 3555 in
2116 3495 2405 3571 patriam.
2479 3496 2647 3556 Eum

238 3593 540 3671 quoniam
580 3597 905 3653 senserant
943 3593 1452 3654 amantissimum
1493 3593 1620 3652 mei
1660 3592 2000 3669 crebroque
2042 3613 2156 3653 nos
2196 3593 2483 3668 inuisere,
2518 3613 2649 3654 sus-

237 3692 426 3770 picati
457 3695 615 3752 sunt
650 3691 908 3769 quidam
943 3691 1104 3752 meis
1136 3692 1344 3753 verbis
1382 3693 1817 3768 exasperatum
1859 3710 2120 3769 meoque
2157 3693 2474 3752 armatum
2508 3711 2651 3754 con·

237 3790 397 3851 silio.
487 3790 675 3850 Nunc
716 3810 869 3866 rem,
899 3794 970 3852 vt
1012 3790 1219 3866 habet,
1258 3791 1480 3869 accipe,
1526 3789 1617 3850 mi
1658 3791 1972 3866 Botzeme,
2019 3793 2086 3851 et
2125 3789 2442 3868 intelliges
2482 3790 2649 3867 quod

239 3890 601 3967 frequenter
641 3888 919 3951 maxima
957 3888 1034 3949 de
1074 3888 1277 3953 nihilo
1318 3889 1595 3951 nascitur
1640 3887 1920 3950 historia.
2007 3889 2217 3965 Quum
2258 3887 2649 3949 induxissem
2675 3912 2737 3963 35

240 3986 651 4047 Hieroslaum
706 3987 775 4046 in
831 3985 1295 4061 bibliothecam,
1348 3987 1458 4047 ille
1510 3986 1724 4047 iniecit
1778 3979 2165 4047 mentionem
2219 3987 2296 4047 de
2350 3986 2644 4063 Luthero,

241 4086 491 4163 rogauit
534 4105 697 4145 num
739 4086 958 4146 doctus
999 4089 1179 4148 esset.
1268 4086 1544 4147 Probaui
1581 4085 1949 4148 doctrinam.
2036 4084 2202 4160 Quid
2241 4085 2538 4146 sentirem
2571 4087 2650 4148 de

241 4183 647 4263 dogmatibus
673 4184 809 4246 eius
825 4186 860 4247 ⁸?
938 4185 1065 4247 Aio
1091 4204 1225 4247 rem
1254 4203 1389 4246 esse
1426 4203 1613 4262 supra
1648 4202 1857 4247 meam
1890 4182 2315 4260 cognitionem
2343 4204 2360 4258 3
2400 4185 2652 4246 tametsi

244 4284 459 4363 negari
485 4303 618 4343 non
646 4287 858 4360 posset
884 4282 1070 4345 illum
1098 4283 1302 4345 multa
1327 4282 1640 4360 praeclare
1676 4281 1978 4359 docuisse,
2009 4282 2213 4345 multa
2238 4285 2402 4346 recte
2427 4303 2649 4346 monu-

241 4380 363 4443 hss
400 4384 466 4442 et
501 4382 763 4442 hulcera
790 4382 1093 4458 quaedam
1119 4382 1368 4444 fortiter
1393 4381 1754 4461 exagitasse.
1840 4380 2041 4459 Rogat
2068 4400 2223 4458 quos
2248 4380 2427 4443 illius
2451 4382 2645 4446 libros
2675 4403 2741 4454 40

246 4481 651 4558 potissimum
690 4479 1037 4558 probarem.
1122 4478 1400 4541 Nomino
1441 4478 1924 4541 commentarios
1962 4478 2033 4540 in
2065 4478 2293 4557 viginti
2333 4480 2641 4558 Psalmos,

645 4707 693 4757 s.
729 4706 1019 4773 Antoren]
1042 4705 1186 4758 πω.
1215 4706 1384 4757 rarsi.
1433 4704 1513 4757 cr.
1539 4681 1710 4758 105³.
1732 4706 1886 4758 πω.
1907 4721 1993 4771 4ο,
2015 4706 2121 4758 1.s.
2147 4721 2258 4770 70⁷·
