3355 5380
322 365 510 450 1500]
775 368 883 429 ΤΟ
943 368 1032 427 Α,
1061 366 1545 430 PHYSIOIAN
1602 367 1770 430 F'OR
1825 369 1888 429 A
1942 366 2264 429 FRIEND
2593 370 2711 425 307

314 525 379 586 id
414 525 582 602 quod
623 525 1002 602 sperandum
1037 524 1201 585 mihi
1238 544 1368 585 non
1406 528 1518 600 est,
1548 527 1612 584 at
1650 524 1856 602 aliqua
1890 524 2114 585 saltem
2153 544 2230 583 ex
2267 523 2712 601 parte—toties

314 624 465 684 fatis
513 622 674 684 meis
720 623 953 683 irascor
1000 623 1289 700 maleque
1335 642 1566 701 precor,
1617 643 1773 701 quae
1820 642 1922 682 me
1967 623 2086 683 hac
2133 623 2490 682 conditione
2526 620 2713 681 -nasci

314 720 649 796 voluerint,
694 723 765 782 vt
803 740 1119 782 summam
1161 721 1257 782 tui
1297 719 1606 781 similium
1647 721 2106 782 humanitatem
2146 720 2418 797 experiri
2461 738 2710 779 necesse

314 820 630 894 haberem,
663 819 946 880 remetiri
970 839 1120 879 vero
1145 819 1312 897 quod
1339 819 1714 896 accepissem
1739 839 1821 879 ne
1846 819 2116 879 minima
2142 817 2398 896 quidem
2424 838 2502 877 ex
2537 819 2712 894 parte
2745 836 2804 872 ιο

315 938 582 995 possem.
676 917 812 994 Qua
847 917 1102 995 quidem
1129 937 1255 978 vna
1292 917 1360 977 in
1397 937 1464 977 re
1499 918 1783 978 fortunae
1819 917 2220 994 iniquitatem
2258 916 2419 976 mihi
2446 934 2710 994 grauem

317 1016 538 1091 sentio,
564 1016 908 1094 ingensque
926 1015 1158 1076 intimo
1184 1016 1418 1092 pectori
1445 1016 1730 1076 oboritur
1754 1019 1980 1090 aestus,
2005 1035 2151 1075 cum
2171 1018 2236 1075 et
2262 1015 2437 1075 ardet
2463 1011 2713 1074 animus

319 1115 549 1178 referre
600 1113 992 1188 beneficium,
1038 1114 1355 1191 simulque
1400 1113 1669 1174 occurrit
1724 1117 1789 1174 et
1835 1133 2023 1193 quam
2071 1113 2156 1174 sit
2205 1113 2500 1191 exiguum
2545 1110 2710 1190 quod

321 1215 530 1273 nostra
555 1212 752 1290 possit
773 1211 1061 1283 tenuitas,
1084 1216 1148 1272 et
1167 1232 1357 1289 quam
1379 1212 1767 1286 immensum
1788 1212 1951 1290 quod
1973 1216 2083 1272 tua
2107 1210 2307 1289 poscit
2327 1210 2705 1271 humanitas.

321 1310 474 1385 Quin
493 1309 665 1370 enim
682 1329 962 1388 vnquam
985 1310 1087 1371 vel
1109 1310 1624 1388 opulentissimus
1641 1310 1879 1370 medico
1899 1310 2168 1388 gratiam
2189 1329 2405 1387 parem
2424 1308 2714 1370 rettulit?
2745 1324 2804 1374 15

319 1408 406 1468 Vt
444 1409 598 1482 Deo,
632 1407 722 1470 ita
759 1427 873 1468 nec
910 1408 1154 1469 medico
1190 1408 1341 1468 talio
1377 1409 1632 1486 rependi
1674 1412 1897 1486 potest.
1985 1411 2047 1469 A
2080 1409 2212 1470 Deo
2247 1409 2442 1469 vitam
2482 1405 2712 1484 accepi-

317 1525 480 1580 muS,
529 1526 569 1566 a
616 1506 860 1567 medico
906 1509 1207 1583 tanquam
1255 1507 1632 1585 recipimus3
1693 1528 1731 1567 a
1783 1526 2033 1568 summo
2085 1507 2197 1568 illo
2254 1501 2483 1567 rerum'
2510 1509 2714 1566 satore

316 1603 577 1664 viuendi
610 1624 850 1665 munus
886 1606 1254 1682 accepimus,
1298 1604 1361 1664 id
1405 1606 1633 1666 medici
1672 1625 1821 1666 cura
1855 1610 1995 1667 tum
2036 1608 2321 1666 seruatur
2363 1623 2441 1664 ne
2481 1608 2704 1682 pereat,
2792 1611 2796 1617 ’

317 1705 457 1762 tum
487 1702 850 1763 restituitur
871 1702 1104 1780 alioqui
1147 1703 1514 1780 periturum.
1600 1705 1807 1779 Quare
1829 1704 2122 1782 equidem
2151 1706 2363 1764 virum
2392 1703 2709 1764 medicum

317 1819 446 1859 non
495 1819 696 1861 vnum
751 1820 863 1878 pro
893 1800 1142 1861 multis
1193 1804 1596 1877 numerarim,
1644 1804 1714 1862 vt
1761 1803 2011 1878 scripsit
2060 1802 2396 1876 HomeruS,
2448 1800 2555 1862 sed
2601 1820 2714 1876 pro
2746 1823 2806 1858 20

317 1898 603 1960 terrestri
629 1898 900 1976 quodam
927 1899 1190 1960 numine
1216 1900 1383 1959 inter
1408 1899 1709 1961 mortales
1734 1901 2096 1961 habendum
2125 1899 2489 1960 censuerim.

400 1998 495 2057 At
534 2000 844 2075 quantum
883 1997 1147 2074 reliquis
1186 1998 1560 2059 mortalibus
1606 1999 1925 2060 antecellit
1963 1999 2257 2074 medicus,
2304 2001 2556 2059 tantum
2596 1988 2714 2074 ego

317 2098 383 2155 te
421 2095 807 2156 medicorum
834 2096 1066 2173 vulgus
1102 2097 1467 2157 antecedere
1508 2100 1703 2173 puto;
1742 2101 1815 2157 vt
1842 2097 1963 2157 tibi
1989 2117 2117 2157 non
2144 2096 2333 2157 modo
2363 2099 2434 2156 vt
2470 2095 2711 2156 medico‘
2801 2133 2807 2141 ›

320 2193 597 2267 debeam,
629 2193 738 2254 sed
768 2197 839 2255 vt
866 2194 1106 2254 medico
1133 2194 1202 2255 in
1229 2197 1362 2255 arte
1400 2195 1688 2273 principi,
1717 2195 1842 2256 fide
1879 2214 2020 2255 rara
2050 2199 2116 2257 et
2151 2215 2311 2273 pene
2337 2192 2707 2268 incredibili,

320 2311 468 2352 cura
495 2296 558 2352 et
585 2292 1007 2353 sollicitudine
1035 2292 1368 2371 plusquam
1397 2296 1672 2370 paterna,
1707 2294 2098 2355 humanitate
2125 2293 2515 2354 admirabili:
2558 2311 2713 2369 quae
2744 2310 2802 2362 25

320 2391 534 2452 omnia
570 2411 697 2452 vno
731 2391 801 2451 in
843 2390 1084 2451 medico
1122 2391 1390 2468 reperire
1431 2392 1694 2453 fortasse
1733 2413 1862 2453 non
1902 2393 2115 2452 minus
2151 2392 2236 2452 sit
2272 2411 2484 2452 rarum
2523 2410 2713 2468 quam

320 2489 558 2566 phenix
605 2490 715 2549 ille
763 2492 1105 2566 poetarum,
1152 2489 1262 2567 qui
1305 2489 1432 2550 iam
1474 2490 1542 2550 in
1585 2491 1863 2552 raritatis
1906 2490 2199 2567 adagium
2241 2490 2442 2551 cessit.
2527 2489 2608 2549 In
2648 2491 2713 2548 te

320 2590 536 2648 autem
563 2608 690 2648 vno
718 2607 847 2649 non
874 2589 1079 2648 solum
1108 2588 1262 2649 haec
1289 2588 1516 2662 omnia,
1549 2590 1967 2650 verumetiam
1996 2608 2261 2649 summa.
2348 2586 2511 2663 Quid
2541 2587 2715 2647 enim

319 2687 385 2746 te
402 2707 530 2747 vno
551 2687 656 2747 vel
676 2687 745 2747 in
766 2686 1177 2749 coniectando
1196 2686 1531 2761 sollertius,
1554 2687 1654 2749 vel
1675 2687 1745 2748 in
1766 2687 2095 2748 iudicando
2115 2686 2318 2748 acrius
2337 2687 2706 2762 certiusque,

322 2784 425 2845 vel
442 2785 510 2845 in
540 2785 1012 2862 pronunciando
1030 2786 1377 2846 modestius
1392 2789 1426 2846 *Ρ
1465 2785 1693 2864 quibus
1715 2787 1901 2847 rebus
1922 2806 2048 2846 non
2071 2787 2257 2846 modo
2277 2802 2495 2845 omnes
2513 2783 2716 2844 nostri
2744 2804 2808 2852 30

321 2884 630 2960 temporis
656 2884 928 2945 medicos
955 2883 1141 2961 longe
1167 2886 1534 2961 praecurris,
1568 2885 1983 2946 verumetiam
2011 2884 2167 2962 ipsis
2193 2884 2345 2945 artis
2373 2882 2711 2953 autoribus,

321 2985 385 3040 et
411 2986 720 3059 tanquam
748 2981 885 3056 diis,
917 2987 987 3042 vt
1013 2986 1258 3042 veteres
1284 2982 1716 3060 loquebantur,
1750 2984 1884 3043 iure
1922 2983 2159 3058 optimo
2196 2982 2419 3043 debeas
2445 2978 2707 3059 aequari.

321 3078 488 3139 Tum
516 3079 724 3140 Deum
753 3079 1193 3155 immortalem,
1228 3100 1353 3157 qua
1379 3079 1502 3141 fide
1530 3084 1545 3141 Ξ
1588 3101 1744 3158 quae
1774 3080 2028 3157 quidem
2065 3082 2122 3141 si
2160 3081 2281 3141 arti
2308 3080 2585 3141 detracta
2610 3078 2713 3151 sit,

320 3176 666 3252 periculosa
702 3177 1008 3255 quaedam
1045 3198 1146 3238 res
1180 3178 1267 3239 sit
1304 3178 1624 3240 medicus:
1666 3199 1788 3257 qua
1820 3179 2274 3256 spectatissima
2307 3180 2373 3240 id
2410 3198 2478 3238 es
2512 3188 2716 3238 conse*

322 3277 572 3352 quutus‚
605 3280 677 3335 vt
704 3275 989 3336 certatim
1026 3280 1393 3353 magnatum
1431 3278 1694 3356 quisque
1730 3277 1852 3338 tibi
1887 3278 2109 3355 capitis
2143 3279 2246 3339 sui
2283 3279 2554 3338 salutem
2589 3295 2717 3336 non
2746 3295 2807 3346 35

320 3377 391 3432 vt
421 3373 686 3448 medico,
719 3373 830 3434 sed
865 3378 938 3434 vt
974 3375 1220 3452 parenti
1252 3375 1620 3435 committat.
1712 3376 1878 3436 Tum
1916 3397 2103 3454 quam
2139 3380 2349 3437 exacta
2373 3376 2476 3436 vel
2515 3376 2716 3435 minu·

320 3470 594 3532 tissimis
647 3472 715 3531 in
761 3472 947 3532 rebus
997 3472 1338 3550 diligentia,
1387 3477 1618 3552 quanta
1664 3474 1966 3550 patientia
2006 3474 2292 3535 laborum
2336 3474 2720 3551 minimeque

321 3590 588 3644 morosa,
615 3573 687 3631 vt
712 3570 832 3631 ista
859 3571 930 3631 in
959 3590 1026 3630 re
1046 3571 1212 3630 nulli
1230 3571 1334 3631 vel
1360 3572 1831 3633 amantissimae
1849 3573 2225 3634 materculae
2251 3574 2433 3633 cedas
2454 3575 2475 3634 l
2531 3570 2717 3632 Adde

320 3669 450 3729 iam
479 3668 947 3730 humanitatem
983 3669 1384 3747 singularem,
1418 3690 1541 3748 qua
1579 3670 1717 3731 iure
1745 3670 1866 3731 tibi
1895 3671 2160 3749 contigit
2188 3674 2258 3732 vt
2287 3690 2472 3731 nemo
2498 3674 2562 3731 te
2589 3690 2717 3731 non

325 3766 690 3842 admiretur,
724 3787 837 3828 nec
874 3768 1224 3830 admiretur
1259 3769 1481 3841 solum,
1513 3769 1621 3829 sed
1653 3769 1849 3829 etiam
1876 3772 2046 3830 amet
2070 3791 2084 3842 ;
2126 3789 2276 3829 nam
2302 3772 2434 3830 arte
2463 3768 2717 3846 quidem
2745 3788 2810 3836 40

321 3866 529 3927 doctis
565 3885 636 3926 es
668 3865 1001 3940 miraculo,
1031 3866 1155 3927 fide
1192 3868 1600 3944 magnatibus
1638 3868 1861 3945 places,
1895 3867 2222 3945 diligentia
2258 3866 2721 3945 curaquelaboss

319 3964 627 4039 rantibus,
650 3964 1042 4025 humanitate
1067 3964 1350 4043 miraque
1376 3985 1628 4026 morum
1651 3965 1960 4026 suauitate
1979 3965 2304 4026 Vniuersis.
2379 3965 2503 4025 His
2530 3964 2716 4024 rebus

321 4063 641 4136 omnibus,
671 4062 739 4122 in
765 4082 1018 4123 summo
1046 4082 1187 4123 meo
1214 4063 1489 4140 periculo
1516 4063 1913 4141 hominisque
1946 4084 2102 4141 pene
2130 4062 2330 4141 ignoti
2364 4063 2550 4123 rebus
2581 4082 2716 4140 pro-

322 4259 579 4340 quidem
616 4260 899 4336 potueris
931 4259 1278 4333 officiosius,
1308 4264 1380 4320 vt
1415 4263 1526 4321 tua
1560 4260 1746 4338 plane
1781 4260 1906 4321 sim
1942 4264 2077 4322 arte
2113 4263 2414 4339 tanquam
2453 4260 2532 4320 ab
2560 4260 2719 4321 Orco
2749 4279 2808 4327 ⁴5

326 4360 672 4419 reuocatus.

406 4456 635 4533 Itaque
672 4455 821 4533 quid
864 4456 1119 4517 debeam
1157 4456 1355 4529 vide0,
1399 4476 1758 4534 quanquam
1797 4477 1877 4517 ne
1913 4456 1979 4516 id
2018 4457 2273 4534 quidem
2311 4456 2465 4517 satis
2504 4456 2716 4515 animo
2752 4492 2759 4497 -

324 4574 686 4633 consequor,
719 4553 956 4615 nedum
991 4555 1222 4616 verbis.
1309 4554 1550 4616 Verum
1588 4555 1699 4616 vbi
1733 4556 1811 4615 de
1848 4555 2188 4632 referendo,
2218 4557 2289 4615 vt
2324 4574 2437 4632 par
2474 4550 2583 4626 est,
2625 4553 2715 4613 in·

329 4655 894 4664 m
1083 4683 1163 4719 20.
1201 4668 1496 4732 Homerus]
1532 4671 1666 4717 Iliad
1683 4684 1733 4729 9.
1762 4671 1869 4730 116,
1897 4684 1946 4730 7.
2516 4663 2521 4669 ’
