3355 5380
269 410 455 496 1497]
904 415 1011 474 To
1067 413 1543 476 CHRISTIAN
1601 412 2059 475 NORTHOFF
2330 436 2345 453 ·
2551 419 2665 476 173

259 587 623 651 percensere
672 591 873 649 neque
920 593 1177 650 possum
1227 592 1425 651 neque
1480 573 1981 651 operaeprecium
2036 575 2148 647 est,
2198 572 2278 632 iis
2330 571 2668 651 relinquito

258 691 417 749 quos
470 669 821 731 barbariem
877 670 1189 732 immenso
1235 671 1444 732 labore
1489 671 1722 731 discere
1778 671 1971 732 iuuat.
2058 670 2427 747 Initionon
2476 690 2666 749 quam

258 769 482 844 multa,
526 768 634 828 sed
684 788 876 846 quam
922 769 1089 830 bona
1130 770 1434 849 percipias
1479 770 1686 831 refert.
1773 770 1900 833 Sed
1937 770 2066 831 iam
2107 770 2414 831 rationem
2461 770 2669 848 accipe
2695 784 2758 835 35

256 886 384 944 qua
408 867 610 945 possis
637 886 767 928 non
795 866 1004 928 solum
1032 868 1278 944 rectius,
1312 869 1421 929 sed
1461 869 1656 929 etiam
1697 868 1942 929 facilius
1985 868 2232 931 discere.
2318 867 2459 929 Hoc
2493 869 2667 930 enim

258 966 328 1026 in
369 966 630 1026 homine
669 966 907 1026 artifice
951 970 1267 1044 praestare
1311 967 1470 1027 solet
1513 968 1669 1028 artis
1714 967 1892 1041 ratio,
1937 970 2007 1027 vt
2049 969 2423 1029 tantundem
2467 966 2669 1045 operis

259 1084 458 1141 quum
480 1064 714 1125 rectius
741 1064 1212 1142 expeditiusque
1240 1068 1379 1126 tum
1401 1065 1605 1126 leuius
1630 1065 1822 1125 etiam
1847 1064 2087 1125 efficiat.
2161 1066 2350 1126 Diem
2369 1068 2669 1143 tanquam

256 1162 326 1222 in
370 1182 588 1240 operas
627 1162 877 1240 partire,
922 1163 987 1223 id
1029 1164 1191 1240 quod
1237 1166 1301 1223 et
1341 1184 1380 1224 a
1421 1162 1632 1224 Plinio
1674 1163 1960 1224 Secundo
2000 1166 2066 1223 et
2111 1180 2149 1222 a
2196 1162 2314 1223 Pio
2360 1161 2669 1224 Pontiflce

255 1260 552 1336 Maximo,
577 1261 733 1322 viris
760 1262 1047 1322 omnium
1077 1261 1380 1322 memoria
1405 1260 1980 1339 praestantissimis,
2000 1261 2350 1323 factitatum
2376 1260 2662 1339 legimus.
2694 1283 2760 1331 4ο

256 1358 598 1436 Principio,
630 1359 795 1438 quod
824 1362 1011 1439 caput
1039 1364 1152 1436 est,
1181 1362 1639 1437 praeceptorem
1679 1360 2195 1438 interpretantem
2222 1379 2351 1421 non
2391 1362 2668 1422 attentus

253 1457 459 1531 modo,
518 1457 628 1517 sed
693 1458 758 1517 et
818 1458 1041 1518 auidus
1103 1457 1470 1520 auscultato.
1587 1458 1731 1519 Non
1784 1460 2118 1519 contentus
2172 1459 2439 1537 impigre
2490 1459 2667 1537 sequi

250 1553 687 1631 disserentem,
746 1554 1075 1633 aliquoties
1139 1548 1496 1634 praeuolare
1559 1557 1879 1618 contende.
1987 1556 2216 1617 Omnia
2272 1556 2445 1619 illius
2500 1556 2668 1619 dicta

253 1652 612 1728 memoriae,
673 1655 1002 1732 praecipua
1066 1655 1258 1715 etiam
1322 1654 1524 1715 literis
1593 1655 1941 1730 mandabis,
2002 1653 2388 1716 fidelissimis
2439 1673 2665 1716 vocum

248 1751 653 1812 custodibus:
713 1752 942 1830 quibus
991 1772 1207 1813 rursus
1251 1753 1341 1814 ita
1383 1753 1657 1814 confidas
1699 1773 1845 1814 caue
1886 1756 1957 1813 vt
1998 1752 2174 1813 diues
2215 1752 2322 1813 ille
2363 1751 2666 1815 ridiculus
2690 1774 2753 1825 ⁴5

246 1849 415 1927 apud
476 1850 794 1925 Senecam,
846 1851 955 1928 qui
1010 1852 1100 1911 sic
1154 1852 1439 1911 animum
1494 1850 1845 1927 induxerat,
1897 1854 1970 1911 vt
2023 1872 2090 1912 se
2138 1853 2346 1911 tenere
2392 1850 2666 1914 crederet

248 1948 549 2026 quicquid
614 1969 939 2009 seruorum
1007 1949 1338 2026 quisquam
1404 1949 1818 2010 meminisset.
1931 1948 2075 2009 Noli
2142 1948 2534 2010 committere
2594 1954 2666 2012 vt

247 2046 497 2107 codices
542 2047 819 2107 eruditos
874 2046 1121 2123 habeas,
1170 2048 1301 2124 ipse
1356 2047 1727 2108 ineruditus.
1813 2045 2052 2108 Audita
2108 2068 2187 2108 ne
2243 2047 2511 2122 effluant,
2557 2051 2665 2108 aut

249 2144 421 2223 apud
449 2148 516 2205 te
547 2149 658 2207 aut
694 2165 837 2206 cum
879 2146 1022 2207 aliis
1059 2149 1342 2207 retracta.
1431 2145 1560 2206 Nec
1586 2145 1691 2207 his
1727 2144 1981 2223 quidem
2009 2149 2355 2221 contentus,
2387 2144 2660 2223 aliquam

249 2244 556 2322 temporis
593 2248 837 2321 partem
878 2244 1101 2305 tacitae
1142 2244 1503 2322 cogitationi
1544 2242 1819 2304 tribuere
1860 2246 2197 2319 memento,
2241 2264 2426 2321 quam
2465 2254 2662 2305 vnam
2688 2266 2754 2315 50

246 2341 438 2401 diuus
485 2342 787 2402 Aurelius
831 2346 975 2404 tum
1030 2341 1288 2421 ingenio
1343 2347 1482 2404 tum
1532 2341 1865 2403 memoriae
1913 2342 1981 2401 in
2038 2342 2263 2420 primis
2318 2341 2661 2403 conducere

244 2439 520 2517 scripsit.
581 2440 973 2501 Conflictatio
1011 2459 1258 2518 quoque
1282 2444 1348 2502 et
1374 2446 1677 2519 tanquam
1707 2440 1983 2519 palestra
2008 2440 2404 2517 ingeniorum
2433 2458 2662 2502 neruos

246 2537 450 2597 animi
507 2538 830 2615 praecipue
883 2541 1022 2599 tum
1077 2538 1371 2614 ostendit,
1430 2542 1571 2601 tum
1631 2539 1879 2615 excitat,
1936 2542 2077 2600 tum
2140 2538 2419 2617 adauget.
2531 2538 2658 2600 Nec

243 2636 554 2698 sciscitari
596 2636 652 2697 si
693 2637 842 2715 quid
892 2637 1159 2714 dubitas,
1205 2657 1319 2699 nec
1367 2637 1656 2718 castigari
1704 2637 1761 2698 si
1809 2637 1959 2716 quid
2003 2637 2257 2713 errabis,
2305 2636 2391 2699 sit
2437 2638 2655 2716 pudor.

247 2733 608 2797 Nocturnas
662 2735 1126 2798 lucubrationes
1183 2742 1372 2815 atque
1431 2737 1881 2815 intempestiua
1942 2736 2152 2797 studia
2208 2736 2450 2815 fugito;
2511 2756 2657 2797 nam
2686 2760 2749 2810 55

244 2838 311 2895 et
359 2833 694 2912 ingenium
774 2835 1158 2914 extinguunt
1220 2841 1285 2896 et
1344 2835 1774 2897 valetudinem
1844 2834 2246 2896 vehementer
2308 2833 2654 2894 offendunt.

244 2936 499 2995 Aurora
558 2931 757 2993 Musis
813 2934 1016 2994 amica
1078 2937 1189 3008 est,
1248 2939 1396 3012 apta
1459 2934 1706 2996 studiis.
1820 2934 2101 2995 Pransus
2156 2935 2266 2993 aut
2328 2931 2491 3008 lude,
2550 2936 2659 2994 aut

246 3031 597 3106 deambula,
648 3034 755 3091 aut
805 3031 1065 3093 hilarius
1112 3032 1520 3094 confabulare.
1610 3033 1773 3109 Quid
1832 3033 1992 3110 quod
2041 3031 2209 3091 inter
2250 3030 2372 3091 ista
2414 3050 2656 3108 quoque

244 3130 480 3191 studiis
504 3129 680 3190 locus
707 3149 843 3189 esse
871 3132 1132 3208 potest?
1212 3129 1352 3192 Cibi
1387 3150 1516 3193 non
1555 3135 1864 3209 quantum
1899 3130 2169 3207 libidini,
2198 3130 2310 3192 sed
2348 3132 2656 3207 quantum

244 3226 597 3288 valetudini
660 3227 815 3286 satis
875 3231 975 3288 est
1038 3229 1289 3289 sumito.
1405 3229 1536 3290 Sub
1603 3248 1862 3290 coenam
1930 3229 2246 3306 paulisper
2312 3226 2652 3304 inambula,
2682 3235 2749 3286 60

244 3327 545 3387 coenatus
581 3325 749 3387 idem
787 3326 997 3387 facito.
1084 3327 1216 3387 Sub
1250 3346 1548 3387 somnum
1586 3327 1883 3405 exquisiti
1920 3326 2242 3404 quippiam
2282 3345 2353 3387 ac
2392 3325 2655 3403 dignum

246 3425 558 3486 memoria
603 3423 809 3502 legito,
844 3424 922 3484 de
973 3445 1048 3485 eo
1102 3425 1482 3504 cogitantem
1534 3444 1721 3503 sopor
1773 3425 2102 3502 opprimat,
2151 3424 2215 3484 id
2270 3426 2660 3500 experrectus

248 3541 284 3582 a
335 3524 542 3600 teipso
599 3543 898 3599 reposcas.
1001 3523 1372 3584 Plinianum
1428 3523 1584 3584 illud
1639 3543 1886 3600 semper
1937 3521 2149 3582 animo
2202 3521 2472 3582 insideat
2526 3524 2653 3594 tuo,

246 3641 436 3682 omne
492 3621 695 3698 perire
746 3624 998 3698 tempus
1044 3621 1210 3699 quod
1265 3621 1478 3682 studio
1530 3640 1659 3682 non
1713 3621 2052 3699 impertias.
2139 3620 2359 3697 Cogita
2401 3619 2660 3680 iuuenta

246 3720 413 3780 nihil
441 3740 582 3780 esse
607 3719 905 3798 fugacius,
927 3739 1093 3797 ‚quae
1121 3719 1229 3781 vbi
1256 3721 1452 3782 semel
1480 3720 1764 3795 auolarit,
1796 3718 1960 3779 redit
1986 3737 2328 3795 nunquam.
2681 3730 2744 3793 65

327 3819 453 3879 Sed
496 3818 626 3877 iam
655 3818 938 3879 hortator
972 3838 1106 3878 esse
1143 3818 1392 3896 incipio,
1425 3818 1697 3878 indicem
1729 3816 2059 3895 pollicitus.
2145 3817 2257 3890 Tu,
2289 3815 2660 3877 suauissime

247 3916 622 3989 Christiane,
670 3915 834 3977 banc
878 3916 1168 3992 formam,
1211 3919 1323 3977 aut
1363 3916 1422 3976 si
1469 3936 1657 3994 quam
1707 3915 1943 3994 poteris
1989 3913 2333 3990 meliorem,
2380 3935 2654 3992 sequere,

245 4036 313 4074 ac
341 4015 504 4076 bene
531 4014 691 4075 vale.
775 4014 1077 4075 Lutetiae.
1164 4011 1257 4096 [u.
1280 4032 1442 4075 cccc.
1466 4011 1668 4094 xcix]

311 4225 391 4274 35.
430 4211 601 4260 refert
621 4227 653 4258 a
676 4213 744 4259 F:
782 4208 979 4259 referat
1001 4227 1043 4261 ε.
1240 4225 1322 4271 4ο.
1358 4211 1607 4261 omnium
1628 4229 1662 4258 a
1686 4227 1698 4258 :
1733 4212 1885 4259 omni
1907 4214 1964 4258 Ε.
2160 4223 2244 4270 42.
2279 4213 2566 4259 contentus
2586 4211 2623 4265 β
2645 4225 2658 4257 =

251 4280 496 4326 attentus
516 4294 564 4325 a.
750 4290 829 4337 ⁴9-
863 4276 971 4325 Nec
994 4279 1092 4325 aaz
1128 4276 1209 4325 Ne
1230 4293 1267 4338 γ
1396 4278 1617 4338 quidem
1640 4291 1729 4326 cm.
1749 4294 1794 4325 ε.
1971 4288 2049 4336 51.
2085 4278 2207 4323 tum
2230 4279 2521 4325 memoriae
2553 4277 2659 4325 at:

248 4356 371 4392 cum
406 4342 705 4393 memoriae
737 4357 786 4403 γ.
1004 4356 1082 4403 52.
1131 4356 1344 4404 quoque
1378 4346 1490 4392 aad.
1528 4360 1550 4390 ε
1751 4342 1831 4403 58.
1880 4340 2075 4389 hilaris
2107 4344 2175 4389 Η.
2367 4345 2452 4391 60.
2489 4344 2572 4390 est
2593 4359 2657 4388 a:

252 4410 323 4456 sit
344 4427 384 4459 ε.
643 4408 728 4467 63.
766 4406 1004 4456 insideat
1024 4425 1055 4454 α
1076 4411 1127 4456 N
1146 4423 1162 4456 ε
1194 4407 1400 4457 insidat
1424 4426 1447 4457 ε
1469 4424 1481 4455 :
1521 4407 1769 4456 insedeat
1789 4411 1853 4456 H.
2097 4407 2181 4466 65.
2220 4407 2386 4454 semel
2409 4411 2522 4456 add.
2546 4421 2583 4468 γ
2600 4423 2622 4453 ε
2645 4422 2658 4453 2

246 4487 337 4521 σοι.
363 4491 395 4522 a
409 4476 451 4526 δ.
654 4476 736 4533 ⁶7·
778 4473 1088 4522 Christiane
1112 4492 1134 4522 ε
1158 4490 1171 4522 =
1209 4474 1270 4523 N.
1292 4491 1341 4522 a.
1547 4474 1632 4523 68.
1667 4473 1927 4523 Lutetiae.
1995 4485 2313 4521 n.cccc.xcrx
2336 4476 2451 4522 aad.
2474 4476 2539 4522 Η.

248 4625 407 4636 -ῠ,

462 4713 547 4770 46.
588 4709 879 4774 Senecam]
904 4713 995 4769 Ep.
1022 4725 1068 4772 3.
1091 4712 1141 4761 6.
1167 4711 1282 4773 5-8.
1611 4713 1692 4771 63.
1730 4709 2071 4774 Plinianum]
2097 4715 2186 4768 Ep.
2212 4723 2263 4771 3.
2286 4723 2334 4771 5.
2365 4709 2440 4758 16.
