3355 5380
677 365 795 421 328
1368 358 1746 420 LETTERS
1802 356 1908 420 oF
1962 355 2365 419 ERASMUS
2886 352 3079 438 [1500

558 545 649 596 ¹05
754 518 934 596 Quod
962 537 1107 578 vero
1145 517 1378 578 clamas
1405 536 1508 576 me
1547 514 1709 575 nihil
1750 514 2016 590 mittere,
2048 513 2338 591 equidem
2376 513 2812 576 mediusfidius
2840 512 3078 586 miror-3

672 616 850 696 quasi
877 635 1027 677 vero
1062 622 1172 676 aut
1208 635 1323 694 ego
1359 614 1483 675 sim
1519 613 1846 689 celaturus,
1879 612 1935 673 si
1971 611 2122 691 quid
2159 613 2325 690 apud
2353 632 2457 672 me
2491 616 2653 673 esset
2690 611 2862 690 quod
2902 612 3076 672 mitti

673 715 885 794 possit,
918 717 1027 775 aut
1055 713 1158 775 hic
1185 711 1514 788 dormiam,
1540 716 1611 773 vt
1638 711 1801 772 mihi
1826 711 2262 772 extimulatore
2290 710 2375 771 sit
2403 730 2574 788 opus.
2663 710 2860 772 Crede
2887 709 3073 784 mihi,

674 834 803 876 non
841 816 1119 874 cessatur
1153 812 1275 884 hic,
1307 811 1439 872 imo
1473 811 1584 871 vix
1619 810 1811 871 etiam
1847 808 2197 871 valetudini
2232 809 2522 886 parcitur,
2555 809 2709 870 dum
2746 808 2972 869 amicis
2997 809 3078 870 do

672 931 940 990 operam.
975 911 1128 971 dum
1170 910 1313 971 aliis
1353 928 1674 986 compon0,
1709 908 1850 969 aliis
1890 908 2189 985 praelego,
2235 906 2379 968 aliis
2418 907 2668 986 castigo,
2714 906 2871 967 dum
2913 907 3077 968 mihi

556 1035 647 1072 110
671 1012 827 1090 lego,
860 1010 1012 1069 dum
1050 1008 1292 1087 colligo,
1329 1006 1480 1067 dum
1514 1007 1795 1082 emendo,
1829 1006 1985 1066 dum
2021 1025 2343 1083 compono,
2377 1005 2529 1065 dum
2567 1006 2833 1066 Graecas
2862 1004 3079 1067 literas

669 1110 889 1186 vtique
929 1107 1329 1168 difficillimas
1375 1104 1657 1166 meditor.
1748 1105 1832 1165 Et
1874 1106 2087 1181 postea
2129 1108 2202 1165 tu
2249 1107 2536 1165 nostrum
2585 1103 2794 1164 ocium
2842 1124 2923 1164 ex
2968 1108 3076 1165 tuo

673 1227 930 1269 mensus
966 1206 1213 1282 clamas,
1248 1203 1449 1266 scribe
1484 1203 1633 1264 huic
1669 1202 1924 1275 librum,
1954 1201 2157 1263 scribe
2192 1204 2514 1263 sexcentas
2549 1201 2862 1279 epistolae,
2897 1204 3077 1280 quasi

672 1306 998 1385 ingenium
1025 1303 1369 1364 habeamus
1394 1301 1888 1363 adamantinum.
1976 1300 2176 1363 Credo
2210 1300 2331 1361 tibi
2357 1300 2479 1361 ista
2505 1300 2825 1378 perfacilis
2851 1301 3071 1376 videri,

673 1405 838 1483 quod
868 1424 996 1464 non
1021 1402 1363 1463 admodum
1390 1401 1508 1461 hac
1544 1400 1611 1460 in
1639 1399 1946 1478 palaestra
1972 1400 2230 1461 sudasti.
2317 1399 2613 1476 Experire
2637 1400 2769 1476 ipse
2808 1400 2960 1477 quid
2990 1400 3075 1461 sit

554 1522 644 1573 1¹5
672 1502 911 1564 librum
937 1501 1220 1576 scribere,
1248 1504 1310 1559 et
1340 1503 1495 1571 tum,
1527 1498 1582 1560 si
1609 1498 1942 1575 videbitur,
1978 1519 2081 1559 me
2107 1497 2426 1559 tarditatis
2452 1498 2682 1559 incusa-

752 1600 1084 1661 Admisces
1131 1598 1201 1659 in
1247 1598 1505 1675 epistola
1550 1597 1855 1676 quaedam
1894 1601 1967 1658 vt
2006 1597 2127 1658 tibi
2166 1596 2475 1669 videntur,
2519 1597 2731 1673 faceta,
2773 1601 2847 1658 vt
2890 1598 3070 1674 mihi,

673 1698 1124 1760 contumeliosa
1175 1700 1286 1757 aut
1341 1700 1502 1757 certe
1550 1699 1767 1774 ἄκαιρα.
1858 1695 2097 1771 Quaeso
2144 1698 2225 1768 te,
2270 1695 2363 1755 mi
2410 1695 2780 1756 suauissime
2830 1695 3068 1771 Iambe,

672 1802 1092 1873 temperemus
1117 1795 1194 1855 ab
1222 1793 1584 1855 huiusmodi
1612 1794 1850 1855 salibus
1877 1794 2182 1870 nomam,
2213 1814 2341 1854 non
2368 1794 2628 1871 lepores,
2657 1793 3066 1872 sapientibus.

672 1895 850 1970 Quod
878 1894 934 1955 si
960 1896 1139 1955 iuuat
1158 1891 1479 1954 interdum
1505 1891 1772 1953 eruditis
1790 1892 1941 1954 iocis
1959 1892 2232 1965 lusitare,
2254 1891 2345 1952 ita
2369 1892 2473 1952 his
2497 1896 2751 1953 vtamur
2776 1894 3076 1965 sermoni·

553 2014 649 2052 120
671 1992 790 2053 bus
826 1996 913 2066 vt,
945 1992 1098 2053 dum
1124 1994 1376 2068 tempus
1409 1991 1582 2062 feret,
1614 1991 1685 2051 in
1721 2011 1790 2050 re
1828 1990 1992 2051 nihil
2028 1990 2107 2050 ab
2146 1991 2448 2051 alterutro
2485 1994 2777 2052 cessetur.
2866 1993 3073 2070 Teque

671 2111 783 2168 per
823 2093 1106 2152 nostram
1139 2088 1484 2150 amicitiam
1520 2089 1808 2162 obtestor,
1843 2109 1925 2150 ne
1960 2089 2078 2150 tibi
2104 2088 2319 2149 veniat
2355 2087 2422 2149 in
2459 2091 2738 2150 mentem
2765 2092 2841 2150 vt
2881 2089 3075 2151 libeat

670 2188 1020 2266 periculum
1052 2187 1265 2261 facere,
1297 2206 1453 2247 num
1492 2187 1731 2264 possim
1767 2187 1959 2248 etiam
1995 2187 2181 2248 istam
2217 2206 2393 2264 spem
2423 2207 2581 2265 quae
2617 2188 2781 2249 mihi
2811 2190 2949 2249 sola
2981 2193 3074 2250 est

669 2286 909 2364 reliqua
955 2290 1369 2361 contemnere,
1414 2305 1573 2347 neue
1620 2285 2143 2347 iucundissimum
2190 2290 2479 2347 nostrum
2525 2306 2807 2348 amorem
2849 2287 3075 2349 intem·

670 2384 932 2462 pestiuis
980 2384 1168 2461 nugis
1223 2384 1640 2445 obscuremus.
1728 2384 1862 2461 Ego
1916 2387 2046 2445 toto
2098 2387 2343 2461 pectore
2394 2384 2562 2445 nihil
2615 2385 2786 2446 aliud
2846 2388 3072 2466 cogito,

552 2500 642 2553 125
671 2483 794 2544 nisi
848 2487 921 2545 vt
986 2502 1173 2560 quam
1226 2481 1761 2543 absolutissimam
1815 2482 2165 2544 doctrinam
2221 2482 2380 2543 mihi
2446 2503 2815 2560 comparem,
2874 2505 3075 2562 eoque

668 2582 986 2644 triuialem
1020 2582 1185 2642 hanc
1225 2580 1504 2641 maximo
1541 2581 1756 2641 animo
1797 2582 2146 2641 contemno.
2235 2581 2435 2642 Video
2474 2582 2663 2657 enim,
2697 2582 3071 2644 iamdudum

667 2681 851 2742 video
891 2680 1067 2759 vulgi
1107 2679 1432 2741 insaniam.
1519 2679 1642 2740 Sed
1683 2679 1831 2740 libri
1875 2680 2002 2741 mei
2042 2700 2171 2742 non
2210 2680 2428 2741 statim
2467 2679 2826 2742 euolabunt.
2909 2682 3075 2745 Malo

668 2779 830 2840 mihi
868 2779 1135 2858 gloriam
1178 2780 1364 2856 paulo
1402 2778 1605 2839 serius
1643 2780 2001 2855 contingere
2047 2779 2157 2840 sed
2199 2779 2480 2854 solidam,
2527 2799 2717 2856 quam
2761 2781 3074 2843 maturius

668 2897 889 2938 verum
925 2876 1408 2954 poenitendam;
1451 2877 1516 2936 id
1554 2877 1719 2954 quod
1746 2896 1877 2937 non
1915 2877 2127 2954 paucis
2162 2876 2446 2938 euenisse
2481 2878 2678 2938 videO.
2767 2877 2977 2954 Quare
3013 2885 3072 2941 te

553 2993 645 3043 ¹30
667 2995 907 3054 quaem,
935 2976 1072 3036 sine
1097 2994 1201 3035 me
1230 2994 1367 3035 meo
1393 2974 1699 3035 arbitratu
1728 2974 1889 3035 hanc
1915 2994 2050 3036 rem
2078 2995 2278 3053 agere.
2363 2976 2526 3036 Mihi
2553 2995 2751 3054 neque
2786 2978 3070 3039 studium

667 3093 872 3152 neque
909 3074 1160 3134 animus
1195 3072 1426 3147 deerit;
1468 3077 1539 3133 tu
1577 3092 1727 3134 cura
1763 3072 1953 3134 modo
1991 3093 2070 3134 ne
2107 3074 2268 3135 mihi
2306 3075 2565 3135 omnino
2602 3076 2763 3135 desit
2794 3077 3065 3151 fortuna,

669 3172 833 3250 quod
890 3171 1141 3249 quidem
1191 3173 1260 3231 tu
1311 3175 1488 3249 potes
1543 3171 1700 3232 citra
1750 3175 1936 3232 tuum
1991 3172 2479 3246 incommodum,
2532 3173 2824 3234 fortassis
2878 3175 3067 3237 etiam

668 3289 897 3347 magno
937 3274 1048 3331 tuo
1087 3269 1415 3330 commodo
1454 3268 1707 3331 efficere.
1812 3269 2028 3348 Neque
2070 3290 2184 3348 ego
2225 3270 2377 3331 haec
2419 3271 2618 3333 scribo
2659 3275 2971 3350 tanquam
3011 3278 3069 3334 te

666 3371 884 3444 putem
925 3367 1205 3428 stimulis
1245 3366 1394 3428 vllis
1434 3387 1650 3444 egere;
1713 3367 1832 3428 hoc
1876 3387 2033 3446 opus
2073 3372 2225 3444 erat,
2272 3374 2344 3430 vt
2386 3370 2737 3430 maximum
2777 3370 3067 3432 animum

551 3479 640 3528 135
665 3483 954 3525 sumeres.
1040 3465 1145 3525 Ab
1201 3466 1607 3542 optimatibus
1664 3466 1828 3525 nihil
1884 3466 2117 3527 minuti
2170 3467 2527 3544 petendum,
2580 3471 2644 3528 et
2696 3488 2813 3545 pro
2871 3470 3068 3531 amico

668 3561 828 3622 nihil
883 3581 1012 3622 non
1072 3563 1333 3623 honeste
1385 3563 1745 3626 tentaueris.
1833 3564 1917 3623 Et
1971 3564 2133 3625 mihi
2187 3566 2382 3637 crede,
2427 3566 2484 3626 si
2537 3586 2670 3626 rem
2726 3569 3072 3644 prudenter

665 3659 1035 3735 institueris,
1078 3660 1236 3721 bene
1276 3662 1580 3737 procedet.
1669 3661 1848 3737 Quod
1891 3662 1948 3723 si
1990 3663 2248 3724 omnino
2288 3663 2594 3741 desperas,
2636 3683 2717 3724 ne
2757 3684 2865 3725 me
2907 3685 3069 3727 vana

665 3777 772 3834 spe
814 3757 1177 3831 lactaueris3
1234 3758 1370 3819 sine
1410 3778 1512 3819 me
1552 3760 1710 3820 alias
1749 3779 1891 3837 spes
1929 3760 2411 3838 circumspicere.

748 3856 920 3916 Haec
947 3859 1034 3931 tu,
1066 3855 1157 3915 mi
1190 3855 1399 3929 Batte‚
1428 3877 1555 3917 non
1594 3857 1814 3919 durius
1850 3878 1888 3918 a
1923 3879 2025 3919 me
2061 3858 2311 3936 scripta,
2341 3859 2452 3920 sed
2489 3859 2964 3937 simplicissime
3000 3861 3067 3922 in

549 3970 642 4020 140
665 3953 894 4014 bonam
922 3957 1162 4030 partem
1189 3953 1462 4031 accipies.
1530 3955 1685 4016 Erat
1709 3956 1884 4016 enim
1910 3956 1979 4016 in
2010 3977 2077 4017 re
2103 3956 2266 4018 seria
2291 3957 2472 4019 seriis
2498 3957 2710 4018 verbis
2737 3960 3063 4021 vtendum.

664 4052 836 4112 Audi
874 4051 1025 4129 quid
1067 4052 1259 4112 etiam
1299 4052 1574 4129 amplius
1614 4056 1679 4114 te
1720 4054 1971 4131 cupiam
2011 4054 2238 4129 moliri,
2275 4058 2346 4116 vt
2386 4056 2465 4116 ab
2496 4055 2746 4117 Abbate
2788 4056 3069 4119 muneris

662 4149 899 4228 aliquid
929 4150 1182 4211 auellas.
1254 4149 1455 4212 Galles
1477 4150 1754 4212 hominis
1774 4171 2029 4213 sensum
2054 4174 2069 4227 3
2107 4153 2276 4231 finge
2295 4152 2724 4214 verecundum
2748 4155 3065 4231 quoddam

660 4251 725 4309 et
750 4247 1054 4310 blandum
1082 4252 1524 4327 argumentum
1549 4253 1619 4310 vt
1643 4252 1835 4327 petas.
1895 4250 2011 4312 Dic
2038 4270 2142 4311 me
2170 4270 2471 4329 magnum
2500 4251 2801 4330 quiddam
2829 4253 3061 4328 moliri,

663 4352 734 4408 vt
783 4347 1247 4425 Hieronymum
1295 4349 1518 4422 totum,
1572 4350 1845 4426 quantus
1898 4351 2010 4424 est,
2063 4349 2315 4411 inscitia
2361 4348 2800 4428 theologorum
2858 4351 3065 4429 depra-

546 4461 638 4513 145
667 4449 900 4521 uatum,
959 4446 1344 4520 mutilatum,
1407 4446 1738 4506 confusum
1792 4446 1963 4522 (nam
2017 4467 2145 4507 non
2200 4468 2394 4525 pauca
2447 4447 2516 4507 in
2583 4446 2758 4508 illius
2813 4449 3066 4527 scriptis

666 4544 1013 4607 adulterina
1074 4543 1529 4620 subditiciaque
1593 4544 1996 4624 deprehendi)
2048 4545 2394 4622 restituam,
2452 4547 2685 4607 Graeca
2738 4566 3058 4624 reponam.

1273 4673 1381 4708 111.
1418 4662 1486 4708 F:
1522 4657 1870 4709 difficillimas
1893 4660 2106 4723 colligo,
2128 4659 2365 4709 meditor
2386 4665 2446 4711 Ε.
