3355 5380
604 352 720 408 248
1319 348 1698 410 Lsrrmzs
1740 348 1849 409 or
1888 347 2289 411 ERAsts
2816 343 3008 428 [1499

599 523 788 565 nemo
825 523 953 565 non
984 504 1269 566 dextram
1306 504 1598 579 iunxerit,
1628 524 1782 583 qum
1820 503 2037 567 nullus
2071 504 2265 565 etiam
2302 503 2629 565 doctorum
2661 504 2748 566 sit
2783 505 2853 565 in
2889 506 3008 567 hac

600 601 1003 665 celeberrima
1038 603 1251 665 schola
1278 603 1387 681 qui
1414 602 1533 664 tibi
1560 602 1868 664 Paulinae
1895 602 2189 682 epistolas
2222 602 2469 680 publice
2499 602 2630 663 iam
2659 603 3006 665 triennium

600 703 921 763 enarranti
970 722 1100 763 non
1155 702 1612 764 attentissimas
1665 720 1846 763 aures
1899 701 2229 779 prebuerit.
2318 701 2454 776 Qua
2505 700 2760 779 quidem
2814 703 2885 763 in
2941 722 3009 762 re

600 805 812 861 vtrum
848 800 1050 878 magis
1083 800 1400 861 laudanda
1433 800 1741 861 modestia
1774 799 2047 874 illorum,
2079 819 2201 877 qua
2232 818 2361 860 nou
2387 801 2683 860 verentur
2719 798 3008 860 omnium

514 919 575 970 70
601 898 933 959 διδάσκαλοι
978 899 1262 959 hominis
1308 890 1513 959 aetate
1559 898 1826 958 iuuenili
1874 897 2171 975 nullaque
2219 898 2574 958 doctoratus
2618 897 2712 974 (vt
2759 898 3008 975 vocant)

601 997 981 1058 authoritate
1008 997 1238 1076 prediti
1265 999 1538 1074 ἀκροαταί
1552 997 1772 1073 videri,
1797 1017 1879 1057 an
1900 1000 2011 1058 tua
2038 996 2379 1074 singularis
2398 999 2539 1057 tum
2560 995 2846 1072 eruditio,
2865 1000 3008 1057 tum

602 1094 1014 1172 aeloquentia,
1059 1099 1196 1157 tum
1239 1114 1491 1157 morum
1532 1095 1880 1173 integritas,
1928 1115 2121 1173 quam
2164 1094 2264 1155 illi
2302 1094 2420 1155 hoc
2461 1095 2696 1154 honore
2744 1094 3008 1171 dignam

603 1192 887 1254 iudicant
904 1196 937 1254 ⁶?

683 1291 974 1352 Demiror
997 1295 1228 1366 autem,
1259 1312 1389 1353 non
1418 1291 1585 1370 quod
1612 1294 1685 1351 tu
1712 1293 1891 1353 tanto
1918 1292 2096 1352 oneri
2131 1289 2534 1370 supposueris
2564 1290 2875 1365 humeros,
2904 1294 3010 1353 cui

514 1406 574 1459 75
600 1410 715 1467 par
741 1409 875 1450 esse
896 1394 1094 1467 potes,
1114 1390 1221 1450 sed
1244 1390 1409 1467 quod
1430 1410 1536 1451 me
1554 1388 1744 1451 nihili
1769 1388 2096 1450 hominem
2126 1389 2194 1449 in
2214 1392 2349 1451 tam
2377 1389 2698 1466 magnifici
2727 1390 3010 1452 muneris

602 1488 961 1549 societatem
1001 1507 1201 1549 voces.
1288 1488 1584 1549 Hortaris
1619 1487 1809 1564 enim,
1852 1488 1983 1547 imo
2025 1507 2224 1565 poene
2264 1487 2546 1548 conuicio
2585 1487 2902 1567 efflagitas,
2934 1492 3007 1549 vt

601 1585 1134 1663 quemadmodum
1162 1589 1235 1647 tu
1263 1585 1557 1661 Paulum,
1588 1586 1812 1647 itidem
1846 1606 1963 1664 ego
1988 1586 2093 1647 vel
2127 1586 2407 1664 priscum
2444 1586 2631 1646 illum
2658 1587 2875 1648 Mosen
2904 1587 3010 1647 vel

600 1686 945 1746 facundum
994 1685 1250 1746 Esaiam
1290 1703 1604 1759 enarrans,
1651 1684 1957 1762 hybernis
2001 1683 2106 1744 his
2158 1682 2487 1744 mensibus
2539 1681 2838 1760 frigentia
2888 1683 3009 1757 (vti

602 1782 841 1860 scribis)
867 1781 1059 1843 huius
1084 1782 1402 1861 gymnasii
1427 1782 1640 1844 studia
1667 1802 1856 1843 coner
1880 1781 2226 1843 accendere.
2286 1780 2422 1858 Ego
2441 1800 2592 1842 vero
2618 1780 2731 1859 qui
2757 1800 3007 1841 mecum

514 1886 578 1933 80
601 1880 888 1942 habitare
895 1879 1105 1956 didici,
1117 1880 1465 1965 nec4ignoro
1481 1900 1669 1959 quam
1687 1880 1774 1942 sit
1789 1879 1954 1942 mihi
1971 1882 2151 1941 curta
2164 1878 2462 1957 supellex,
2474 1898 2675 1957 neque
2686 1878 3008 1941 doctrinae

528 1980 533 1985 '
603 1979 854 2037 tantum
894 1994 1113 2052 arrogo
1156 1995 1315 2053 quae
1356 1975 1553 2037 tantis
1602 1975 1909 2036 obeundis
1949 1974 2135 2035 rebus
2174 1973 2458 2049 sufficiat,
2505 1993 2707 2051 neque
2754 1976 3010 2036 tantum

602 2072 805 2135 animi
838 2073 1027 2135 robur
1064 2072 1228 2134 mihi
1260 2093 1402 2135 reor
1433 2073 1653 2135 adesse
1677 2076 1751 2133 vt
1777 2076 1874 2134 tot
1912 2072 2248 2133 hominum
2281 2091 2394 2132 sua
2420 2071 2667 2132 fortiter
2690 2071 3007 2132 tuentium

601 2171 912 2232 inuidiam
941 2191 1169 2249 queam
1194 2172 1522 2233 sustinere.
1608 2172 1735 2233 Res
1762 2171 1888 2232 ista
1915 2190 2045 2231 non
2078 2173 2370 2248 tyronem
2398 2170 2508 2231 sed
2535 2169 3009 2231 excercitatissi-

603 2290 782 2331 mum
809 2269 1075 2349 requirit
1101 2270 1565 2348 imperatorem.
1654 2269 1873 2348 Neque
1900 2289 2049 2330 vero
2084 2289 2190 2329 me
2221 2268 2655 2349 impudentem
2685 2268 3011 2329 vocaueris

512 2378 574 2438 85
603 2369 710 2447 qui
749 2369 872 2429 ista
914 2387 1212 2443 recusem,
1262 2367 1847 2447 impudentissimus
1895 2367 2158 2428 omnino
2210 2367 2463 2428 futurus
2516 2366 2588 2428 ni
2634 2386 3007 2428 recusarem.

603 2467 714 2541 Tu,
742 2466 835 2527 mi
855 2466 1082 2540 Colete,
1109 2486 1332 2544 parum
1356 2466 1701 2545 prudenter
1726 2465 1895 2541 facis,
1919 2465 2031 2544 qui
2055 2465 2244 2543 (quod
2271 2464 2362 2526 ait
2382 2464 2670 2542 Plautus)
2696 2486 2733 2526 e
2758 2464 3009 2542 pumice

602 2565 879 2644 postules
921 2584 1169 2643 aquam.
1274 2565 1411 2641 Qua
1452 2565 1715 2627 tandem
1769 2585 1884 2645 ego
1938 2565 2143 2626 fronte
2199 2563 2430 2625 docebo
2475 2562 2646 2642 quod
2691 2562 2825 2643 ipse
2869 2582 3008 2626 non

602 2664 845 2728 didici?
926 2664 1048 2743 Qui
1084 2664 1284 2744 frigus
1319 2664 1593 2727 aliorum
1627 2663 1978 2740 accendam,
2015 2663 2150 2743 ipse
2184 2665 2361 2725 totus
2400 2666 2679 2725 tremens
2717 2663 3010 2725 horrens·

602 2783 722 2840 que
736 2764 769 2824 ‘?
849 2762 1001 2841 Ipsa
1025 2763 1379 2826 temeritate
1406 2763 1569 2825 mihi
1598 2763 1802 2842 magis
1830 2762 2200 2824 temerarius
2225 2761 2458 2838 videar,
2488 2760 2545 2823 si
2580 2761 2801 2824 statim
2826 2765 3014 2825 tanta

512 2886 576 2937 90
601 2861 670 2922 in
709 2882 776 2922 re
812 2861 980 2922 vires
1016 2883 1188 2923 meas
1222 2861 1536 2941 pericliter
1559 2865 1625 2924 et
1658 2862 1838 2924 iuxta
1864 2864 2167 2924 Graecam
2192 2861 2509 2939 παροψίαν,
2539 2865 2601 2921 ἐν
2629 2865 2709 2941 τῷ
2733 2861 2881 2941 πίθῳ
2906 2861 3014 2937 τὴν

603 2957 895 3033 κεραμείαν
939 2957 1239 3034 experiar.
1326 2959 1417 3018 At
1470 2960 1876 3035 expectaram,
1923 2956 2146 3034 inquis,
2193 2958 2258 3016 et
2311 2954 2603 3031 opinione
2657 2957 2720 3016 te
2775 2955 3012 3017 falsum

601 3055 894 3132 quereris.
952 3056 1185 3116 Tecum
1216 3055 1412 3135 igitur
1437 3054 1572 3132 ipse
1589 3052 1947 3132 expostules
1972 3055 2229 3131 oportet,
2264 3053 2430 3114 haud
2460 3073 2725 3116 mecum.
2793 3053 3013 3132 Neque

599 3151 772 3213 enim
806 3173 920 3214 nos
946 3157 1009 3214 te
1035 3153 1390 3228 fefellimus,
1425 3151 1653 3231 quippe
1687 3152 1794 3231 qui
1828 3152 1994 3213 nihil
2019 3151 2380 3213 istiusmodi
2404 3151 2506 3212 vel
2533 3152 3015 3230 promiserimus

601 3250 702 3311 vel
740 3250 931 3312 etiam
973 3251 1467 3326 ostenderimus;
1508 3251 1617 3312 sed
1655 3254 1726 3311 tu
1768 3251 2044 3327 teipsum
2086 3250 2385 3327 fefellisti,
2427 3250 2536 3329 qui
2577 3251 2744 3313 mihi
2783 3253 2863 3313 de
2902 3272 3012 3314 me

511 3373 573 3424 95
602 3368 749 3409 vera
776 3350 1160 3425 praedicanti
1187 3350 1429 3411 credere
1450 3348 1745 3410 nolueris.
1833 3348 2049 3426 Neque
2068 3368 2216 3409 vero
2243 3349 2367 3409 huc
2395 3349 2608 3427 appuli
2635 3351 2707 3410 vt
2732 3349 3012 3426 poeticas

600 3449 711 3507 aut
765 3447 1106 3510 rhetoricas
1158 3449 1405 3510 litteras
1458 3448 1759 3523 docerem,
1807 3467 1965 3525 quae
2019 3447 2184 3508 mihi
2238 3447 2451 3510 dulces
2504 3468 2638 3509 esse
2685 3448 3014 3510 desierunt

600 3548 1003 3624 posteaquam
1038 3546 1358 3608 desierunt
1396 3567 1530 3608 esse
1566 3545 1964 3607 necessariae.
2055 3546 2195 3606 Hoc
2231 3566 2446 3606 recuso
2476 3546 2624 3624 quia
2656 3547 2872 3607 minus
2908 3550 3012 3609 est

602 3643 896 3705 instituto
943 3665 1100 3718 meu,
1145 3645 1301 3706 illud
1357 3645 1505 3723 quia
1547 3644 1754 3705 maius
1799 3643 2057 3706 viribus.
2171 3643 2253 3704 In
2308 3644 2506 3706 altero
2559 3644 2850 3723 obiurgas
2894 3645 3016 3707 im·

601 3747 966 3817 merentem,
998 3744 1088 3802 mi
1126 3743 1352 3818 Colete,
1389 3743 1617 3820 quippe
1654 3742 1763 3821 qui
1798 3741 2208 3803 saecularium
2245 3743 2342 3820 (vt
2376 3744 2621 3820 vocant)
2651 3742 3014 3804 litterarum

483 3863 576 3899 100
598 3841 1046 3918 professionem
1071 3861 1392 3921 nunquam
1420 3862 1569 3919 prae
1595 3861 1698 3902 me
1726 3840 1983 3901 tulerim
2008 3863 2024 3914 ς
2065 3842 2141 3901 ad
2170 3840 2439 3902 alterum
2468 3841 2699 3902 frustra
2717 3841 3012 3918 hortaris,

600 3943 672 3999 vt
699 3939 802 3998 cui
830 3959 932 4000 me
959 3939 1152 4000 nimis
1177 3939 1486 4017 imparem
1507 3960 1640 4001 esse
1666 3959 2049 4016 cognoscam.

684 4038 859 4114 Quod
898 4038 956 4099 si
991 4039 1267 4100 maxime
1307 4057 1422 4116 par
1457 4037 1596 4111 sim,
1630 4058 1711 4098 ne
1747 4036 1932 4099 liceat
1962 4038 2232 4115 quidem.
2319 4039 2482 4100 Nam
2510 4058 2658 4101 mox
2685 4040 3015 4103 Luteciam

600 4136 883 4197 relictam
922 4142 1144 4214 repete.
1232 4136 1501 4197 Interim
1541 4137 1695 4196 dum
1729 4156 1833 4196 me
1867 4136 2098 4214 partim
2126 4138 2351 4215 hyems
2378 4138 2481 4199 hic
2508 4138 2741 4215 alligat,
2773 4139 3016 4217 partim

670 4300 752 4349 68.
786 4315 941 4350 aures
963 4302 1028 4355 B:
1064 4315 1221 4349 nares
1243 4298 1293 4349 ιιι
1314 4318 1326 4350 :
1363 4315 1520 4349 nares
1541 4297 1610 4350 α’.
1845 4316 1924 4361 70.
1961 4304 2023 4351 vt
2045 4306 2240 4352 vocant
2256 4306 2368 4352 aaa.
2391 4303 2446 4356 β.
2678 4303 2758 4365 85.
2797 4303 3020 4365 impru-

605 4366 957 4415 dentissimae
978 4370 1122 4416 Lond.
1323 4367 1406 4415 86.
1442 4367 1508 4420 B:
1543 4364 1813 4428 pudenter
1833 4383 1882 4416 s.

668 4534 750 4583 68.
785 4532 1087 4596 enarranti]
1112 4531 1309 4583 Golet’s
1341 4534 1573 4583 lectur-es
1606 4534 1755 4582 must
1853 4530 2027 4583 Greek
2048 4535 2109 4583 in
2139 4536 2281 4595 1516.
2348 4533 2456 4583 RE.
2483 4535 2598 4595 226,
2624 4537 2796 4592 odfin.

604 4599 741 4649 have
765 4600 898 4649 been
921 4599 1083 4648 based
1114 4614 1186 4648 on
1217 4599 1312 4648 the
1332 4599 1575 4662 Vulgate,
1601 4614 1660 4648 aa
1683 4598 1753 4647 he
1920 4612 1998 4659 79.
2032 4613 2247 4650 mecum
2279 4597 2550 4662 habitare]
2573 4599 2654 4650 cf.
2679 4600 2824 4652 Pers.
2848 4617 2896 4660 4.
2922 4614 3018 4663 52.

604 4666 650 4712 ia
682 4665 941 4729 specially
971 4665 1286 4716 mentioned
1319 4679 1378 4715 as
1411 4666 1668 4729 ignorant
1700 4664 1759 4714 of
1920 4664 2002 4714 86.
2038 4665 2288 4730 Plautus]
2313 4670 2440 4715 Pers.
2470 4680 2510 4713 1.
2542 4680 2586 4719 1.
2609 4679 2687 4727 41.
