3355 5380
319 392 504 478 1514]
1087 395 1219 456 ’ΤΟ
1277 394 1558 456 ΡΕΤΕΒ
1617 393 1927 456 GILLES
2600 395 2719 453 563

308 551 421 613 illo
463 570 607 613 sum
648 554 881 628 pactus.
991 551 1271 614 Salutato
1312 551 1620 614 Montioio
1659 554 1726 615 et
1767 550 1908 612 aliis
1949 550 2189 628 aliquot
2236 548 2526 610 amiculis
2573 569 2722 611 mox
2750 567 2784 616 5·

311 649 513 724 adero,
539 649 894 711 fauentibus
912 651 1173 728 superis,
1195 653 1259 711 et
1278 648 1577 711 omnibus
1603 649 1682 710 de
1708 649 1895 710 rebus
1922 669 2129 710 coram
2157 646 2713 709 confabulabimur.

311 747 485 809 Illud
543 748 826 822 demiror,
885 749 1292 810 Franciscum
1346 747 1761 825 bibliopolam
1818 749 1943 810 huc
1995 748 2231 826 absque
2283 747 2411 807 tuis
2472 747 2719 808 venisse

309 846 526 907 literis.
614 846 734 908 Fac
760 848 836 908 vt
863 867 1037 909 meae
1062 868 1163 908 res
1190 847 1260 907 in
1287 849 1428 908 tuto
1462 847 1613 920 sint,
1649 867 1806 923 quas
1842 847 2093 908 easdem
2132 850 2276 908 tuas
2313 865 2447 907 esse
2486 845 2720 907 ducito.

309 945 486 1006 Bene
509 943 663 1019 vale,
696 944 1041 1006 amicorum
1071 946 1322 1023 optime.
1408 943 1699 1005 Londini.
1788 946 1981 1005 Anno
2008 962 2325 1006 u.n.x1111.

941 1126 1090 1190 295.
1178 1125 1277 1190 To
1320 1126 1638 1191 Aummw
1683 1126 2087 1190 Auxoume.

381 1209 630 1282 Farrago
654 1229 710 1282 p.
738 1214 859 1282 236.
2143 1211 2415 1267 Hammes
2439 1210 2644 1267 Castle.

380 1294 440 1351 F.
467 1318 523 1370 p.
552 1300 692 1370 361:
733 1297 874 1354 HN:
916 1297 1090 1354 Lond.
1116 1297 1232 1354 viii.
1260 1315 1329 1369 47
1357 1298 1508 1370 (46):
1549 1298 1658 1354 LB.
1698 1313 1814 1370 159.
2199 1301 2231 1354 8
2258 1299 2395 1369 July
2425 1313 2578 1370 1514.

376 1393 532 1459 [This
553 1392 716 1443 letter
737 1400 884 1445 must
908 1396 972 1444 be
994 1396 1181 1459 placed
1203 1395 1264 1444 in
1292 1410 1433 1458 1514,
1459 1396 1606 1446 since
1631 1396 1693 1445 in
1726 1410 1797 1445 no
1831 1394 1988 1446 other
2018 1410 2149 1458 year
2167 1395 2264 1445 did
2288 1396 2545 1445 Erasmus
2568 1396 2725 1446 leave·

308 1459 562 1521 England
585 1460 648 1508 in
669 1459 845 1526 July.]

396 1584 711 1633 ERASMVS
756 1585 1088 1633 ANDREAE
1132 1586 1464 1634 AMMONIO
1510 1585 1954 1635 smznmssnn
2000 1584 2204 1633 REGIS
2249 1585 2631 1635 ANGLORVM

1200 1685 1246 1733 A
1291 1685 1619 1734 SECRETIS
1663 1686 1714 1734 S.
1758 1686 1824 1732 D.

388 1782 609 1842 Annas
650 1783 795 1843 tuas
838 1803 966 1844 non
1015 1783 1211 1844 semel
1257 1781 1400 1856 adii,
1447 1802 1573 1860 quo
1622 1781 1987 1842 dulcissimo
2035 1781 2379 1843 amicorum
2427 1780 2718 1842 omnium

305 1899 672 1959 supremum
722 1880 994 1942 dicerem
1040 1882 1198 1957 vale,
1246 1880 1562 1958 simulque
1606 1883 1718 1941 tua
1759 1880 2210 1942 consuetudine
2254 1880 2453 1958 quoad
2505 1879 2714 1940 liceret

306 1979 583 2053 fruerer3
644 2000 768 2058 qua
822 1980 1077 2059 quidem
1133 1980 1300 2041 haud
1354 1979 1483 2039 scio
1539 1999 1621 2039 an
1676 1974 2013 2057 quicquam
2068 1978 2138 2038 in
2194 1976 2327 2038 vita
2380 1976 2712 2055 contigerit

305 2078 581 2139 suauius.
670 2079 975 2140 Traiectio
999 2078 1416 2157 prosperrima
1442 2077 1579 2153 fuit,
1611 2078 1720 2138 sed
1748 2077 1937 2138 anxia
1963 2076 2126 2138 mihi
2155 2076 2479 2136 duntaxat.
2544 2076 2714 2136 Mare

302 2176 818 2252 placidissimum,
861 2177 1039 2238 venti
1078 2177 1355 2252 secundi,
1400 2175 1645 2238 coelum
1692 2174 2194 2250 blandissimum,
2244 2174 2396 2236 hora
2442 2193 2715 2234 commo·
2740 2186 2775 2235 5

304 2275 581 2337 dissime.
667 2274 990 2336 Soluimus
1035 2275 1210 2336 enim
1255 2275 1332 2337 ad
1376 2274 1716 2353 septimam
1766 2274 1978 2334 ferme.
2066 2275 2156 2334 At
2198 2272 2504 2333 maritimi
2544 2292 2715 2350 prae·

302 2374 498 2435 dones
523 2373 624 2435 ini
650 2374 993 2434 manticam
1019 2373 1559 2435 lucubrationibus
1587 2372 1749 2433 meis
1776 2375 2067 2434 onustam
2087 2373 2158 2433 in
2185 2372 2374 2432 aliam
2395 2371 2712 2450 quandam

300 2473 522 2533 nauim
567 2471 982 2550 deportarant.
1066 2472 1268 2552 quue
1310 2472 1519 2533 studio
1560 2471 1872 2545 factitant,
1916 2474 1988 2532 vt
2034 2470 2092 2532 si
2140 2470 2464 2531 commode
2511 2469 2709 2541 liceat,

303 2570 593 2631 furentur
632 2571 904 2650 aliquid:
945 2571 1047 2631 sin
1089 2570 1323 2647 minus,
1355 2569 1721 2631 nummulos
1766 2568 2008 2647 aliquot
2044 2571 2456 2646 extorqueant
2492 2572 2556 2629 et
2594 2568 2710 2630 tibi

302 2671 480 2731 tuam
507 2688 642 2731 rem
669 2671 967 2733 vendant.
1054 2669 1277 2749 Itaque
1303 2689 1445 2731 cum
1477 2672 1575 2731 tot
1610 2687 1922 2730 annorum
1956 2666 2207 2746 vigilias
2241 2666 2473 2747 perisse
2511 2667 2708 2728 crede·
2740 2677 2808 2715 10

303 2787 457 2842 rem,
490 2770 737 2829 tantum
768 2770 983 2830 animo
1009 2769 1286 2848 persensi
1312 2768 1591 2829 dolorem
1618 2772 1693 2829 vt
1719 2766 2072 2829 existimem
2104 2766 2352 2827 nullum
2381 2769 2711 2843 parentem

299 2887 335 2925 e
363 2865 704 2927 liberorum
734 2887 991 2928 suorum
1020 2868 1192 2930 obitu
1214 2867 1517 2929 maiorem
1538 2867 1787 2928 sentire.
1848 2867 2060 2943 Atque
2082 2865 2152 2925 in
2172 2865 2432 2943 reliquis
2452 2865 2708 2942 quidem

300 2964 597 3025 omnibus
635 2965 725 3025 ita
759 2968 1031 3028 tractant
1072 2966 1346 3027 aduenas
1382 2970 1454 3027 vt
1491 2966 1690 3027 satius
1723 2966 1812 3026 sit
1848 2964 1919 3025 in
1954 2964 2213 3042 quosuis
2247 2965 2483 3025 Turcas
2519 2983 2707 3042 quam

301 3066 371 3125 in
399 3063 549 3124 illos
575 3063 861 3124 incidere.
948 3063 1147 3144 Saepe
1179 3082 1425 3125 meeum
1454 3063 1729 3125 demiror
1752 3062 2113 3124 huiusmodi
2139 3063 2338 3123 fecem
2374 3062 2707 3125 hominum

299 3185 337 3225 a
379 3162 783 3240 Principibus
821 3163 1090 3241 Angliae
1131 3163 1387 3225 tolerari
1427 3183 1659 3240 magna
1702 3182 1846 3224 cum
1888 3161 2210 3239 hospitum
2252 3160 2553 3236 molestia,
2595 3181 2709 3222 nec
2739 3171 2798 3221 ¹5

297 3261 437 3321 sine
464 3280 715 3321 summo
743 3261 935 3322 totius
964 3261 1208 3322 insulae
1237 3262 1811 3336 dehonestamentO,
1832 3260 1986 3321 dum
2008 3261 2271 3339 quisque
2291 3260 2464 3321 domi
2495 3264 2707 3321 narrat

296 3379 488 3437 quam
527 3359 960 3420 inhumaniter
992 3360 1181 3421 fuerit
1216 3364 1499 3438 acceptus
1536 3364 1601 3420 et
1642 3359 1869 3444 caeteri
1907 3378 1985 3420 ex
2024 3359 2281 3420 illorum
2322 3360 2707 3438 praedonum

295 3457 480 3518 factis
518 3460 773 3535 gentem
812 3459 1164 3521 aestimant.
1583 3537 1584 3540 Ἴ

380 3555 604 3616 Nescio
633 3574 715 3615 an
753 3556 871 3617 tibi
912 3557 1236 3617 retulerim
1273 3558 1482 3634 ipsum
1523 3577 1627 3617 me
1666 3557 1902 3635 regiam
1942 3557 2248 3618 salutasse
2287 3557 2698 3619 maiestatem.

296 3652 561 3728 Accepit
614 3653 799 3715 vultu
853 3674 1108 3733 prorsus
1159 3655 1582 3731 amicissim03
1644 3656 1871 3716 deinde
1926 3656 2174 3733 praesul
2224 3655 2706 3733 Lyncolniensis
2733 3665 2800 3700 ²0

296 3750 482 3812 iussit
510 3771 643 3812 esse
671 3771 780 3831 spe
808 3753 1046 3831 optima
1078 3753 1561 3831 certissimaque.
1650 3755 1745 3815 De
1773 3774 2032 3815 munere
2071 3774 2186 3814 neo
2224 3754 2517 3814 meminit
2551 3755 2699 3832 ipse,

297 3869 409 3910 neo
459 3869 572 3928 ego
617 3868 760 3910 sum
814 3870 1003 3912 ausus
1058 3851 1338 3928 ingerere
1391 3851 1798 3928 mentionem,
1856 3872 1934 3912 ne
1988 3852 2235 3913 viderer
2287 3852 2697 3930 improbuluS.

296 3948 745 4009 Dunelmensis
772 3948 1027 4010 abeunti
1055 3968 1162 4009 sex
1189 3949 1429 4010 nobiles
1465 3950 1631 4011 dono
1666 3951 1855 4026 dedit,
1887 3951 2075 4029 idque
2111 3955 2348 4027 sponte,
2382 3949 2603 4012 etiam
2634 3951 2704 4011 ni

290 4045 481 4108 fallor
520 4049 834 4123 quartum.
919 4047 1444 4126 Archiepiscopus
1468 4046 1634 4109 vltro
1661 4049 1943 4126 quaesita
1968 4050 2287 4111 occasione
2322 4050 2698 4110 tantundem

290 4144 553 4219 addidit,
604 4145 918 4206 Roffensis
966 4146 1256 4223 regalem.
1380 4145 1556 4207 Haec
1603 4166 1856 4208 summa
1903 4149 2191 4209 omnium
2240 4165 2398 4226 quae
2452 4166 2700 4207 mecum
2729 4157 2794 4205 ²5

291 4243 498 4304 effer0.
587 4243 726 4305 Hoc
755 4246 818 4304 te
844 4245 1002 4305 scire
1039 4243 1228 4320 volui,
1261 4263 1342 4304 ne
1378 4244 1516 4323 quis
1555 4245 1876 4305 existimet
1915 4266 2016 4306 me
2059 4246 2247 4306 huius
2286 4244 2496 4304 abitus
2531 4264 2704 4322 prae·

290 4344 466 4401 textu
495 4361 789 4420 magnam
815 4343 1116 4421 pecuniae
1141 4342 1276 4403 vim
1303 4344 1704 4404 contraxisse.

358 4464 471 4511 294.
491 4477 539 4523 5.
577 4462 702 4513 aliis
724 4480 816 4513 om.
840 4468 903 4515 N.
1062 4468 1175 4517 295.
1194 4468 1241 4516 8.
1280 4466 1571 4529 deportant
1591 4470 1655 4515 H.
1808 4480 1888 4528 23.
1930 4466 2139 4515 nobiles
2161 4468 2239 4512 E:
2270 4464 2545 4528 angelatos
2565 4467 2631 4514 Η.

291 4547 470 4622 ἾΜ.
496 4586 540 4633 5.
581 4550 865 4639 monti—oio]
893 4574 970 4624 Cf.
995 4576 1091 4638 Ep.
1119 4589 1233 4637 295.
1263 4576 1440 4637 28-30.
1611 4577 1724 4626 295.
1752 4578 1799 4625 6.
1837 4571 2151 4638 septimam]
2184 4587 2303 4622 12-1
2330 4587 2460 4636 p.m.

287 4652 406 4765 2⁵3.
438 4639 815 4764 ¹1⁴'41-1511·1ciscum]
858 4640 1199 4701 Berckman;
1233 4642 1302 4691 cf.
1345 4642 1441 4704 Ep.
1545 4655 1720 4756 ‘vg-sti,
1734 4640 1994 4756 ffiahm]
2020 4640 2072 4689 A
2101 4641 2247 4700 regal
2282 4654 2342 4688 or
2378 4639 2676 4688 rose-noble
