3355 5380
669 320 801 377 526
1383 315 1762 379 Lmsslzs
1814 315 1926 378 oF
1978 313 2378 379 ERASMUS
2891 309 3090 395 [1513

680 473 939 526 Erasmus
969 487 1081 523 was
1111 471 1340 523 certainl
1406 474 1463 523 at
1495 472 1643 522 work
1676 486 1749 520 011
1775 471 1994 521 Jerome
2027 471 2091 520 in
2116 483 2276 532 15¹3?
2307 468 2519 533 though
2550 470 2688 520 from
2710 468 2808 533 Ep.
2828 469 2935 531 2⁶3
2960 470 3011 517 it
3040 469 3093 517 is

681 537 834 601 plain
867 538 991 589 that
1013 537 1216 588 Badius
1292 539 1305 551 '
1376 538 1442 587 ed
1474 537 1595 586 him
1628 541 1687 588 ιο
1721 536 1848 586 take
1886 550 1960 599 up
1995 536 2085 586 his
2123 536 2271 585 work
2303 536 2365 584 in
2394 549 2536 598 15¹2·
2600 535 2712 585 'l'be
2750 534 2998 584 allusion
3034 537 3093 583 ιο

682 602 880 653 Colet’s
913 603 1125 653 trouble
1156 604 1220 667 (1.
1255 604 1343 667 44)
1380 604 1622 652 becomes
1654 601 1984 665 intelligible
2018 603 2078 651 in
2111 601 2384 651 reference
2416 604 2476 649 to
2510 600 2607 663 Ep.
2640 601 2758 661 278.
2788 615 2830 659 1,
2868 599 2921 649 ir
2960 612 3095 662 1513

682 670 731 719 is
760 668 1009 731 adopted.
1098 669 1318 732 Finally
1351 669 1398 718 it
1429 670 1477 718 is
1510 669 1713 718 known
1742 667 1882 718 from
1915 667 2012 731 Ep.
2039 667 2156 717 aaa.
2179 682 2259 729 47.
2284 667 2408 716 that
2429 668 2491 716 in
2508 666 2646 729 July
2672 679 2801 729 1513
2822 665 3095 716 Erasinus

683 749 792 784 was
813 735 1080 798 certainly
1101 735 1162 783 in
1183 734 1507 797 Cambridge
1526 751 1541 795 3
1574 735 1635 783 in
1655 733 1792 797 July
1816 747 1943 796 151⁹
1964 732 2055 782 his
2075 734 2416 782 movements
2437 734 2636 782 cannot
2656 732 2724 781 be
2746 731 2957 781 traced.

745 800 859 851 'l'he
896 815 998 863 gap
1035 799 1097 849 in
1134 798 1404 850 Erasmus'
1438 799 1894 862 correspondence
1933 800 1990 849 at
2026 798 2145 847 this
2186 797 2375 860 period
2414 812 2544 861 may
2576 798 2643 846 be
2680 796 2996 847 attributed
3036 799 3095 845 ιο

669 865 888 928 11111099.
941 866 1013 915 111
1035 866 1129 915 the
1151 880 1396 915 summer
1417 865 1476 915 of
1491 879 1616 928 1513
1638 865 1687 917 it
1709 879 1823 915 was
1844 863 2097 927 reported
2118 865 2181 912 in
2204 864 2357 913 Paris
2378 863 2503 914 that
2523 864 2596 912 he
2618 862 2730 912 had
2750 863 2884 912 died
2906 862 3096 912 beton

679 932 825 982 June
863 947 887 980 1
925 931 1130 993 (MHE.
1167 931 1224 980 ii.
1260 935 1380 993 24);
1424 931 1536 980 and
1575 932 1637 979 in
1673 931 1886 993 August
1920 930 2010 979 his
2043 928 2211 978 death
2248 943 2359 978 was
2391 928 2635 992 publioly
2667 929 3004 978 announced
3039 931 3095 977 at

683 997 842 1046 Basle
863 998 937 1060 by
953 997 1152 1046 Beatus
1170 996 1466 1046 Rhenanus
1486 997 1546 1044 in
1570 996 1666 1046 the
1688 996 1897 1057 profano
1920 997 1979 1044 ιο
1995 998 2177 1044 Pondus
2189 997 2414 1045 σον-1001110
2428 998 2483 1043 in
2496 997 2761 1044 Senmet
2777 994 2963 1059 (RBE.
2983 994 3097 1057 35),

682 1062 796 1123 and>
817 1063 891 1126 by
911 1062 1121 1112 Froben
1143 1063 1205 1112 in
1228 1063 1323 1111 the
1345 1061 1554 1124 preface
1579 1064 1637 1111 ιο
1666 1061 1764 1110 ι119
1787 1065 2001 1121 Μαρία.
2068 1059 2183 1110 Tbe
2215 1059 2475 1110 salsenen
2505 1059 2566 1109 of
2591 1060 2689 1109 the
2720 1074 2954 1109 rumour
2983 1074 3097 1108 was

684 1129 887 1177 known
920 1128 980 1176 in
1016 1128 1169 1178 Paris
1202 1128 1264 1176 in
1297 1127 1522 1176 October
1547 1126 1747 1191 (111113.
1781 1127 1840 1177 ii.
1872 1141 1976 1188 243
2008 1125 2077 1177 cf.
2111 1125 2245 1175 ibid.
2280 1139 2347 1173 aa
2392 1140 2407 1186 3
2444 1126 2547 1174 but
2579 1124 2961 1174 nevertheleoe
2995 1125 3096 1174 the

685 1195 867 1256 report
880 1207 991 1242 was
1013 1193 1132 1242 still
1154 1192 1397 1243 believed
1421 1192 1479 1241 in
1494 1191 1709 1241 Vienna
1721 1207 1790 1240 on
1809 1206 1841 1254 5
1856 1192 1892 1240 J
1892 1207 1981 1242 an.
2001 1205 2142 1253 1514,
2163 1192 2326 1241 when
2380 1191 2554 1254 piegel
2569 1193 2738 1240 wrote
2756 1190 2853 1239 the
2877 1189 3094 1254 pressos

682 1258 765 1324 (P.
794 1258 868 1323 r‘)
893 1261 951 1307 ιο
981 1260 1069 1310 his
1095 1258 1306 1308 edition
1329 1257 1390 1307 of
1415 1258 1683 1308 Isocrates
1702 1262 1761 1307 do
1779 1273 1917 1318 mono
1945 1261 2262 1319 eumancio,
2290 1257 2519 1320 Vienna,
2546 1256 2824 1318 Alantsee,
2856 1270 2919 1319 13
2946 1256 3081 1305 Feb.

689 1339 831 1387 1514.
899 1324 1058 1373 From
1080 1324 1378 1386 similarity
1398 1322 1458 1371 os
1471 1323 1738 1386 language
1768 1323 1814 1372 it
1839 1324 1887 1372 is
1918 1323 2075 1386 plain
2103 1322 2227 1372 that
2249 1323 2344 1371 the
2379 1337 2528 1372 news
2561 1320 2672 1371 had
2704 1321 2937 1371 reached
2969 1322 3093 1370 him

685 1390 921 1453 through
946 1389 1198 1439 Froben's
1220 1388 1446 1452 preface.
1516 1389 1614 1438 See
1635 1388 1749 1438 also
1771 1388 1878 1438 LB.
1902 1388 2041 1451 App.
2072 1387 2176 1452 19.]
3022 1438 3027 1441 ,

799 1521 1110 1570 ERASMVS
1152 1520 1658 1569 ROTERODAMVS
1703 1519 1964 1568 OOLE'ro
2010 1518 2220 1568 vinco
2266 1519 2584 1567 PATRONO
2628 1520 2752 1567 SVO
2796 1519 2851 1566 Β.
2900 1519 2966 1567 D.

765 1637 873 1697 An
898 1633 1229 1713 epistolam
1257 1634 1391 1696 ioco
1417 1634 1714 1712 scriptam
1742 1633 2078 1711 respondes
2102 1632 2282 1694 serio.
2370 1633 2516 1693 Non
2550 1632 2804 1694 decebat
2830 1632 3098 1695 fortasse

684 1755 829 1798 cum
855 1737 1033 1796 tanto
1068 1735 1334 1811 patrono
1360 1733 1564 1794 iocari.
1650 1732 1774 1794 Sed
1812 1733 2026 1794 tamen
2061 1730 2226 1792 mihi
2261 1733 2403 1792 tum
2430 1730 2667 1792 libebat
2699 1752 2850 1792 cum
2889 1733 3096 1794 amico

685 1838 817 1896 tam
844 1831 1151 1909 singulari
1177 1830 1412 1891 Atticis
1437 1830 1674 1891 salibus
1706 1830 1936 1907 ludere,
1969 1829 2172 1908 magis
2197 1829 2617 1891 humanitatis
2643 1832 2789 1891 tuae
2822 1830 3095 1892 memori

685 1950 875 2010 quam
921 1928 1394 2007 magnitudinis.
1496 1929 1666 1990 Tuae
1714 1929 2038 1990 facilitatis
2084 1928 2210 1989 erit
2258 1930 2539 1989 nostram
2586 1928 2895 2007 ineptiam
2943 1929 3098 1992 boni

633 2049 661 2099 5
685 2027 1021 2090 consulere.

764 2125 1001 2186 Scribis
1024 2145 1129 2186 me
1157 2125 1278 2186 tibi
1303 2124 1546 2201 debere,
1568 2124 1817 2186 etiamsi
1844 2124 2064 2187 nolim.
2153 2124 2447 2201 Omnino,
2480 2124 2573 2186 mi
2600 2125 2826 2201 001919,
2862 2126 3098 2189 durum

685 2225 799 2298 est,
838 2226 910 2284 vt
947 2223 1154 2301 inquit
1190 2223 1438 2297 Seneca,
1473 2223 1696 2284 debere
1730 2222 1833 2283 cui
1868 2222 2071 2297 nolis3
2118 2225 2187 2284 at
2222 2243 2336 2300 ego
2371 2223 2695 2284 neminem
2734 2224 2893 2284 noui
2928 2244 3098 2286 mor-

685 2320 914 2384 talium
962 2321 1065 2381 cui
1102 2320 1404 2383 libentius
1446 2321 1707 2383 debeam
1747 2341 1940 2399 quam
1980 2320 2121 2381 tibi.
2203 2321 2290 2381 Et
2329 2320 2387 2381 is
2426 2340 2672 2399 semper
2710 2320 2781 2382 in
2821 2342 2929 2383 me
2971 2322 3098 2384 fuit

686 2418 938 2494 animus
963 2423 1112 2481 tuus
1138 2423 1227 2496 vt,
1251 2420 1445 2482 etiam
1471 2419 1527 2481 si
1553 2419 1719 2481 nihil
1745 2418 2101 2481 accmt
2127 2417 2488 2495 officiorum,
2517 2422 2734 2481 tamen
2769 2419 3101 2482 debiturus

604 2540 664 2574 10
685 2518 805 2579 tibi
829 2519 1180 2597 plurimum
1205 2518 1435 2580 fuerim
1460 2538 1477 2592 ;
1519 2521 1773 2579 tantum
1809 2522 2022 2579 autem
2057 2518 2313 2579 accessit
2340 2520 2404 2577 et
2440 2517 2783 2579 officiorum
2819 2521 2886 2580 et
2913 2520 3099 2582 bene-

687 2616 972 2679 ficiorum
998 2620 1086 2692 vt,
1112 2617 1168 2678 si
1203 2637 1332 2677 11011
1359 2636 1708 2696 agnoscam,
1741 2617 1867 2677 sim
1902 2636 2069 2676 vnus
2105 2616 2394 2676 omnium
2432 2615 2914 2695 ingratissimus.
3005 2620 3101 2681 De

686 2717 995 2778 tenuitate
1023 2719 1132 2778 tua
1156 2736 1413 2794 prorsus
1439 2720 1503 2776 et
1530 2716 1716 2776 credo
1739 2717 1805 2776 et
1831 2714 2010 2777 doleo
2032 2737 2049 2790 ;
2090 2715 2199 2775 sed
2228 2733 2369 2775 mea
2404 2716 2681 2777 tenuitas
2703 2717 2968 2794 grauius
2996 2738 3099 2779 me

675 2833 979 2892 premens
1012 2814 1213 2892 coegit
1238 2816 1312 2876 vt
1346 2818 1489 2875 tuae
1526 2813 1829 2875 tenuitati
1867 2813 2195 2891 negocium
2222 2812 2604 2874 facesserem.
2694 2815 2875 2890 Quod
2902 2835 3099 2893 quam

686 2908 944 2971 fecerim
986 2908 1228 2969 inuitus
1263 2907 1366 2969 vel
1402 2907 1553 2968 hinc
1590 2910 1766 2985 potes
1801 2906 2111 2985 colligere,
2144 2907 2310 2985 quod
2346 2906 2477 2968 iam
2512 2909 2666 2968 olim
2708 2908 2820 2970 abs
2856 2912 2922 2970 te
2961 2930 3102 2988 pro·

606 3028 663 3078 15
689 3008 959 3070 missum
1011 3011 1145 3069 tam
1199 3027 1338 3068 sero
1390 3005 1561 3084 petii.
1655 3006 1984 3068 Excidisse
2038 3005 2159 3067 tibi
2212 3005 2597 3084 promissum
2650 3007 2820 3069 haud
2875 3009 3093 3085 miror,

688 3105 917 3184 quippe
944 3106 1192 3166 homini
1217 3108 1313 3165 tot
1342 3108 1634 3183 occupato
1672 3104 1965 3183 negociis.
2049 3100 2143 3166 At
2180 3103 2250 3164 in
2290 3107 2426 3166 orto
2464 3108 2576 3166 tuo
2610 3124 2757 3166 cum
2794 3105 3100 3168 incideret

690 3204 768 3264 de
807 3203 999 3282 Copia
1038 3222 1257 3279 serm0,
1289 3205 1354 3263 et
1393 3203 1771 3263 indicassem
1812 3202 1977 3264 mihi
2015 3221 2149 3264 esse
2190 3202 2259 3263 in
2297 3203 2511 3264 animo
2551 3207 2623 3264 vt
2664 3223 3102 3283 nuncuparem

689 3301 925 3379 puerile
970 3321 1127 3379 opus
1168 3301 1448 3378 Principi
1493 3304 1710 3362 nostro
1751 3321 1959 3379 puero,
2005 3301 2267 3379 rogabas
2305 3304 2378 3362 vt
2419 3321 2659 3362 nouum
2700 3321 2857 3381 opus
2898 3323 3104 3365 nouae

689 3398 936 3460 scholae
988 3403 1134 3460 tuae
1200 3399 1491 3461 dicarem.
1606 3400 1924 3478 Respondi
1976 3399 2312 3461 subridens
2374 3400 2655 3461 scholam
2717 3404 2897 3463 tuam
2963 3422 3103 3464 esse

609 3518 670 3555 ιο
689 3498 1148 3574 pauperculam,
1203 3498 1362 3558 mihi
1412 3518 1568 3577 opus
1614 3518 1748 3560 esse
1796 3498 1904 3577 qui
1951 3497 2418 3576 aliquantulum
2467 3498 2646 3559 daret
2692 3498 2762 3560 in
2810 3519 3099 3561 manum.

690 3593 1048 3658 Arridebas.
1163 3596 1402 3658 Deinde
1457 3617 1602 3658 cum
1666 3598 1904 3659 multos
1956 3596 2179 3658 titulos
2242 3596 2641 3659 adduxissem
2704 3602 3102 3676 sumptuum,

691 3692 985 3753 nonnihil
1031 3696 1320 3755 contatus
1360 3695 1632 3774 negabas
1672 3698 1736 3756 te
1774 3715 1956 3774 posse
1995 3694 2390 3773 suppeditare
2431 3699 2743 3773 quantum
2783 3715 2961 3758 meae
3005 3717 3106 3758 res

690 3790 1097 3868 postularent,
1138 3812 1358 3854 verum
1402 3792 1763 3873 quindecim
1802 3794 2127 3872 angelatos
2163 3793 2454 3855 lubenter
2497 3793 2811 3856 daturum.
2900 3796 3103 3873 quue

691 3908 838 3950 cum
894 3889 1086 3952 alacri
1149 3892 1332 3953 vultu
1396 3896 1718 3971 repeteres,
1774 3893 2071 3971 rogabam
2125 3912 2282 3953 num
2344 3891 2501 3954 satis
2561 3912 2696 3954 esse
2758 3892 3099 3959 videretur.

609 4008 668 4059 ²5
693 3989 1134 4068 Respondebas
1161 3993 1351 4053 etiam
1379 3991 1648 4054 alacrius
1673 3992 1792 4052 hoc
1820 3993 1984 4052 certe
2010 3994 2073 4052 te
2099 3991 2372 4051 libenter
2397 3990 2852 4070 impensurum.
2932 3992 3103 4054 ‘I‘um

693 4108 807 4167 ego
839 4089 956 4151 ‘Et
979 4089 1113 4167 ipse
1131 4090 1146 4115 ’
1175 4090 1434 4168 inquam
1467 4091 1481 4120 ‘
1500 4090 1769 4151 libenter
1796 4089 2132 4168 accipiam?

774 4188 874 4250 Ex
909 4187 1026 4250 hac
1063 4187 1654 4249 commemoratione
1689 4188 1953 4248 fortasse
1987 4206 2087 4248 res
2114 4186 2352 4249 redibit
2386 4187 2455 4248 in
2489 4187 2861 4249 memoriam
2896 4190 3099 4249 tuam.

689 4287 956 4349 Possem
1001 4288 1067 4349 et
1112 4286 1253 4348 aliis
1300 4288 1690 4362 argumentis
1734 4288 2025 4360 astruere,
2074 4284 2199 4347 nisi
2245 4290 2319 4347 tu
2358 4285 2520 4347 mihi
2560 4288 2671 4349 tua
2707 4289 2932 4364 sponte
2971 4287 3106 4349 iam

695 4385 889 4447 fidem
956 4385 1233 4446 haberes.
1348 4383 1513 4444 Sunt
1579 4384 1838 4444 omnino
1904 4383 2181 4462 quidam,
2234 4384 2404 4463 iique
2465 4384 2657 4445 amici
2714 4383 2890 4461 (nam
2955 4405 3107 4447 cum

987 4530 1062 4576 14.
1101 4515 1210 4563 iam
1234 4511 1349 4562 ΕΝ*
1370 4531 1383 4562 :
1415 4516 1530 4563 tam
1552 4513 1638 4563 Μ.
1837 4515 1931 4564 abs
1952 4516 2008 4563 te
2032 4518 2146 4564 aad.
2170 4517 2235 4564 Η.
2457 4517 2534 4564 16.
2566 4515 2728 4563 horto
2750 4518 2812 4566 N.

1582 4624 1656 4673 18.
1697 4620 1966 4685 Principi]
1988 4621 2224 4672 Gharles.
