3355 5380
643 364 755 424 ιω
1346 359 1724 421 LETTERS
1778 359 1888 420 or
1941 357 2342 420 ERAsts
2850 351 3040 437 [1⁴9⁶

548 547 608 598 35
634 518 927 582 Addebat
980 537 1108 579 non
1154 517 1370 578 minus
1421 516 1646 578 festiue
1692 516 2066 594 iampridem
2106 515 2273 576 fetus
2326 514 2469 576 illos
2523 532 2688 590 suos,
2735 515 3043 592 tanquam

632 617 953 680 abortiuos
992 636 1189 695 eoque
1236 615 1573 694 degeneres
1617 615 1980 696 nulliusque
2018 613 2153 692 spei
2203 613 2482 689 futuros,
2511 611 2761 690 parenti
2802 612 3045 674 inuisos

634 716 869 778 haberi.
967 718 983 747 ⁴
999 714 1103 777 Me
1122 716 1138 741 ’
1182 713 1390 794 inquit
1445 714 1684 791 ‘ipsum
1723 714 1931 775 facere
1977 712 2172 790 pietas
2213 711 2503 790 prohibet
2545 712 2903 781 volentem3
2970 714 3044 773 tu

636 815 972 893 Harpagus
1038 813 1215 874 esto.’
1338 811 1667 890 Simulque
1750 810 2147 890 exponendos
2224 810 2502 885 tradidit,
2597 808 2763 870 nihil
2830 809 3045 871 minus

632 912 872 975 veritus
932 931 1123 990 quam
1178 910 1344 989 quod
1393 913 1803 989 consequtum
1849 913 1961 971 est.
2054 909 2192 987 Ego
2245 907 2556 987 siquidem
2611 926 2688 967 ex
2742 906 3043 986 Harpago

543 1038 609 1090 40
633 1009 960 1071 nominato
1013 1011 1291 1088 primum
1344 1008 1495 1083 ciri,
1558 1007 1787 1069 deinde
1837 1007 2018 1083 Hesi,
2079 1007 2319 1085 Oedipi,
2377 1005 2638 1067 Romuli
2699 1005 3046 1068 delectatus

634 1108 861 1185 omine,
931 1108 1036 1187 pie
1095 1108 1533 1170 fraudulentus
1585 1108 1751 1168 clam
1807 1105 2164 1169 educandos
2215 1106 2433 1184 putaui
2478 1124 2634 1183 quos
2686 1103 2798 1166 ille
2851 1103 3045 1183 impie

632 1226 887 1269 seuerus
927 1206 1335 1284 prodidisset3
1396 1206 1466 1266 in
1512 1225 1691 1284 spem
1735 1204 2031 1267 videlicet
2070 1206 2314 1266 erectus
2365 1204 2655 1265 futurum
2705 1203 3045 1282 aliquando

632 1308 703 1366 vt
743 1305 856 1365 illa
886 1304 1132 1383 parenti
1172 1305 1497 1383 desperata
1540 1304 1787 1366 soboles
1823 1303 2230 1366 effloresceret
2269 1322 2341 1365 ac
2384 1304 2560 1381 patre
2597 1300 2792 1363 etiam
2838 1301 3045 1363 inuito

631 1422 822 1481 regno
849 1403 1167 1481 potiretur.

544 1526 606 1576 45
713 1502 938 1581 Itaque
952 1501 1209 1581 periisse
1222 1500 1533 1561 simulans
1547 1499 1900 1561 Parrhisios
1915 1503 2128 1579 repeto
2142 1499 2527 1578 predamque
2543 1518 2792 1560 mecum
2807 1499 3042 1560 aufero.

632 1601 758 1664 Hic
812 1620 895 1662 ne
936 1600 1108 1661 solus
1156 1599 1308 1660 adeo
1359 1598 1530 1659 furto
1582 1598 1834 1677 potirer,
1881 1618 2011 1661 non
2076 1618 2181 1660 me
2244 1597 2532 1660 contineo
2586 1596 2744 1677 quin
2797 1596 3048 1661 intimis

631 1697 878 1776 aliquot
916 1695 1135 1758 amicis
1173 1694 1467 1773 aperiam,
1512 1695 1837 1773 perpaucis
1874 1696 2129 1775 quidem
2170 1694 2371 1770 initio,
2416 1694 2639 1756 deinde
2677 1694 2772 1771 (vt
2810 1693 2907 1772 fit)
2945 1712 3049 1755 res

632 1796 710 1858 ad
760 1794 1217 1873 complusculos
1264 1796 1508 1871 serpsit.
1597 1794 1761 1870 Quid
1815 1793 2019 1855 multa
2035 1796 2069 1855 ⁴?
2151 1794 2439 1872 Denique
2480 1792 2758 1855 vniuersi
2794 1792 3047 1872 agmine

631 1894 704 1953 in
746 1914 848 1955 me
888 1893 1052 1954 facto
1092 1891 1528 1970 efflagitarunt,
1561 1910 1643 1953 ne
1667 1895 1841 1954 tante
1868 1892 2000 1970 spei
2025 1891 2345 1969 primicias
2376 1890 2635 1953 inuidus
2668 1910 3042 1970 premerem,

545 2019 609 2069 50
632 1991 741 2053 sed
795 1992 894 2051 tot
947 1989 1249 2052 studiosis
1307 1989 1803 2052 adolescentibus
1869 1991 1932 2053 id
1990 1991 2272 2052 muneris
2337 1990 2757 2070 gratificarer-3
2840 1989 3049 2053 obiter

633 2088 1048 2164 interminati,
1097 2108 1242 2149 cum
1283 2087 1451 2149 bona
1497 2108 1686 2166 quam
1730 2109 1876 2150 cum
1926 2091 2093 2151 mala
2137 2089 2339 2168 gratia
2385 2090 2587 2150 facere
2628 2091 3041 2169 preoptanem.

634 2186 794 2248 Mihi
872 2185 1148 2296 quidem,
1227 2185 1492 2248 antistes
1566 2187 1982 2262 ornatissime,
2057 2187 2407 2250 doctissimi
2474 2187 3047 2268 modestissimique

632 2285 1045 2347 adolescentis
1098 2283 1424 2363 ingenium
1478 2303 1726 2362 semper
1786 2286 2189 2348 admirationi
2240 2287 2377 2363 fuit,
2426 2287 2712 2366 nihilque
2764 2305 3047 2365 vnquam

633 2383 960 2458 mediocre,
990 2382 1227 2443 nedum
1253 2381 1513 2457 humile,
1544 2383 1712 2444 nihil
1746 2404 1878 2446 non
1906 2385 2227 2463 egregium
2251 2403 2291 2446 a
2317 2385 2433 2447 tali
2474 2385 2686 2447 indole
2725 2387 3048 2463 expectan-

500 2512 505 2515 -
545 2507 606 2556 55
634 2477 787 2539 dum
827 2476 1115 2540 indicaui.
1204 2475 1345 2537 Meo
1384 2478 1595 2538 tamen
1631 2478 1823 2539 vnius
1854 2478 2086 2540 iudicio
2121 2499 2252 2540 non
2288 2479 2444 2540 satis
2483 2479 2774 2554 fidebam,
2802 2478 3048 2540 veritus

635 2596 713 2637 ne
730 2573 1227 2638 coniunctissimi
1247 2573 1524 2636 hominis
1544 2595 1758 2637 amore
1777 2576 2159 2639 allucinatus
2173 2596 2399 2656 parum
2426 2581 2593 2639 recte
2610 2576 3040 2656 perspicerem.

633 2675 874 2737 Verum
900 2674 1010 2737 vbi
1037 2672 1349 2736 Bobertus
1377 2673 1721 2753 Gaguinua
1752 2696 1875 2755 quo
1902 2696 2030 2739 vno
2057 2674 2415 2738 litterarum
2440 2678 2713 2755 parente,
2738 2672 3044 2750 antistite,

633 2775 912 2853 principe
980 2771 1244 2834 Francia
1323 2792 1452 2833 non
1530 2770 1767 2835 iniuria
1837 2773 2154 2853 gloriatur,
2229 2774 2512 2836 Guielmi
2579 2773 2704 2835 mei
2770 2772 3050 2835 carmina

634 2890 1007 2951 magnopere
1049 2869 1434 2948 probauisset
1477 2870 1768 2951 vitroque
1813 2877 1885 2934 vt
1927 2874 2174 2934 ederem
2221 2874 2592 2949 hortaretur,
2636 2873 2771 2934 eius
2817 2871 3051 2934 iudicio

545 2989 611 3038 60
634 2970 816 3031 facile
853 2968 1154 3048 acquieui.
1242 2969 1405 3044 Quid
1445 2969 1619 3030 enim
1646 2971 1811 3032 tanti
1847 2971 1972 3031 viri
2010 2972 2113 3032 vel
2156 2970 2439 3034 moribus
2465 2974 2570 3033 vel
2596 2971 2882 3033 doctrine
2917 2991 3050 3034 non

632 3067 1042 3129 tribuendum
1069 3066 1429 3127 existimem
1449 3070 1483 3128 *Ρ
1565 3067 1695 3128 Nec
1731 3089 1832 3129 me
1867 3068 2036 3131 fallit
2069 3070 2222 3133 adeo
2255 3090 2471 3132 saeuas
2496 3089 2535 3131 a
2564 3071 2858 3134 Guielmo
2884 3068 3049 3131 mihi

634 3165 780 3227 lites
829 3167 1089 3242 paratas,
1148 3166 1213 3224 et
1267 3165 1526 3242 quidem
1580 3167 1970 3231 Demeanas.
1953 3190 1969 3206 ·
2038 3189 2077 3230 o
2129 3169 2393 3244 coelum,
2440 3189 2478 3231 o
2524 3172 2708 3244 terra,
2760 3189 2798 3229 o
2844 3167 3048 3229 maria

637 3262 977 3339 Neptunni.
1071 3262 1471 3339 Expectande
1510 3263 1806 3341 epistolae
1850 3266 2157 3329 sexcentis
2191 3267 2494 3329 conuiciis
2534 3267 2773 3329 referte.
2860 3265 3046 3327 Male-

635 3361 841 3435 ficum,
885 3359 1269 3437 proditorem
1310 3361 1622 3422 clamabit.
1709 3362 1792 3424 In
1832 3363 1935 3424 ius
1974 3365 2243 3444 denique
2282 3366 2507 3441 trahet,
2555 3364 2790 3443 opinor.
2877 3363 3045 3440 Quid

544 3470 609 3536 ⁶5
635 3457 951 3520 calumnie
1005 3458 1446 3520 comminiscar
1463 3462 1497 3521 ?
1592 3460 1729 3536 Quo
1772 3482 1876 3523 me
1919 3463 2124 3524 colore
2166 3463 2390 3526 tuebor
2407 3466 2441 3526 ⁴?
2541 3462 2834 3527 Cicerone
2888 3482 3050 3541 opus

635 3552 867 3626 fuerit3
908 3571 1130 3612 verum
1166 3556 1238 3613 vt
1278 3573 1390 3631 par
1424 3552 1619 3614 etiam
1656 3555 1790 3633 ipse
1825 3557 2078 3619 futurus
2113 3557 2198 3619 sit
2234 3578 2466 3620 vereor.
2556 3558 2677 3618 Sed
2712 3555 3048 3618 Mitionem

635 3650 948 3726 imitabor,
1034 3670 1162 3711 non
1238 3652 1584 3728 pessimum
1667 3653 2136 3732 impudentium
2219 3676 2549 3718 causarum
2633 3655 3043 3718 defensorem.

636 3749 859 3811 Dicam
918 3752 1127 3827 preter
1189 3749 1291 3810 ius
1356 3771 1457 3811 me
1523 3750 1680 3813 furti
1733 3754 2022 3829 accusari,
2082 3755 2248 3833 quod
2303 3757 2397 3834 (vt
2449 3774 2595 3816 vere
2648 3774 2688 3816 a
2740 3752 3052 3834 Pytagora

635 3847 877 3909 dictum
916 3847 1036 3924 est)
1079 3847 1429 3910 amicorum
1475 3849 1640 3911 inter
1685 3871 1751 3912 se
1800 3853 2158 3913 communia
2205 3853 2336 3914 sint
2384 3852 2615 3914 omnia.
2700 3855 2839 3915 Aut
2885 3855 3051 3914 certe

550 3976 613 4027 70
637 3967 781 4008 cum
810 3945 1045 4008 Cherea
1070 3946 1495 4009 Therentiano
1521 3949 1725 4027 magis
1756 3949 2028 4027 ingenue
2059 3950 2299 4013 fatebor
2326 3971 2537 4013 amore
2572 3972 2691 4028 me,
2724 3971 2855 4013 non
2885 3951 3044 4025 odio,

636 4065 940 4123 peccasse.

718 4142 1051 4221 Vtcunque
1120 4146 1337 4204 tamen
1405 4143 1514 4205 ille
1581 4145 1754 4220 feret,
1820 4146 2279 4208 humanissime
2343 4148 2586 4224 Presul,
2651 4167 2767 4226 ego
2834 4168 3049 4211 meum

637 4243 878 4303 furtum
918 4241 1107 4320 plane
1142 4243 1419 4303 atratum
1459 4243 1713 4322 prodire
1754 4244 1994 4321 nolens,
2031 4245 2128 4307 tui
2168 4246 2447 4308 nominis
2486 4246 2762 4325 auspicio
2801 4245 3051 4325 prodire

637 4339 850 4412 volui;
900 4338 1035 4401 siue
1070 4338 1237 4418 quod
1279 4340 1399 4403 tibi
1436 4342 1622 4404 vnico
1650 4343 1958 4404 Mecenati
1998 4344 2213 4405 omnia
2251 4364 2391 4405 mea
2431 4345 2652 4423 studia,
2685 4363 3052 4425 quecunque

1492 4522 1567 4568 72.
1603 4506 1852 4571 Vtrt‘ique
1875 4525 1907 4555 α
1930 4525 1942 4556 :
1976 4523 2091 4559 corr.
2115 4512 2210 4557 LB.

642 4591 695 4598 n—

707 4666 788 4713 62.
826 4663 1153 4732 Demeanas]
1176 4665 1294 4715 Ter.
1314 4669 1412 4715 Aa.
1444 4680 1553 4729 790.
1986 4681 2063 4726 70.
2104 4665 2336 4731 cheres]
2357 4670 2484 4717 huz.
2506 4668 2622 4729 877,
2647 4668 2698 4716 8.
