3355 5380
698 408 816 463 370
1401 402 1781 463 LETTERS
1836 403 1944 465 or
2001 401 2398 466 ERASMUS
2909 398 3091 482 [1501

693 562 1107 637 contemptor.
1215 560 1430 637 Neque
1484 579 1633 621 vero
1688 580 1792 621 me
1846 559 2008 621 clam
2061 562 2175 633 est,
2228 559 2347 619 hoc
2397 558 2561 636 quod
2609 577 2750 619 sum
2799 561 3103 636 sequutus

607 684 670 731 30
694 657 1051 720 studiorum
1097 677 1296 735 genus
1339 658 1483 719 aliis
1523 657 1824 732 alienum,
1869 657 2014 720 aliis
2060 657 2404 729 infinitum,
2447 655 2593 717 aliis
2638 655 3095 734 infrugiferum,

695 755 837 818 aliis
884 757 1074 817 etiam
1121 775 1348 833 parum
1394 756 1574 834 pium
1617 756 1863 831 videri,
1847 777 1862 792 ·
1918 775 2146 832 nempe
2194 754 2397 833 vulgo-
2431 754 2718 816 omnium
2766 754 2878 831 qui
2932 773 3103 814 nuno

694 852 908 914 literas
961 854 1349 931 profitentur.
1456 854 1549 914 At
1594 873 1707 931 ego
1755 855 1932 914 tanto
1979 851 2180 930 magis
2225 852 2542 927 accendor,
2595 871 2739 912 cum
2786 855 3105 929 vti-unque

696 952 1015 1031 cognitum
1065 952 1341 1026 habeam,
1393 971 1593 1030 neque
1640 951 1832 1030 vulgo
1880 971 2155 1029 vnquam
2211 951 2448 1029 optima
2495 949 2814 1028 placuisse,
2866 952 2930 1009 et
2988 948 3103 1008 hoc

694 1050 892 1111 studii
931 1069 1128 1127 genus
1175 1050 1570 1127 paucissimis
1616 1049 1891 1128 quidem,
1936 1050 2044 1110 sed
2094 1054 2309 1111 tamen
2347 1047 2808 1124 eruditissimis,
2852 1045 3106 1125 probari

606 1175 667 1224 35
695 1149 984 1209 maxime.
1071 1148 1139 1208 Si
1167 1147 1641 1226 Hieronymus
1622 1168 1884 1209 insanus
1916 1148 2052 1222 fuit,
2083 1149 2138 1209 si
2176 1148 2483 1223 indoctus,
2517 1148 2694 1208 iuuat
2719 1166 2866 1206 cum
2895 1145 3106 1206 huius·

696 1246 868 1307 modi
922 1247 1061 1308 viro
1118 1246 1437 1324 desipere;
1504 1246 1682 1306 iuuat
1744 1246 1893 1307 huic
1956 1246 2349 1307 indoctorum
2411 1245 2583 1325 gregi
2641 1245 2851 1324 potius
2914 1263 3104 1321 quam

697 1344 965 1405 istorum
1014 1344 1274 1405 deorum
1319 1343 1526 1406 choris
1569 1345 1987 1405 annumerari.
2097 1345 2277 1420 Quod
2322 1345 2377 1405 si
2417 1345 2610 1405 etiam
2652 1342 2843 1403 huius
2885 1360 3105 1402 cursus

697 1441 897 1502 nostri
952 1445 1189 1503 metam
1245 1462 1373 1503 non
1435 1443 1888 1521 contingemus,
1950 1442 2341 1504 contendisse
2402 1446 2568 1503 certe
2629 1440 2706 1502 ad
2762 1459 2863 1501 res
2921 1440 3105 1517 longe

695 1539 1146 1617 pulcherrimas
1187 1560 1318 1601 non
1366 1539 1727 1602 illaudabile
1772 1540 1978 1601 fuerit.
2066 1541 2253 1602 Hanc
2296 1560 2500 1601 meam
2541 1543 2821 1600 mentem
2869 1540 2925 1599 si
2977 1559 3106 1600 non

609 1669 672 1716 40
695 1636 1130 1715 approbabunt
1157 1638 1463 1714 homines,
1494 1640 1684 1715 Deus,
1717 1638 1952 1717 opinor,
1984 1642 2048 1700 et
2075 1639 2367 1717 probabit
2392 1642 2458 1701 et
2491 1637 2748 1700 iuuabit.
2837 1637 3104 1700 Reflsbit

695 1737 985 1812 fortuna;
1039 1740 1101 1797 at
1143 1737 1269 1812 ille,
1318 1737 1483 1816 quod
1524 1737 1785 1799 antehac
1827 1737 1990 1810 fecit,
2033 1737 2351 1815 aspirabit.
2439 1735 2804 1798 Probabunt
2846 1736 3005 1797 olim
3045 1742 3105 1796 et

696 1833 1001 1908 homines,
1035 1838 1199 1895 certe
1226 1835 1475 1912 posteri.

777 1932 898 1993 Sed
927 1935 999 1991 vt
1025 1932 1191 1992 vltra
1217 1937 1416 1993 metas
1442 1932 1772 2010 epistolam
1797 1934 2057 2012 porrigo,
2089 1935 2243 1996 dum
2273 1938 2383 1995 tuo
2409 1954 2618 1995 amore
2644 1933 2823 1994 velut
2850 1929 3108 1992 amabili

633 2061 636 2064 ·
695 2029 965 2106 quodam
1030 2030 1237 2089 furore
1297 2030 1688 2092 debacchans
1751 2033 1876 2092 mei
1934 2032 2169 2094 oblitus
2234 2033 2477 2109 rapior!
2546 2031 2699 2093 adeo
2754 2029 2921 2092 mihi
2977 2048 3105 2090 non

608 2155 670 2204 45
696 2127 1024 2205 epistolam
1063 2127 1335 2189 scribere
1376 2130 1484 2190 sed
1526 2133 1738 2190 tecum
1777 2130 2038 2192 fabulari
2079 2131 2310 2192 videor.
2419 2130 2597 2206 Quod
2640 2128 3105 2189 humanissimo

695 2225 1209 2303 amplissimoque
1246 2226 1549 2303 Praesuli
1587 2230 1850 2304 patrono
1891 2231 2017 2302 tu0,
2058 2249 2186 2291 non
2228 2229 2466 2307 scripsi,
2505 2228 2569 2288 id
2609 2247 2809 2306 neque
2851 2225 3105 2304 ignauia

697 2342 896 2402 neque
923 2325 1041 2385 ocii
1065 2325 1279 2402 inopia
1305 2326 1541 2387 factum
1567 2329 1704 2402 est;
1745 2328 1853 2389 sed
1892 2348 2094 2405 neque
2118 2330 2561 2405 argumentum
2599 2330 2733 2387 erat
2767 2325 2883 2386 illo
2920 2324 3112 2385 heroe

696 2421 981 2500 dignum,
1006 2423 1318 2500 simulque
1335 2423 1598 2485 verebar
1625 2426 1787 2501 patri
1809 2425 2259 2504 benignissimo
2288 2424 2542 2504 quidem
2569 2424 2685 2500 illi,
2708 2423 2815 2486 sed
2844 2421 3113 2490 omnino

690 2520 990 2598 plurimis
1031 2521 1447 2599 maximisque
1496 2523 1768 2600 negociis
1815 2524 2311 2600 occupatissim0‚
2364 2523 2659 2585 scholicis
2701 2520 3112 2599 nugamentis

611 2652 674 2700 50
698 2620 934 2699 (qualia
975 2620 1103 2681 fere
1150 2622 1365 2681 nostra
1411 2621 1583 2697 sunt)
1633 2620 2005 2701 obstrepere.
2094 2623 2445 2699 Caeterum,
2493 2623 2587 2684 mi
2634 2619 2894 2699 Antoni,
2944 2618 3111 2680 scito

693 2719 860 2792 ,mihi
909 2718 1076 2779 nihil
1124 2719 1385 2797 perinde
1432 2720 1502 2780 in
1550 2720 1715 2781 votis
1758 2740 1898 2794 esse
1930 2742 2119 2800 quam
2160 2726 2230 2782 vt
2267 2723 2445 2783 liceat
2487 2722 2663 2784 illius
2701 2718 3113 2800 amplitudini

699 2837 1067 2895 quocunque
1107 2818 1309 2879 officio
1357 2837 1498 2889 meo
1545 2818 1898 2895 gratificari.
1989 2820 2110 2882 Sed
2151 2820 2318 2882 aliud
2361 2823 2459 2882 est
2498 2819 2771 2893 amiculo
2813 2817 3110 2898 quicquid

698 2918 768 2977 in
832 2917 1088 2977 buccam
1146 2916 1398 2978 venerit
1450 2917 1738 2992 scribere,
1799 2918 1969 2993 aliud
2037 2938 2429 2981 summorum
2485 2919 2767 2980 virorum
2833 2918 3113 2979 heroicas

700 3017 946 3076 mentes
983 3014 1244 3092 epistola
1279 3015 1665 3091 compellare,
1700 3036 1852 3093 quas
1889 3017 2177 3095 religiose
2208 3018 2399 3094 etiam
2426 3037 2464 3078 a
2492 3016 2918 3078 salutantibus
2951 3013 3109 3077 adiri

611 3139 671 3188 55
699 3114 923 3185 debere
950 3112 1203 3184 Plinius
1228 3112 1491 3189 scripsit.
1561 3113 1645 3174 In
1672 3115 1981 3191 praesenti
2010 3115 2200 3192 igitur
2228 3120 2363 3177 tute
2392 3115 2553 3176 mihi
2577 3114 2746 3194 apud
2771 3119 3108 3193 augustum

689 3215 940 3288 patrem
994 3211 1292 3288 epistolae
1346 3212 1483 3272 vice
1532 3211 1857 3289 fungeris3
1924 3212 2152 3274 deinde
2205 3232 2455 3275 summa
2517 3213 2918 3287 humanitate
2976 3212 3111 3285 viro

694 3310 966 3387 Georgio
1027 3310 1232 3371 Priori
1301 3328 1526 3388 meque
1588 3310 1976 3389 Battumque
2042 3331 2294 3373 summo
2354 3311 2561 3373 studio
2623 3309 3109 3373 commendabis.

700 3406 940 3467 Medico
994 3424 1065 3466 ac
1119 3407 1201 3469 M.
1251 3407 1478 3468 Iacobo
1526 3408 1848 3468 Plumioni
1897 3410 2208 3485 canonice,
2257 3411 2411 3471 viris
2458 3410 2871 3489 amplissimis
2917 3411 3114 3486 deque

701 3507 987 3564 nostrum
1042 3509 1306 3583 vti-oque
1359 3506 1598 3584 optime
1659 3506 1915 3580 meritis,
1976 3507 2316 3585 plurimam
2372 3510 2641 3571 salutem
2701 3509 3117 3571 annunciabis

614 3614 678 3663 60
701 3601 909 3663 verbis
947 3603 1291 3681 Vtriusque.

783 3700 1054 3776 Valebis,
1102 3702 1339 3779 optime
1384 3703 1647 3766 Antoni.
1764 3704 1862 3764 Ex
1918 3705 2269 3766 Tornehen.
2384 3725 2485 3767 xv.
2534 3706 2789 3768 Calend.
2830 3709 3104 3784 August.

704 3800 898 3860 Anno
941 3794 1034 3879 [ιι.
1052 3819 1214 3861 cccc.
1228 3796 1427 3880 xc1x].

770 3956 852 4016 36.
890 3956 1070 4018 potius
1092 3960 1209 4006 aad.
1234 3960 1291 4005 F.
1507 3972 1586 4019 37.
1621 3962 1972 4010 annumerari
1998 3965 2041 4009 F
2058 3979 2069 4010 :
2108 3962 2442 4011 innumerari
2466 3965 2524 4009 E.
2739 3961 2823 4022 38.
2859 3976 2973 4010 non
2998 3966 3111 4010 odd.

706 4026 752 4069 P
772 4026 943 4081 Cor-ria.
1102 4036 1181 4085 55.
1222 4023 1413 4072 debere
1435 4024 1548 4074 aad.
1578 4028 1643 4074 H.
1760 4030 2050 4089 augustum
2074 4032 2145 4075 F:
2179 4027 2549 4090 Augustinum
2574 4032 2632 4077 Β.
2769 4042 2851 4088 57.
2887 4028 3119 4090 Georgi«)

707 4091 762 4136 II
778 4105 790 4136 ε
825 4086 1047 4136 domino
1068 4092 1127 4138 E.
1326 4089 1405 4149 58.
1448 4088 1522 4140 M.
1541 4106 1631 4139 om.
1656 4094 1720 4140 H.
1862 4091 2140 4142 Plumioni
2164 4097 2279 4142 add.
2306 4097 2371 4142 Η.

774 4250 856 4307 46.
893 4248 1157 4313 Praesuli]
1182 4249 1411 4313 Antony
1433 4249 1494 4298 of
1512 4251 1740 4313 Ber-gen.
1962 4258 2030 4303 St.
2078 4256 2257 4313 Bertv‘n,
2300 4252 2355 4302 ii.
2397 4251 2498 4312 283
2544 4252 2669 4301 who
2715 4255 2872 4302 notes
2917 4252 3043 4301 that
3088 4267 3123 4300 a

774 4328 855 4376 55.
896 4313 1132 4379 Plinius]
1157 4319 1293 4365 ΜΗ.
1315 4316 1483 4378 praef.
1509 4331 1584 4365 ιι.
1960 4319 2236 4380 cartulary
2268 4318 2451 4367 which
2486 4332 2598 4367 was
2631 4317 2898 4380 formerly
2924 4319 2988 4368 in
3021 4317 3122 4367 the

774 4395 855 4441 57.
892 4381 1146 4445 Geor-gio]
1193 4381 1395 4443 George
1429 4382 1489 4429 of
1515 4381 1772 4444 Brabant,
1798 4396 1860 4430 or
1961 4384 2152 4446 Abbey
2206 4383 2433 4445 Library
2487 4384 2535 4431 is
2580 4383 2882 4433 annotated
2933 4385 2995 4433 in
3053 4384 3123 4432 de

709 4446 778 4494 de
824 4446 1139 4509 Bourbourg
1184 4450 1241 4509 (†
1266 4448 1433 4509 ¹505)·
1481 4447 1590 4496 ¹He
1635 4448 1857 4496 entered
1962 4448 2320 4512 Bourbourg’s
2353 4449 2520 4499 hand.

711 4511 788 4561 St.
826 4512 1071 4561 Bertin's
1104 4514 1163 4560 in
1201 4527 1343 4575 1⁴59,
1365 4512 1475 4560 and
1509 4527 1618 4561 was
1637 4515 1858 4570 frumen·
2024 4516 2107 4575 58.
2137 4515 2368 4594 Medico]
2385 4515 2655 4565 Ghisbert.
2686 4515 3125 4578 Cf.Ep.95.nn.

710 4580 866 4624 rarius
898 4578 956 4626 to
991 4577 1085 4626 the
1118 4579 1323 4639 Abbey,
1360 4577 1538 4626 before
1578 4578 1859 4641 becoming
2093 4580 2395 4645 Plumiom]
2414 4581 2519 4630 Not
2537 4581 2826 4631 otherwise
2843 4581 3127 4632 knownto

700 4642 883 4690 ,Pi-ior.
956 4643 1052 4692 See
1089 4642 1169 4692 De
1208 4642 1458 4704 anlane,
1495 4647 1584 4693 Les
1615 4647 1764 4693 Abbe's
1801 4650 1858 4693 de
1961 4659 2061 4693 me.
