3355 5380
257 356 444 442 ¹495]
1003 361 1111 421 ΤΟ
1168 361 1509 422 ROBERT
1564 360 1906 424 GAGUIN
2539 365 2654 419 149

250 520 308 565 in
333 515 585 566 Bocard's
607 515 816 565 edition
840 517 888 566 is
908 516 1078 578 easily
1099 516 1403 579 explained,
1431 515 1480 564 if
1504 515 1591 564 his
1613 516 1867 565 followed
1888 515 2194 575 Trechsel's,
2225 517 2321 564 but
2353 518 2450 564 not
2484 515 2533 564 if
2558 515 2654 564 the

247 586 355 631 two
396 583 637 631 editions
673 596 814 631 were
853 583 1174 644 competing.
1263 582 1513 631 Bocard's
1552 583 1710 644 again
1752 582 1850 632 has
1887 597 1919 631 a
1957 582 2119 631 letter
2155 581 2265 629 and
2301 595 2335 629 a
2372 595 2542 643 poem,
2583 581 2656 641 by

251 648 533 698 Cornelius
565 647 775 697 Get-ard
806 647 866 695 of
893 648 1100 705 Gouda,
1133 647 1260 696 who
1297 662 1410 696 was
1444 649 1504 695 in
1540 647 1693 696 Paris
1727 647 1868 696 from
1907 648 2006 697 the
2044 649 2274 696 autumn
2314 645 2374 695 of
2406 660 2529 708 1497
2565 646 2656 694 till

250 716 456 776 August
490 713 619 775 1498
645 713 719 776 (p.
742 717 895 774 205);
928 714 1040 762 like
1068 713 1184 762 this
1212 713 1375 762 letter
1404 713 1537 774 they
1568 727 1661 761 are
1694 713 1788 764 the
1818 714 1923 762 last
1952 716 2114 762 items
2144 714 2205 761 in
2234 712 2329 761 the
2365 711 2516 774 book,
2542 711 2655 761 and

251 795 387 828 were
408 780 607 827 almost
628 778 894 841 certainly
915 779 1196 841 composed
1218 778 1328 827 and
1359 778 1533 827 added
1557 780 1617 827 in
1648 779 1746 828 the
1778 794 1923 829 same
1951 794 2074 841 way
2095 778 2258 827 when
2281 777 2377 826 the
2407 778 2659 840 printing

250 860 360 894 was
380 844 573 907 nearly
594 844 869 906 complete.
919 844 1147 907 Gaguin’
1151 859 1177 892 s
1197 844 1408 907 preface
1431 848 1488 893 to
1509 844 1605 892 the
1627 845 1817 893 reader
1838 845 2066 907 speaks
2049 860 2109 893 m
2131 842 2397 893 Trechsel'
2399 858 2426 890 s
2447 842 2656 891 edition

250 911 310 959 ot
340 910 438 960 the
477 910 617 959 book
658 910 818 972 being
853 911 1017 973 given
1054 915 1246 959 secunde
1279 913 1589 972 impressioni,
1624 911 1687 959 in
1719 910 1971 960 Bocard’s
2010 915 2160 959 denuo
2191 912 2516 970 impressioni3
2560 909 2658 957 the

250 977 486 1037 prefaces
523 976 687 1038 being
731 976 1021 1024 otherwise
1065 974 1326 1024 identical
1372 978 1557 1037 except
1593 975 1677 1025 for
1721 976 1815 1024 the
1860 976 2116 1038 printers'
2153 989 2350 1023 names.
2421 973 2656 1035 Finally,

248 1043 465 1104 Gaguin
504 1041 697 1102 speaks
740 1040 799 1089 of
835 1041 1130 1090 Trechsel‘s
1173 1055 1232 1090 as
1274 1041 1371 1088 the
1416 1041 1612 1090 second
1657 1041 1867 1090 edition
1914 1042 2045 1105 (GE.
2089 1041 2219 1103 85);
2263 1040 2376 1089 and
2412 1039 2568 1088 there
2609 1040 2657 1087 is

251 1121 324 1156 no
347 1107 615 1156 reference
639 1109 694 1155 to
721 1122 755 1155 a
777 1106 934 1155 third
961 1107 1186 1170 edition,
1211 1121 1336 1154 exce
1377 1110 1399 1155 t
1431 1108 1491 1155 in
1520 1121 1552 1155 a
1579 1107 1744 1155 letter
1766 1107 1900 1163 (GE.
1927 1108 2017 1169 79)
2043 1107 2102 1155 of
2128 1121 2191 1166 27
2215 1106 2376 1166 June,
2400 1105 2497 1154 the
2528 1119 2660 1168 year

247 1174 379 1222 date
402 1172 462 1220 of
478 1171 663 1221 which
687 1186 789 1221 can
816 1172 947 1234 only
970 1173 1035 1221 be
1060 1171 1308 1235 supplied
1416 1187 1468 1219 m
1493 1172 1606 1221 this
1630 1174 1878 1221 mention
1903 1173 1963 1221 of
1980 1172 2075 1220 the
2103 1168 2473 1233 Compmdium]

335 1342 703 1390 HERAsts
748 1341 1128 1389 ROTERDAM
1175 1341 1489 1389 BOBE'B'I'O
1534 1341 1849 1389 GAGVINO
1895 1341 2064 1389 VIRO
2110 1341 2573 1397 VNDEGVNQVE

932 1444 1348 1493 DOGTISSIMO
1394 1445 1715 1493 SALVTEM
1763 1444 1977 1492 DICIT.

331 1585 514 1660 Qvon
545 1585 930 1645 Francorum
962 1603 1181 1662 regum
1214 1584 1698 1663 principumque
1724 1605 1824 1645 res
1852 1587 2071 1663 gestas,
2105 1583 2315 1644 idonei
2342 1584 2663 1663 scriptoris

247 1683 558 1744 desiderio
599 1682 904 1743 hactenus
943 1681 1015 1742 in
1056 1682 1337 1743 tenebris
1384 1703 1577 1761 prope
1619 1682 1910 1760 sepultas,
1958 1682 2230 1759 pedestri
2268 1682 2552 1759 hystoria
2591 1684 2661 1744 in

249 1783 458 1843 lucem
514 1782 733 1842 efferre
785 1783 971 1859 atque
1025 1779 1495 1842 immortalitati
1549 1800 1904 1843 consecrare
1964 1780 2330 1858 institueris,
2388 1780 2662 1843 Roberte

246 1879 556 1957 Gaguine,
600 1879 965 1956 precipuum
1008 1878 1248 1939 Gallice
1298 1879 1609 1941 academie
1651 1880 1855 1955 (100110,
1901 1899 2032 1939 11011
2071 1898 2327 1955 possum
2368 1880 2662 1959 equidem

247 1979 447 2038 istum
474 1980 661 2037 tuum
687 1976 965 2037 laborem
999 1996 1128 2038 non
1160 1997 1536 2055 magnopere
1573 1978 1850 2056 probare.
1938 1978 2279 2054 Sumpsisti
2306 1979 2495 2055 enim,
2529 1979 2662 2042 imo
2688 2003 2716 2051 5

246 2076 463 2153 potius
501 2074 839 2153 suscepisti,
871 2096 1109 2136 munus
1146 2096 1284 2137 mea
1311 2076 1623 2136 sententia
1650 2075 2161 2154 pulcherrimum,
2196 2080 2259 2137 et
2292 2097 2437 2138 cum
2465 2080 2664 2140 omni·
2733 2070 2734 2073 ¹

249 2174 368 2233 bus
385 2172 758 2233 Latinarum
778 2172 1131 2234 litterarum
1152 2173 1453 2235 studiosis
1480 2173 1835 2235 incredibili
1852 2174 2162 2251 voluptati
2189 2175 2492 2252 futurum,
2519 2180 2662 2238 tum

249 2290 399 2330 vero
429 2268 636 2330 Gallie
666 2272 774 2330 tue
805 2271 1205 2349 splendidum
1232 2272 1565 2349 imprimis,
1600 2272 2008 2349 magnificum
2037 2292 2108 2333 ac
2134 2273 2229 2348 (vt
2256 2275 2349 2336 ita
2375 2275 2664 2355 dixerim)

249 2368 654 2447 triumphale,
688 2369 956 2448 denique
993 2372 1105 2430 tua
1137 2369 1436 2446 doctrina,
1469 2374 1581 2431 tua
1616 2371 1986 2449 eloquentia,
2017 2374 2129 2432 tua
2164 2371 2395 2448 pietate
2433 2375 2664 2454 dignis-

248 2468 507 2528 simum.
595 2467 810 2545 Neque
839 2468 1011 2528 enim
1032 2468 1162 2528 vlla
1188 2471 1250 2528 te
1278 2468 1399 2529 alia
1427 2487 1610 2529 causa
1630 2467 2157 2546 (quandoquidem
2185 2490 2385 2549 neque
2405 2475 2664 2549 questus
2696 2492 2757 2529 ιο

250 2587 451 2645 neque
485 2564 683 2643 glorie
711 2566 811 2627 vel
850 2566 1014 2627 leuis
1040 2586 1321 2645 vnquam
1356 2566 1474 2626 tibi
1511 2566 1725 2627 habita
1764 2567 1923 2627 ratio
1960 2568 2077 2643 est)
2112 2568 2190 2627 ad
2226 2567 2397 2629 istud
2425 2570 2667 2647 negocii

246 2664 701 2744 capessendum
748 2668 1156 2743 prouocatum
1198 2684 1331 2726 esse
1372 2664 1550 2725 facile
1595 2664 1964 2752 crediderim
2005 2684 2192 2745 quam
2242 2665 2549 2742 singulari
2595 2667 2666 2727 in

249 2765 521 2841 patriam
550 2764 778 2841 pietate
800 2789 817 2841 3
859 2785 1048 2844 quam
1067 2767 1133 2825 et
1159 2768 1232 2825 tu
1258 2766 1322 2824 et
1343 2764 1622 2842 optimus
1650 2764 1912 2843 quisque
1940 2784 2185 2841 semper
2204 2764 2351 2825 fecit
2379 2765 2661 2827 maximi.

251 2862 522 2924 Dolebat
572 2863 877 2925 nimirum
925 2863 1045 2923 tibi
1096 2861 1279 2941 (quod
1328 2882 1441 2940 ego
1490 2882 1734 2941 quoque
1785 2881 2032 2922 mecum
2081 2861 2401 2922 interdum
2447 2863 2668 2924 mirari

247 2961 442 3039 soleo)
471 2960 799 3022 Gallorum
827 2960 1053 3022 virtuti
1084 2960 1350 3038 gloriam
1378 2964 1513 3021 tam
1550 2960 1826 3038 maligne
1854 2960 2240 3038 respondere,
2272 2963 2336 3020 et
2369 2961 2480 3038 qui
2511 2960 2666 3021 olim
2695 2985 2753 3035 ¹5

250 3081 397 3121 cum
444 3059 631 3122 Italis
684 3058 867 3120 factis
914 3078 1058 3136 sepe
1105 3058 1557 3135 contenderint,
1611 3078 1783 3119 nunc
1836 3057 2027 3119 etiam
2082 3059 2508 3135 precesserint,
2558 3080 2667 3120 eos

247 3162 471 3219 tamen
510 3158 593 3218 ob
630 3157 918 3218 historici
956 3156 1285 3235 penuriam
1313 3156 1608 3234 opinione
1642 3176 1713 3217 ac
1740 3157 1911 3217 fama
1937 3160 2069 3216 tam
2105 3156 2292 3234 longo
2329 3157 2668 3219 interuallo

246 3257 568 3335 consequi.
655 3255 916 3317 Dabunt
956 3254 1109 3316 Itali
1146 3254 1343 3315 michi
1380 3254 1647 3330 veniam,
1691 3254 1747 3315 si
1788 3254 1972 3314 nobis
2007 3254 2176 3314 idem
2212 3254 2464 3315 videtur
2498 3257 2667 3334 quod

250 3356 661 3418 Franciscum
690 3353 1037 3415 Philelfum
1066 3352 1306 3413 Italum
1341 3355 1563 3413 natum
1600 3372 1732 3413 non
1774 3353 2001 3430 puduit
2037 3353 2240 3414 fateri.
2315 3353 2456 3415 Stat
2493 3354 2665 3416 enim

247 3456 427 3517 illius
476 3455 558 3515 ad
606 3453 917 3514 Karolum
962 3471 1192 3528 regem,
1246 3451 1439 3512 huius
1485 3450 1750 3528 (opinor)
1799 3470 2009 3525 auum,
2059 3450 2366 3528 epistola;
2426 3453 2494 3513 in
2542 3475 2667 3532 qua
2695 3477 2758 3513 20

249 3556 459 3631 preter
526 3552 761 3613 multas
824 3551 1056 3626 laudes,
1116 3550 1343 3630 quibus
1398 3548 1657 3610 Francie
1713 3569 1980 3627 regnum
2033 3550 2448 3626 prosequitur,
2503 3552 2667 3614 illud

249 3672 497 3731 quoque
526 3652 795 3730 ingenue
820 3649 1065 3722 fatetur,
1097 3649 1412 3709 Romanos
1444 3647 1699 3725 quidem
1730 3646 1882 3707 olim
1915 3647 2086 3724 pacis
2119 3646 2393 3725 bellique
2424 3648 2668 3710 artibus

248 3751 441 3829 longe
476 3749 765 3811 omnium
803 3747 1269 3826 amplissimum
1306 3746 1427 3807 sibi
1460 3745 1775 3824 peperisse
1808 3745 2187 3822 imperium;
2229 3749 2506 3822 preterea
2537 3767 2670 3808 11011

244 3849 512 3927 segnius
536 3845 825 3924 ingeniis,
858 3865 1048 3924 quam
1072 3845 1248 3922 prius
1275 3844 1549 3904 fecerant
1576 3844 1792 3917 armis,
1821 3863 1967 3905 cum
1992 3844 2207 3904 Grecis
2234 3844 2630 3906 contendisse
2652 3872 2667 3922 ;

247 3966 477 4007 verum
505 3945 835 4023 antiquam
866 3944 1046 4005 illam
1074 3943 1328 4020 imperii
1366 3942 1631 4020 gloriam
1659 3941 2043 4002 factionibus
2079 3962 2151 4003 ac
2186 3942 2419 4003 studiis
2452 3946 2669 4020 prauis
2695 3963 2752 4013 25

247 4043 318 4104 in
354 4044 638 4106 deterius
672 4042 1029 4120 prolapsam
1063 4061 1209 4102 0000.
1300 4040 1531 4102 Contra
1558 4060 1707 4101 vero
1739 4039 1997 4100 Francis
2034 4058 2298 4117 regnum
2332 4041 2670 4117 prudentia

247 4160 493 4220 regum,
541 4139 901 4218 principum
939 4140 1079 4218 fide,
1124 4138 1361 4201 ciuium
1402 4138 1742 4214 concordia,
1789 4157 2059 4216 eousque
2108 4139 2376 4200 creuisse
2417 4143 2489 4201 vt
2536 4141 2668 4204 iam

333 4313 448 4362 Trr.
475 4312 904 4361 Rmmnanxvs
923 4314 976 4367 β.
1153 4327 1224 4374 19,
1265 4312 1385 4360 Stat
1406 4329 1438 4358 α
1460 4328 1471 4359 :
1506 4310 1669 4360 Extat
1691 4312 1744 4365 β.
1911 4325 1992 4358 20.
2030 4309 2195 4358 huius
2218 4328 2250 4359 a
2272 4329 2284 4360 :
2319 4314 2493 4361 octaui
2521 4315 2561 4364 δ.

373 4528 487 4578 Trr.
505 4525 1409 4591 Rormu]TheformHe1-asmus
1578 4542 1657 4576 20.
1708 4525 1964 4591 epistola]
2004 4526 2119 4575 The
2156 4525 2262 4574 last
2308 4525 2367 4573 of
2405 4525 2505 4576 Bk.
2545 4528 2665 4586 viii,

252 4593 576 4643 Rotterdam
610 4607 833 4655 appears
864 4593 924 4639 in
954 4592 1102 4642 John
1128 4592 1188 4641 of
1213 4593 1409 4641 Naald-
1512 4592 1803 4641 addressed
1826 4596 2000 4641 Karolo
2031 4596 2127 4651 νοοῖ
2147 4595 2452 4640 Ρναποοταηι.
2521 4591 2666 4655 Only

250 4658 430 4722 wyk's
450 4659 640 4711 Dutch
657 4658 931 4708 chronicle
953 4660 1023 4723 (p.
1047 4659 1163 4723 128)
1184 4659 1244 4708 1'0.
1265 4674 1313 4709 2.
1514 4659 1610 4707 the
1633 4673 1788 4708 sense
1811 4657 1870 4709 of
1887 4658 1982 4708 the
2005 4659 2168 4706 letter
2189 4659 2237 4706 is
2260 4659 2421 4720 given
2443 4657 2586 4710 here.
