3355 5380
321 391 348 431 1
359 367 506 454 514]
968 374 1076 434 ΤΟ
1132 373 1616 435 SERVATIUS
1670 372 2071 435 ROGERUS
2603 377 2720 435 565

316 534 372 581 to
396 530 486 579 his
507 530 762 579 enemies.
829 527 944 577 The
967 529 1201 589 attempt
1224 541 1336 577 was
1357 527 1650 577 successful
1671 526 1784 577 and
1806 529 1834 575 δ
1854 527 2073 576 became
2097 527 2191 578 the
2221 527 2477 590 accepted
2498 530 2631 589 text,
2660 530 2723 580 in

313 596 498 645 which
521 595 618 645 the
640 595 805 644 letter
819 608 934 642 was
955 592 1176 656 printed
1197 593 1258 640 in
1282 607 1450 655 many
1467 593 1711 643 volumes
1732 592 2052 654 containing
2073 593 2320 642 material
2345 593 2428 642 for
2451 594 2722 643 Erasmus·

316 661 447 720 Πίος
481 675 569 711 see
592 658 754 709 mcx-,¹
821 659 876 708 It
898 658 946 707 is
968 658 1064 706 the
1085 660 1201 708 text
1223 657 1443 719 printed
1466 658 1528 708 in
1560 659 1655 708 the
1688 659 1927 721 prefaces
1955 658 2016 707 of
2032 658 2204 708 Lond.
2230 658 2339 707 and
2361 658 2468 709 LB.
2490 675 2502 719 ς
2536 658 2636 708 but
2659 661 2720 709 in

315 728 412 778 the
433 726 710 790 appendix
729 728 786 774 to
811 725 917 774 LB.
943 723 1161 775 Leclerc
1185 724 1421 786 reprints
1444 722 1518 784 7¹.
1575 787 1579 791 .

380 792 493 841 The
507 793 872 855 genuineness
889 790 949 838 of
966 789 1060 839 the
1084 789 1246 838 letter
1262 789 1361 838 has
1376 790 1687 838 sometimes
1704 790 1836 838 been
1856 788 2090 839 doubted
2108 804 2122 849 ς
2148 789 2247 837 but
2265 790 2310 838 it
2328 790 2375 838 is
2397 789 2725 852 sufficiently

314 857 727 907 authenticated
759 857 833 918 by
861 855 956 904 the
985 854 1260 904 reference
1291 856 1348 903 to
1381 853 1443 904 11.
1471 868 1629 917 153-7
1654 856 1716 905 in
1750 855 1943 919 Dorp's
1975 855 2141 904 letter
2175 855 2298 917 (Ep.
2333 856 2472 918 304),
2497 856 2721 904 written

314 923 530 986 shortly
550 921 883 981 afterwards,
905 921 1015 970 and
1044 921 1117 982 by
1140 919 1410 970 Erasmus'
1434 934 1558 970 own
1586 920 1851 970 allusione
1880 924 1938 970 to
1970 921 2017 969 it
2047 922 2108 970 in
2132 919 2237 970 LB.
2270 923 2412 982 1265,
2437 920 2621 969 where
2653 921 2722 970 he

314 990 518 1038 admits
540 1003 642 1037 one
664 1003 880 1051 passage
907 985 988 1049 (11.
1023 988 1210 1049 26-33)
1236 986 1348 1035 and
1384 985 1604 1035 demurs
1634 988 1692 1036 to
1723 986 1821 1035 the
1854 986 2121 1035 incorrect
2149 986 2378 1035 citation
2410 985 2471 1035 of
2492 987 2724 1035 another

317 1054 402 1115 (11.
429 1053 579 1117 75-7)
606 1071 620 1113 ;
653 1068 787 1102 even
812 1054 967 1115 spart
990 1052 1126 1101 from
1148 1048 1398 1115 Lypsius’
1418 1052 1851 1101 circumstantial
1873 1054 2121 1101 account.
2189 1051 2303 1100 The
2325 1051 2450 1100 date
2472 1052 2723 1115 assigned

315 1121 365 1169 is
385 1119 838 1182 unquentionable
861 1134 874 1178 ς
907 1118 975 1168 cf.
1000 1117 1100 1180 Ep.
1127 1130 1239 1179 295.

381 1186 453 1236 In
472 1199 840 1247 consequence
863 1182 922 1233 of
938 1183 1035 1231 the
1057 1182 1323 1245 diversity
1345 1182 1405 1231 of
1423 1183 1516 1232 the
1538 1198 1751 1232 sources
1773 1183 1869 1233 the
1893 1184 2028 1247 sigla
2051 1198 2141 1232 are
2162 1184 2323 1246 given
2350 1184 2409 1231 in
2433 1181 2582 1247 fult]

700 1313 1120 1362 REVEBENDO
1163 1313 1376 1361 PATRI
1423 1312 1768 1363 SEBVATIO
1812 1314 2130 1364 ERAsuvs
2174 1315 2230 1362 8.
2277 1314 2337 1360 Ρ.

397 1437 858 1498 Hmmssmr.
932 1437 1125 1513 pater,
1213 1434 1464 1496 litterae
1540 1437 1688 1495 tuae
1771 1454 1882 1513 per
1963 1434 2383 1513 plurimorum
2461 1436 2722 1497 iactatae

313 1553 542 1596 manus
568 1536 824 1596 tandem
857 1534 934 1594 ad
971 1552 1075 1593 me
1107 1553 1357 1610 quoque
1398 1536 1823 1611 peruenerunt
1857 1533 1987 1593 iam
2027 1533 2333 1611 Angliam
2371 1553 2719 1612 egressum3

316 1653 472 1712 quae
514 1634 675 1695 mihi
715 1652 866 1694 sane
905 1631 1301 1710 voluptatem
1350 1631 1784 1693 incredibilem
1830 1631 2194 1707 attulerunt,
2242 1632 2409 1709 quod
2450 1636 2725 1695 veterem

313 1731 501 1793 illum
562 1734 746 1792 tuum
802 1732 872 1791 in
932 1749 1035 1790 me
1092 1730 1379 1789 animum
1441 1729 1645 1790 adhuc
1716 1730 1979 1807 spirant.
2073 1729 2303 1790 Paucis
2361 1734 2574 1792 autem
2637 1751 2725 1793 ne·

315 1829 606 1907 spondeo,
653 1832 870 1907 vtpote
909 1847 986 1889 ex
1028 1827 1254 1888 itinere
1294 1827 1421 1889 iam
1459 1828 1755 1901 scribens,
1797 1830 1860 1889 et
1896 1827 1976 1888 ad
2015 1847 2088 1887 ea
2123 1827 2529 1906 potissimum
2566 1849 2723 1908 quae
2749 1857 2778 1907 5

314 1930 386 1987 tu
447 1927 674 1989 scribis
730 1928 809 1988 ad
866 1945 1004 1988 rem
1066 1926 1344 1986 maxime
1370 1926 1699 2005 pertinere.
1784 1926 1941 1987 Tam
2002 1927 2180 1987 varia
2234 1929 2332 1987 est
2390 1927 2723 1989 hominum

313 2026 640 2101 sententia,
688 2029 751 2087 et
792 2045 944 2086 suus
983 2024 1209 2103 cuique
1249 2024 1465 2084 auium
1507 2027 1745 2099 cantus,
1793 2027 1865 2085 vt
1915 2023 2214 2085 omnibus
2257 2024 2550 2086 satisfieri
2595 2046 2724 2088 non

311 2124 531 2203 possit.
620 2125 754 2202 Ego
810 2126 974 2184 certe
1029 2123 1149 2184 hoc
1206 2142 1349 2183 sum
1403 2123 1636 2199 anime,
1695 2126 1769 2183 vt
1821 2123 1986 2201 quod
2040 2124 2128 2183 sit
2181 2123 2351 2184 factu
2409 2124 2721 2201 optimum

312 2224 493 2301 sequi
532 2222 768 2297 velim3
830 2222 1014 2283 testis
1050 2225 1147 2282 est
1186 2221 1351 2282 mihi
1392 2222 1579 2283 Deus.
1670 2221 1836 2282 Nam
1877 2221 1932 2282 si
1974 2222 2126 2299 quid
2170 2221 2324 2282 olim
2362 2221 2727 2285 iuueniliter

312 2322 507 2397 sensi,
570 2321 636 2383 id
694 2320 928 2398 partim
988 2322 1176 2394 aetas,
1235 2319 1468 2397 partim
1518 2339 1734 2380 rerum
1788 2319 2058 2380 correxit
2111 2339 2281 2380 vsus.
2375 2320 2719 2400 Nunquam
2752 2350 2812 2385 10

311 2421 478 2481 mihi
517 2420 645 2481 fuit
684 2418 1016 2480 consilium
1057 2418 1161 2479 vel
1201 2418 1371 2479 vitae
1411 2438 1610 2495 genus
1648 2417 1754 2479 vel
1794 2417 2038 2480 cultum
2078 2421 2340 2494 mutare,
2384 2440 2513 2480 non
2556 2423 2721 2498 quod

311 2520 660 2597 probarem,
706 2519 814 2579 sed
857 2537 938 2577 ne
983 2516 1086 2577 cui
1133 2516 1424 2577 scandalo
1473 2536 1692 2579 essem.
1783 2518 1919 2577 Scis
1959 2517 2136 2577 enim
2179 2536 2283 2576 me
2326 2516 2404 2576 ad
2450 2517 2516 2577 id
2556 2518 2726 2578 vitae

313 2637 515 2697 genus
554 2620 834 2678 tutorum
877 2615 1217 2696 pertinacia
1255 2618 1319 2676 et
1362 2615 1632 2676 aliorum
1680 2615 1988 2694 improbis
2035 2614 2388 2676 hortatibus
2435 2615 2726 2677 adactum

314 2736 450 2777 esse
504 2717 705 2795 magis
757 2735 947 2796 quam
995 2715 1366 2790 inductum;
1435 2718 1575 2776 tum
1618 2714 1897 2776 Cornelii
1937 2713 2281 2775 Woerdeni
2323 2714 2615 2776 conuitiis
2662 2718 2727 2775 et

316 2815 554 2894 pudore
610 2814 880 2894 quodam
942 2812 1170 2892 puerili
1226 2812 1420 2874 fuisse
1477 2816 1812 2888 retentum,
1874 2833 2020 2873 cum
2077 2812 2500 2891 intelligerem
2558 2814 2724 2874 mihi
2754 2837 2812 2888 15

315 2913 437 2974 hoc
488 2913 658 2974 vitae
711 2932 910 2990 genus
963 2912 1451 2990 haudquaquam
1507 2915 1727 2989 aptum
1789 2930 1965 2985 esse;
2036 2931 2185 2972 nam
2249 2932 2377 2972 non
2432 2911 2727 2973 omnibus

319 3013 675 3088 congruunt
756 3010 982 3071 omnia.
1105 3009 1500 3070 Ieiuniorum
1582 3029 1830 3088 semper
1919 3009 2257 3087 impatiens
2339 3009 2448 3084 fui,
2537 3009 2725 3086 idque

317 3109 615 3188 peculiari
695 3109 963 3186 quadam
1032 3109 1304 3185 corporis
1373 3107 1630 3168 ratione.
1762 3107 1970 3168 Semel
2032 3108 2337 3169 excitatus
2402 3128 2437 3168 e
2502 3126 2725 3168 somno

319 3226 646 3286 nunquam
688 3207 866 3284 potui
906 3207 1371 3283 redormiscere,
1418 3207 1544 3267 nisi
1584 3209 1728 3285 post
1770 3206 1954 3268 horas
1994 3206 2250 3285 aliquot.
2339 3207 2442 3267 Ad
2483 3204 2726 3266 litteras

317 3303 571 3361 tantum
615 3300 972 3377 rapiebatur
1010 3300 1277 3376 animus,
1325 3320 1592 3379 quarum
1630 3300 1776 3360 istic
1817 3299 2032 3361 nullus
2070 3320 2241 3376 Vsus,
2285 3300 2437 3360 adeo
2477 3304 2548 3361 vt
2592 3318 2722 3359 non
2751 3322 2813 3357 20

319 3398 607 3459 dubitem
661 3398 816 3475 quin
873 3398 930 3458 si
978 3398 1046 3458 in
1094 3397 1361 3459 liberum
1414 3398 1667 3476 aliquod
1714 3398 1881 3458 vitae
1923 3416 2127 3475 genus
2169 3398 2544 3473 incidissem,
2598 3419 2725 3458 non

318 3494 526 3557 solum
555 3496 724 3555 inter
749 3494 998 3554 foelices
1023 3497 1434 3556 verumetiam
1461 3496 1629 3557 inter
1656 3495 1856 3557 bonos
1882 3497 2228 3573 potuissem
2256 3496 2586 3557 numerari.

401 3593 627 3670 Itaque
695 3611 839 3653 cum
907 3593 1327 3672 intelligerem
1396 3614 1500 3654 me
1577 3614 1975 3672 nequaquam
2045 3615 2180 3656 esse
2249 3594 2551 3656 idoneum
2616 3595 2724 3655 isti

385 3730 432 3765 2.
469 3729 746 3778 egressum
765 3716 871 3776 αβγ
894 3732 906 3762 :
940 3715 1239 3776 ingressum
1263 3717 1304 3763 δ.
1547 3730 1595 3777 3.
1630 3719 1876 3765 veterum
1899 3735 1945 3764 α.
2187 3734 2236 3778 4.
2274 3718 2565 3780 respondeo
2588 3720 2725 3781 «²372

321 3780 653 3843 respondebo
676 3782 717 3831 δ.
928 3794 974 3841 5.
1011 3781 1122 3829 iam
1144 3796 1232 3829 om.
1259 3783 1312 3835 β.
1528 3784 1576 3833 6.
1611 3783 1891 3844 pertinere
1912 3785 2019 3846 αβγ
2041 3799 2053 3831 :
2087 3785 2373 3846 pertinent
2395 3785 2436 3832 δ.
2592 3784 2725 3836 Tam

318 3848 453 3908 βγδε
488 3846 608 3895 Iam
633 3864 680 3896 α.
845 3847 996 3894 varia
1016 3847 1122 3908 αβγ
1144 3863 1156 3893 z
1190 3860 1331 3895 vana
1352 3847 1393 3895 δ.
1592 3848 1638 3896 8.
1676 3852 1823 3896 certe
1845 3849 1946 3910 βγδ
1967 3865 1979 3898 :
2019 3851 2165 3898 certo
2186 3866 2234 3898 α.
2402 3864 2478 3898 10.
2514 3849 2572 3899 id
2595 3850 2691 3910 α-γδ
2713 3867 2724 3896 :

320 3914 431 3960 iam
454 3915 507 3967 β.
703 3926 775 3961 11.
813 3911 955 3960 mihi
978 3928 1067 3960 om.
1092 3928 1175 3973 αγ.
1381 3926 1453 3959 12.
1490 3912 1547 3960 id
1570 3914 1666 3974 αγδ
1688 3928 1701 3959 :
1735 3912 1882 3962 istud
1907 3917 1959 3968 β.
2155 3929 2227 3975 13.
2264 3914 2571 3963 hortatibus
2593 3914 2688 3973 αγδ
2711 3931 2724 3964 :

318 3977 795 4028 adhortationibus
815 3983 868 4035 β.
1071 3991 1146 4037 14.
1180 3979 1299 4025 tum
1323 3978 1455 4037 βγδε
1492 3991 1617 4026 cum
1640 3994 1688 4026 α.
1962 3978 2256 4028 Woerdeni
2280 3980 2337 4027 δε
2371 3979 2722 4028 Werdemia:

319 4043 630 4099 Wordeniss
650 4061 661 4093 :
697 4042 984 4093 Vuertemi
1007 4058 1058 4103 γ.
1309 4043 1385 4092 18.
1422 4057 1451 4091 e
1473 4044 1499 4090 δ
1525 4059 1538 4090 :
1571 4056 1602 4090 a
1622 4045 1743 4105 αβγ.
1979 4061 2058 4094 20.
2095 4047 2311 4093 tantum
2335 4047 2430 4105 αγδ
2452 4062 2465 4092 :
2498 4046 2647 4093 enim
2670 4047 2722 4098 β.

318 4111 380 4157 vt
403 4126 492 4159 om.
507 4126 557 4171 γ.
693 4123 772 4158 21.
808 4108 943 4168 quin
966 4123 1055 4155 om.
1072 4108 1113 4157 δ.
1246 4107 1481 4157 liberum
1498 4108 1720 4171 aliquod
1734 4110 1823 4158 aa:
1851 4109 2083 4159 liberum
2102 4110 2312 4172 aliquot
2329 4113 2393 4164 B:
2427 4110 2656 4158 liberius
2672 4127 2723 4172 γ.

320 4189 398 4224 22.
435 4176 731 4238 potuissem
751 4191 787 4236 γ
811 4192 823 4222 :
857 4174 1125 4235 potuerim
1139 4174 1233 4228 βδε
1267 4176 1494 4236 potuero
1511 4191 1557 4224 α.

383 4297 433 4342 9.
470 4282 791 4332 iuueniliter
842 4282 925 4331 Cf.
949 4282 1008 4328 ii.
1035 4295 1115 4330 21.
1574 4282 1745 4344 Steyn
1763 4298 1807 4333 c.
1831 4297 1976 4345 1493.
2038 4282 2153 4332 'I'he
2169 4283 2353 4331 bearet
2370 4281 2431 4330 of
2447 4282 2542 4331 the
2560 4281 2724 4330 letter

393 4361 473 4406 14.
506 4347 796 4396 Woerdeni
863 4348 923 4397 of
953 4345 1241 4408 Woerden,
1278 4348 1337 4394 to
1377 4347 1471 4395 the
1574 4349 1623 4395 is
1643 4362 1674 4396 a
1699 4350 1906 4397 certain
1931 4349 2232 4404 Cornelius,
2249 4347 2374 4396 who
2397 4347 2508 4396 had
2531 4349 2665 4397 been
2689 4363 2719 4396 a

324 4411 386 4459 N.
413 4412 471 4460 of
488 4412 692 4464 Gouda,
763 4413 841 4463 Cf.
862 4413 919 4462 ii.
937 4413 998 4461 81
1026 4427 1136 4474 seq.
1158 4412 1268 4461 and
1294 4412 1467 4462 Lond.
1573 4412 1756 4462 friend
1794 4413 1854 4462 of
1889 4414 2136 4462 Her-man
2174 4417 2231 4462 at
2270 4414 2578 4472 Devente1·;
2611 4413 2721 4463 and

321 4475 467 4525 xxiv.
485 4490 533 4538 5,
552 4478 652 4527 LB.
670 4478 811 4542 App.
829 4494 946 4542 442,
959 4480 1138 4528 where
1156 4478 1228 4528 he
1246 4493 1472 4541 appears
1573 4481 1787 4541 against
1808 4479 1898 4529 his
1923 4494 2084 4529 name
2108 4478 2273 4528 Hand
2295 4479 2345 4528 A
2370 4480 2479 4542 (see
2501 4479 2637 4541 App.
2665 4480 2719 4540 9)

322 4556 383 4591 as
408 4542 421 4566 ‘
439 4542 750 4593 Cantelius.’
820 4545 926 4593 His
946 4559 1201 4608 presence
1218 4546 1275 4594 at
1298 4545 1472 4606 Steyn
1573 4545 1711 4594 adds
1741 4545 1801 4594 in
1832 4545 1928 4593 the
1960 4546 2190 4607 margin,
2216 4549 2231 4570 ⁸
2253 4545 2393 4593 Puto
2415 4544 2579 4593 fuisse
2604 4544 2726 4593 Cor-

322 4607 372 4655 is
407 4607 597 4656 shown
629 4609 701 4670 by
727 4624 759 4656 a
791 4610 954 4658 letter
983 4609 1122 4659 from
1148 4609 1292 4658 Wm.
1333 4610 1471 4659 Her·
1573 4610 1783 4659 nelium
1833 4606 2243 4673 Woerdenum’.
2338 4610 2554 4674 (Gouda
2610 4610 2720 4662 MS.

323 4687 456 4722 man
474 4675 530 4722 to
547 4673 829 4723 Cornelius
846 4675 1067 4739 Gerard,
1087 4677 1309 4726 written
1328 4676 1467 4725 from
1579 4691 1724 4737 1323,
1744 4674 1783 4726 f.
1810 4679 1912 4741 21).
