3355 5380
677 376 795 434 320
1364 366 1746 430 LETTERS
1805 364 1910 426 OF
1964 364 2365 427 ERASMUS
2878 360 3070 444 [1500

671 526 1065 603 sententiam,
1100 526 1373 587 maxime
1412 525 1602 586 Batto
1640 527 1713 584 vt
1753 522 1842 584 ita
1880 522 2146 583 facerem
2186 522 2517 594 hortante;
2573 540 2607 581 e
2647 520 2828 582 cuius
2872 520 3079 581 literis

585 649 646 703 75
672 625 939 703 oognoui
975 628 1207 702 quanta
1244 622 1637 685 humanitate
1672 621 1773 681 vir
1807 621 1916 682 ille
1952 640 2123 681 meas
2157 619 2373 681 literas
2409 621 2723 698 acceperit,
2756 620 2925 698 quod
2966 639 3079 697 ego

671 724 779 786 vix
815 743 1060 802 sperare
1086 721 1410 784 audebam.
1499 720 1665 781 Noui
1703 720 1875 780 enim
1913 738 2104 797 quam
2137 718 2302 779 nihil
2339 718 2610 780 habeant
2646 737 2787 778 mea
2823 718 3074 797 scripta,

675 843 786 885 cur
811 841 849 883 a
875 821 1125 900 magnis
1152 820 1306 882 viris
1333 820 1637 898 legantur.

757 921 852 981 De
880 920 1098 981 Disma
1126 918 1292 997 quod
1325 917 1566 996 scripsi,
1593 936 1822 995 quaeso
1863 919 1935 976 vt
1972 914 2148 976 omni
2185 917 2411 976 conatu
2448 914 2709 976 adiutes.
2798 914 3080 974 Omnino

674 1019 1077 1080 vehementer
1122 1018 1201 1078 ad
1248 1016 1423 1079 illius
1465 1014 1737 1076 salutem
1775 1013 2085 1093 pertinet3
2141 1017 2208 1075 et
2246 1013 2374 1075 nisi
2415 1013 2539 1087 fiet,
2576 1032 2796 1074 vereor
2837 1001 2923 1073 n'e
2965 1032 3079 1073 nos

588 1131 653 1182 80
675 1137 910 1192 omnes,
953 1135 1218 1195 puerum
1265 1118 1335 1176 in
1381 1113 1622 1193 primis,
1669 1132 1799 1174 non
1847 1112 2063 1173 fecisse
2105 1111 2434 1190 poeniteat.
2523 1109 2656 1171 Nos
2694 1110 2871 1172 enim
2918 1111 3081 1172 nihil

675 1214 1057 1293 ambiguum,
1077 1214 1187 1275 sed
1216 1213 1416 1275 oculis
1442 1212 1825 1290 deprehensa
1849 1209 2233 1289 scripsimus,
2252 1228 2454 1287 neque
2473 1208 2809 1287 quicquam
2839 1212 3083 1286 praeter

676 1313 812 1375 eius
838 1312 1104 1374 salutem
1141 1314 1490 1390 spectamus
1514 1333 1530 1385 ;
1570 1311 1634 1370 et
1668 1308 1827 1370 ille
1807 1328 1877 1368 in
1905 1308 2009 1370 his
2034 1312 2128 1369 est
2156 1308 2357 1383 annia,
2388 1308 2500 1386 qui
2531 1307 2832 1368 facillime
2859 1308 2967 1369 vel
3001 1308 3079 1368 ad

675 1431 993 1473 summam
1033 1411 1298 1489 gloriam
1333 1409 1434 1470 vel
1473 1410 1549 1470 ad
1580 1406 2044 1485 turpitudinem
2079 1411 2421 1468 extremam
2463 1406 2833 1478 flectantur3
2893 1426 3084 1484 quare

675 1509 1070 1588 vigilandum
1096 1512 1160 1569 et
1186 1507 1634 1569 maturandum
1662 1525 1899 1567 censeo.
1986 1505 2160 1566 Vale.

1449 1688 1595 1753 138.
1681 1686 1778 1752 To
1821 1685 2053 1751 JAMES
2099 1685 2312 1751 BATT.

752 1776 998 1847 Farrago
1020 1793 1076 1846 p.
1104 1790 1225 1845 243.
2539 1771 2795 1828 Orleans.

752 1863 812 1917 F.
839 1881 894 1933 p.
922 1864 1057 1933 366:
1095 1860 1234 1917 HN:
1271 1860 1443 1916 Lond.
1472 1859 1584 1914 viii.
1612 1874 1713 1929 49:
1751 1859 1862 1913 LB.
1892 1874 1977 1929 73.
2342 1875 2398 1916 11
2435 1858 2745 1917 December
2774 1858 3009 1932 (1500).

1435 1981 1883 2047 [contemporary
1905 1980 2041 2029 with
2066 1980 2168 2043 Ep.
2197 1994 2287 2043 137
2298 1980 2334 2045 .]

1349 2114 1667 2161 ERASMVS
1712 2112 1936 2161 ΒΔΤΊὈ
1980 2112 2101 2161 SVO
2147 2113 2196 2160 S.
2247 2113 2305 2161 P.
2355 2113 2420 2159 D.

766 2236 1058 2297 Saevum
1100 2236 1297 2296 exisse
1339 2235 1503 2296 mihi
1529 2234 1799 2309 videtur,
1830 2234 2204 2295 suauissime
2232 2234 2435 2308 Batte,
2470 2234 2636 2313 quod
2676 2234 2836 2295 nihil
2872 2235 2991 2297 aba
3026 2240 3086 2296 te

687 2333 1006 2409 redditur;
1046 2337 1110 2394 et
1148 2335 1268 2394 hoc
1307 2334 1441 2393 solo
1484 2333 1740 2394 nomine
1780 2352 1985 2393 arcem
2026 2332 2218 2392 istam
2259 2331 2424 2393 male
2464 2331 2585 2408 odi,
2629 2332 2795 2411 quod
2836 2354 3089 2412 perraro

686 2439 1021 2493 occurrunt
1057 2432 1167 2510 qui
1199 2435 1309 2492 aut
1343 2431 1530 2492 istinc
1563 2430 1640 2492 ad
1680 2450 1795 2492 nos
1820 2432 1930 2491 aut
1959 2430 2104 2491 hinc
2133 2431 2212 2491 ad
2241 2450 2355 2491 vos
2381 2435 2748 2492 commeent.
2824 2432 3003 2507 Quod
3034 2433 3088 2492 si

685 2529 953 2591 Louanii
992 2533 1101 2591 aut
1142 2530 1209 2590 in
1252 2529 1541 2592 Selandia
1581 2548 1806 2607 ageres,
1835 2528 2083 2589 assidua
2115 2528 2547 2590 vicissitudine
2584 2529 2913 2591 literarum
2956 2551 3092 2592 nos-

631 2653 660 2704 5
687 2632 858 2689 trum
876 2628 1647 2707 desyderiumleuaremus,
1714 2627 2107 2688 Ludouicum
2121 2647 2385 2706 puerum
2401 2627 2718 2705 quondam
2739 2648 3092 2690 meumvna

688 2729 846 2789 meis
871 2748 1018 2790 cum
1043 2727 1246 2789 literis
1273 2727 1350 2788 ad
1380 2731 1442 2788 te
1471 2727 1619 2788 misi
1642 2749 1657 2800 ;
1698 2727 1771 2803 is,
1806 2727 2104 2805 quoniam
2132 2746 2259 2786 non
2291 2726 2645 2803 reuertitur,
2677 2730 2785 2788 aut
2813 2726 3090 2790 haesisse

688 2827 829 2888 istic
870 2828 981 2887 aut
1019 2826 1140 2886 alio
1181 2845 1248 2887 se
1289 2824 1668 2886 conuertisse
1707 2824 1977 2885 videtur.
2035 2823 2188 2886 Sed
2231 2824 2528 2902 quoniam
2571 2844 2772 2903 neque
2811 2824 2950 2904 ipse
2992 2847 3092 2887 me

690 2924 974 2986 volebam
1005 2923 1287 3002 hyberno
1310 2923 1523 2983 itineri
1550 2923 1957 2997 committere,
1990 2926 2132 2982 tum
2158 2922 2509 2984 valetudini
2534 2941 2809 3001 parcens,
2846 2927 2990 2985 tum
3017 2945 3093 2986 ne

690 3022 1116 3101 componendi·
1148 3021 1443 3097 laborem,
1494 3020 1561 3081 in
1606 3040 1730 3098 quo
1778 3039 1925 3081 sum
1974 3023 2163 3094 totus,
2211 3020 2416 3080 denuo
2470 3021 2981 3095 intermitterem,
3033 3026 3094 3084 et

609 3144 668 3181 10
692 3141 792 3182 res
818 3120 1255 3182 vehementius
1296 3119 1588 3197 opinione
1629 3119 1969 3197 premebat,
2003 3118 2170 3179 hunc
2210 3120 2401 3179 etiam
2445 3119 2728 3180 mercede
2768 3120 2920 3181 data
2957 3142 3094 3183 con-

694 3217 1008 3279 duximus.

773 3316 937 3391 Quid
958 3318 1170 3375 autem
1179 3314 1387 3388 velim,
1400 3314 1614 3392 paucis
1632 3333 1957 3392 exponam.
1996 3314 2402 3391 Augustinus
2420 3314 2691 3376 Parisios
2706 3319 3088 3396 remigrauit,

693 3414 933 3475 amicus
966 3432 1050 3474 an
1082 3412 1381 3473 inimicus
1410 3410 1734 3473 hauddum
1770 3411 1963 3472 etiam
2005 3411 2399 3490 exploratum
2433 3413 2622 3489 satis3
2664 3434 2868 3492 neque
2902 3417 3097 3477 fronti

696 3530 894 3588 neque
919 3510 1128 3571 verbis
1167 3510 1323 3571 satis
1361 3512 1500 3571 tuto
1539 3509 1828 3570 creditur.
1914 3510 2150 3571 Verum
2191 3529 2324 3570 non
2362 3510 2629 3588 pessime
2665 3530 2888 3590 spero;
2928 3515 3096 3576 malo

613 3631 670 3684 15
694 3608 867 3669 enim
905 3607 1022 3668 hac
1061 3608 1130 3668 in
1171 3627 1238 3667 re
1279 3606 1604 3669 candidior
1637 3607 1841 3668 videri
1877 3627 2064 3686 quam
2104 3608 2573 3687 suspiciosulus.
2654 3609 2816 3670 Mihi
2849 3632 3099 3691 quoque

696 3705 1030 3784 remigrare
1073 3725 1204 3766 non
1249 3706 1458 3766 solum
1515 3706 2112 3782 commodissimum,
2161 3707 2578 3769 verumetiam
2634 3711 3098 3787 necessarium;

697 3806 836 3865 tum
878 3806 952 3864 vt
998 3802 1164 3882 quod
1220 3802 1472 3865 Graecis
1524 3803 1593 3864 in
1648 3803 1849 3866 literis
1900 3803 2149 3865 institui
2189 3824 2461 3883 pergam,
2506 3808 2648 3866 tum
2689 3808 2762 3867 vt
2816 3827 2976 3885 quae
3030 3809 3100 3871 in

699 3901 992 3962 manibus
1031 3904 1181 3962 sunt
1221 3901 1560 3963 absoluam.
1649 3902 1817 3963 Sunt
1857 3905 1922 3963 et
1959 3902 2118 3963 aliae
2158 3922 2379 3964 causae
2412 3922 2563 3981 quas
2598 3902 2904 3982 epistolae
2940 3927 3100 3969 com-

698 3999 947 4060 mittere
986 3997 1177 4075 nolui,
1207 4002 1271 4060 et
1299 4018 1533 4060 vacuus
1569 4019 1772 4078 neque
1811 4000 1916 4061 hic
1958 4001 2173 4062 sedere
2212 4019 2466 4079 possum
2507 4020 2711 4081 neque
2749 4001 2943 4077 abire,
2975 4006 3100 4068 nisi

616 4120 677 4158 σο
699 4099 857 4158 forte
892 4099 967 4157 tu
998 4098 1181 4157 auter
1216 4096 1340 4157 eris
1366 4101 1439 4158 vt
1465 4100 1607 4175 post
1633 4102 1765 4158 tam
1799 4097 2095 4176 capitales
2132 4098 2275 4175 iras,
2307 4103 2496 4177 atque
2530 4100 2684 4161 adeo
2709 4099 2880 4163 rixas
2906 4104 3101 4166 etiam

699 4195 1137 4271 amarulentas,
1157 4193 1421 4273 supplex
1440 4195 1606 4256 vltro
1631 4195 1711 4256 ad
1732 4196 2168 4274 Augustinum
2188 4197 2450 4273 redeam,
2474 4196 2713 4258 scilicet
2733 4217 2837 4259 me
2857 4200 3100 4264 victum

700 4293 985 4356 indicans
1025 4296 1089 4354 et
1122 4293 1278 4354 ferre
1313 4312 1443 4354 non
1480 4312 1675 4370 posse,
1711 4297 1782 4354 vt
1818 4293 1926 4354 ille
1968 4315 2071 4356 me
2107 4315 2221 4356 suo
2257 4315 2429 4356 more
2465 4295 2736 4357 deludat.
2824 4297 3005 4373 Quod
3045 4301 3102 4362 si

701 4392 914 4454 animo
946 4390 1070 4453 sim
1095 4390 1446 4469 vsqueadeo
1479 4390 1751 4453 demisso
1788 4396 1859 4452 vt
1893 4390 2016 4453 ista
2053 4393 2293 4472 perpeti
2325 4413 2568 4472 queam,
2601 4393 2666 4453 id
2702 4398 2799 4456 est
2828 4400 2899 4458 vt
2936 4398 3102 4461 nihil

838 4538 916 4585 74.
955 4527 1039 4574 H:
1073 4522 1152 4572 ita
1173 4523 1235 4571 vt
1258 4525 1317 4572 Ε.
1551 4523 1637 4574 82.
1671 4523 1754 4572 vel
1777 4526 1892 4572 add.
1916 4525 1974 4574 F.
2232 4524 2345 4574 138.
2362 4538 2411 4573 2.
2447 4524 2588 4573 male
2612 4528 2685 4573 P:
2717 4525 2885 4574 vilem
2908 4531 2968 4576 E.

774 4671 857 4719 75.
891 4655 1102 4720 literas]
1136 4655 1214 4706 cf.
1238 4654 1336 4719 Ep.
1365 4668 1479 4718 130.
1509 4669 1620 4716 105.
1953 4657 2070 4707 138.
2092 4669 2166 4717 15.
2202 4655 2509 4720 candidior]
2547 4656 2628 4706 cf.
2654 4656 2750 4719 Ep.
2780 4658 3103 4721 1361utr0d.
