3355 5380
631 404 746 460 116
1349 395 1730 458 LETTERS
1784 394 1892 456 OF
1943 392 2345 455 ERASMUS
2838 383 3030 470 [1489

1249 552 1409 619 ²³2⁷.
1499 550 1595 617 To
1643 549 2042 616 cosumus
2088 547 2403 614 stxnn.

695 676 808 734 LB.
835 677 980 748 App.
1007 691 1129 745 414.
2612 629 2882 704 (stem)

805 862 1120 912 Essasuvs
1166 860 1316 908 RO'r.
1362 859 1708 908 CORNELIO
1753 857 2078 907 GOVDANO
2125 856 2291 905 VIRO
2338 853 2746 903 DOCTISSIMO
2791 855 2843 903 S.

708 985 1081 1061 Qvaxqvu,
1127 980 1219 1042 mi
1261 979 1522 1054 Corneli,
1555 979 1618 1040 id
1666 978 1965 1041 orationis
1998 997 2197 1055 genus
2241 976 2404 1055 quod
2445 976 2513 1036 in
2555 976 2849 1036 conflictu
2889 995 3030 1035 con·

625 1083 1031 1160 tentioneque
1096 1081 1396 1153 versatur,
1448 1077 1724 1138 fructum
1784 1077 2007 1138 habeat
2073 1076 2625 1154 quamplurimum,
2684 1073 3037 1151 voluptatis

625 1202 866 1260 quoque
935 1176 1247 1254 nonnihil,
1309 1180 1527 1237 tamen
1585 1178 1661 1236 vt
1723 1195 1941 1235 verum
2007 1174 2216 1249 fatear,
2276 1173 2434 1233 illud
2497 1171 2658 1252 quod
2723 1170 3034 1231 familiare

625 1278 958 1357 appellant,
1005 1276 1210 1337 multo
1259 1295 1363 1335 me
1412 1273 1679 1335 delectat
1724 1272 2208 1339 vehementiusz
2276 1272 2392 1333 hoc
2435 1271 2606 1331 enim
2655 1270 2795 1331 lene
2848 1271 3036 1347 atque

572 1400 600 1449 5
626 1374 1054 1453 tranquillum,
1101 1372 1259 1433 illud
1302 1372 1487 1449 paulo
1529 1370 1972 1444 turbulentius,
2020 1371 2139 1433 hoc
2179 1390 2472 1432 securum
2512 1372 2697 1447 atque
2736 1367 3026 1441 amicum,

625 1473 783 1534 illud
826 1471 1105 1534 inuidiae
1150 1489 1334 1548 saepe
1386 1469 1766 1546 proximum.
1870 1468 2033 1529 Nam
2081 1469 2140 1529 si
2185 1468 2263 1529 de
2312 1468 2657 1529 celebribus
2702 1469 2810 1527 aut
2866 1469 3040 1526 certe

624 1571 975 1632 nominatis
1024 1568 1181 1629 viris
1234 1567 1509 1628 iudicare
1567 1586 1808 1645 pergas,
1867 1566 1935 1627 in
1996 1587 2302 1646 quamque
2354 1568 2598 1645 partem
2651 1565 3035 1626 sententiam

625 1669 887 1743 flexeris,
959 1687 1206 1746 semper
1271 1668 1459 1726 erunt
1526 1664 1621 1741 (vt
1692 1685 1806 1725 sua
1881 1666 2100 1743 cuique
2178 1664 2485 1725 sententia
2552 1664 2669 1741 est)
2736 1663 2845 1742 qui
2912 1662 3038 1723 tibi

626 1768 1049 1841 succenseant,
1101 1764 1209 1843 qui
1255 1762 1602 1836 inuideant,
1654 1763 1765 1841 qui
1817 1762 2103 1824 lacerent.
2191 1762 2449 1836 Verum,
2500 1761 2593 1822 mi
2640 1761 2905 1834 Corneli,
2953 1780 3042 1820 ne

542 1890 601 1928 10
625 1863 745 1924 tibi
783 1862 980 1922 nimis
1021 1861 1377 1939 morigerus,
1424 1879 1505 1921 ne
1545 1860 1750 1921 dicam
1792 1863 2130 1921 contumax
2170 1865 2353 1939 atque
2391 1861 2769 1935 fastidiosus,
2804 1859 3034 1933 videar,

628 1961 684 2022 si
731 1960 1031 2038 epistolae
1086 1961 1228 2019 tuae
1284 1958 1650 2036 respondere
1706 1959 2194 2033 dissimulauero,
2256 1978 2462 2020 meam
2517 1959 2592 2020 de
2641 1958 3040 2034 Hieronymo

624 2058 826 2121 Balbo
867 2057 1245 2119 sententiam
1282 2057 1494 2135 paucis
1533 2056 1755 2132 accipe.

709 2157 1001 2218 Primum
1031 2155 1319 2217 omnium
1354 2175 1455 2215 me
1494 2154 1760 2215 minime
1787 2154 2085 2216 idoneum
2113 2157 2348 2217 duxero
2375 2156 2484 2235 qui
2511 2155 2586 2217 de
2613 2156 3035 2218 litteratorum

627 2255 910 2317 virorum
946 2253 1342 2334 poematibus
1383 2252 1763 2313 sententiam
1803 2252 2016 2314 feram.
2104 2253 2267 2314 Nam
2299 2252 2823 2332 quemadmodum
2852 2273 3040 2314 nemo

542 2377 601 2429 ¹5
627 2354 704 2415 de
746 2354 1070 2428 caelatura,
1116 2352 1356 2431 pictura
1394 2350 1770 2429 caeterisque
1809 2350 1945 2412 eius
1988 2353 2232 2429 generis
2279 2353 2544 2414 iudicare
2591 2353 2755 2411 recte
2806 2352 3029 2428 potest,

625 2451 755 2512 nisi
808 2455 873 2512 et
926 2449 1061 2529 ipse
1112 2469 1328 2510 earum
1381 2468 1590 2509 rerum
1638 2449 1913 2510 maxime
1966 2449 2052 2511 sit
2117 2450 2359 2526 artifex,
2416 2452 2508 2511 ita
2582 2449 2734 2511 cedo
2786 2449 2898 2527 qui
2961 2449 3041 2509 de

626 2548 1015 2628 poematibus
1060 2548 1331 2609 iudicare
1377 2547 1606 2626 poterit
1653 2545 1978 2626 quispiam,
2030 2551 2274 2609 rectene
2327 2549 2581 2611 condita
2636 2548 2766 2610 sint
2820 2567 3033 2622 necne,

628 2647 739 2727 qui
778 2648 935 2710 artis
982 2646 1276 2709 notitiam
1322 2646 1435 2707 aut
1480 2646 1753 2708 tenuiter
1797 2649 1908 2708 aut
1954 2646 2217 2708 minime
2271 2646 2477 2711 habet.
2561 2647 2804 2710 Deinde
2850 2666 3039 2727 quam

628 2746 698 2808 in
740 2748 954 2809 eadem
994 2748 1257 2823 vterque
1298 2745 1499 2806 simus
1539 2745 1868 2821 sententia,
1900 2746 2188 2807 attendas
2224 2746 2435 2808 velim.
2525 2745 2760 2808 Scribis
2799 2747 3038 2825 poesim

546 2870 605 2907 ιο
631 2842 949 2906 fictionem
989 2863 1210 2905 sonare
1237 2844 1473 2918 Latine,
1507 2842 1946 2921 neminemque
1985 2847 2205 2922 poetae
2237 2845 2422 2906 titulo
2464 2845 2745 2924 dignum,
2781 2845 2904 2906 nisi
2930 2845 3041 2922 qui

629 2941 748 3002 sub
788 2943 1112 3020 peregrina
1152 2942 1418 3020 quadam
1461 2941 1795 3002 verborum
1834 2943 2035 3020 specie
2074 2943 2380 3021 grauioris
2417 2944 2654 3021 aliquid
2697 2945 3047 3006 sententiae

632 3039 902 3100 occultet
933 3043 1118 3118 atque
1149 3039 1458 3100 recondat.
1545 3038 1791 3118 Hisque
1828 3058 1905 3099 ex
1947 3040 2241 3102 omnibus
2275 3041 2517 3120 colligis
2560 3044 2860 3103 meritum
2907 3062 3044 3103 esse

632 3134 1099 3214 Hieronymum
1134 3136 1405 3198 Balbum
1453 3135 1561 3215 qui
1603 3137 1900 3198 omnibus
1937 3138 2128 3201 huius
2166 3139 2360 3200 seculi
2398 3140 2600 3218 poetis
2638 3141 3038 3202 anteferatur.

631 3232 752 3293 Sed
783 3233 934 3312 quid
950 3236 985 3294 ἱ)
1067 3233 1237 3294 Num
1265 3233 1372 3312 qui
1398 3237 1614 3311 poetae
1650 3254 1882 3295 nomen
1911 3236 2222 3313 meruerit,
2254 3236 2389 3297 isne
2428 3237 2722 3300 continuo
2763 3239 3051 3300 eruditus

547 3355 606 3406 ²5
633 3333 814 3408 poeta
840 3333 1047 3392 vocari
1072 3331 1468 3393 merebitur?
1551 3331 1742 3407 Quasi
1769 3352 1913 3394 vero
1951 3354 2080 3396 non
2114 3338 2178 3397 et
2214 3335 2313 3396 illi
2347 3339 2563 3414 poetae
2603 3337 2759 3398 dicti
2793 3337 2926 3398 sint
2966 3338 3047 3398 de

633 3428 858 3508 quibus
884 3429 1078 3490 facete
1111 3430 1282 3490 canit
1309 3428 1624 3507 Virgilius,

963 3527 1086 3603 Qui
1127 3527 1399 3588 Bauium
1441 3547 1569 3587 non
1611 3527 1760 3605 odit,
1807 3533 1973 3591 amet
2015 3534 2124 3592 tua
2166 3533 2455 3608 carmina,
2505 3532 2726 3594 Maeui.

636 3624 716 3687 Id
752 3625 1016 3686 interest
1054 3625 1223 3686 inter
1261 3628 1508 3703 poetam
1550 3628 1617 3688 et
1659 3627 1914 3689 doctum
1943 3632 2192 3707 poetam
2236 3631 2402 3710 quod
2439 3631 2603 3692 inter
2641 3632 2950 3710 picturam
2983 3634 3052 3692 et

636 3723 950 3802 picturam
981 3722 1379 3785 artificiosam
1408 3745 1424 3799 ;
1466 3727 1650 3802 atque
1679 3729 1751 3787 vt
1778 3727 1981 3788 multa
2015 3728 2296 3806 picturae
2321 3731 2616 3790 accedant
2647 3749 2896 3790 necesse
2931 3734 3044 3805 est,

549 3846 611 3896 30
637 3842 762 3900 quo
803 3820 1064 3900 pulchra
1102 3821 1312 3882 vocari
1359 3822 1573 3901 possit,
1621 3828 1774 3903 puta
1817 3825 2093 3886 colorum
2139 3828 2410 3905 gratiam
2456 3846 2789 3905 earumque
2832 3828 3053 3889 distin-

637 3920 911 3980 ctionem
964 3918 1379 3994 artificiosam,
1441 3921 1718 3998 partium
1785 3924 2271 4002 proportionem,
2343 3925 2602 3986 artificis
2669 3925 3050 3987 industriam

638 4038 1048 4097 operamque;
1109 4020 1198 4079 sio
1265 4039 1511 4099 quoque
1564 4019 1635 4080 in
1690 4021 2084 4099 poematibus
2146 4023 2490 4085 condendis
2541 4043 2728 4102 quam
2772 4024 3055 4103 plurima

636 4116 957 4178 obseruari
1000 4135 1249 4178 necesse
1292 4120 1402 4193 est,
1443 4121 1514 4179 vt
1555 4117 1808 4180 laudem
1852 4123 2227 4181 mereantur.
2316 4121 2671 4184 Necessaria
2718 4121 2786 4181 in
2827 4122 3057 4198 primis

638 4215 1040 4276 accommoda
1079 4234 1289 4276 rerum
1332 4215 1637 4290 inuentio,
1673 4217 2010 4279 artificiosa
2049 4217 2391 4297 dispositio,
2423 4218 2686 4280 elocutio
2727 4219 3050 4290 concinna,

552 4332 611 4383 35
641 4313 943 4375 memoria
968 4315 1174 4390 tenax,
1208 4312 1432 4374 deinde
1462 4314 1738 4376 colorum
1779 4335 2024 4395 quoque
2050 4315 2349 4394 splendor
2374 4317 2622 4378 accedat
2658 4335 2907 4377 neeesse
2934 4320 3052 4376 est.

640 4412 971 4473 Praeterea
1010 4411 1359 4472 cauendum
1389 4432 1761 4491 magnopere
1799 4415 1896 4474 est
1931 4434 2012 4475 ne
2046 4414 2390 4493 figurarum
2430 4415 2732 4478 orationis
2764 4413 2874 4477 fiat
2918 4435 3055 4476 con·

641 4509 820 4585 fusio,
868 4527 951 4569 ne
996 4508 1191 4569 nimis
1230 4509 1472 4585 prolixi,
1519 4529 1599 4570 ne
1635 4509 1884 4572 obscuri
1925 4512 2126 4573 simus
2175 4513 2466 4575 nimium.
2551 4512 2657 4576 Ad
2697 4517 3056 4574 extremum

645 4646 725 4695 29.
755 4631 1101 4681 artificiosam
1118 4634 1318 4690 scripsi:
1342 4631 1606 4683 artificem
1623 4637 1720 4683 LB.
1761 4648 1846 4695 30.
1862 4637 2041 4697 posset
2054 4637 2151 4684 LB.
2201 4650 2282 4698 32.
2302 4649 2516 4699 quoque
2530 4640 2704 4696 κῆρα·
2724 4653 2736 4685 =
2756 4650 2930 4698 -que
2952 4640 3050 4684 ΕΒ.

844 4795 919 4843 19.
958 4781 1182 4848 Scribis]
1211 4781 1307 4845 Ep.
1333 4794 1411 4843 25.
1442 4796 1501 4843 14
1525 4796 1637 4846 seq.
2101 4786 2182 4834 26.
2219 4783 2510 4850 Virgilius]
2533 4789 2631 4836 Ed.
2657 4800 2703 4847 3.
2729 4800 2812 4848 90.
