3355 5380
261 407 264 408 f
292 330 494 451 1499]'
1108 369 1217 430 'ro
1272 368 1504 430 JOHN
1559 368 1864 429 snrrm
2572 372 2691 427 263

257 567 260 568 ν
363 524 586 587 Habes
624 544 854 600 meum,
902 524 1261 586 doctissime
1302 525 1578 599 Sixtine,
1597 525 1677 586 de
1716 526 1879 586 meis
1915 525 2203 586 versibus
2242 523 2589 599 iudicium3
2629 525 2697 585 in

278 646 407 705 quo
454 627 842 703 quantopere
886 625 996 685 abs
1043 626 1108 684 te
1156 624 1473 699 dissentio,
1523 627 1851 703 tantopere
1897 626 2081 685 tuum
2133 626 2205 685 in
2260 644 2363 685 me
2416 624 2699 685 studium

276 722 643 800 amplector,
685 725 760 783 vt
802 721 1100 800 quicquid
1151 722 1229 782 de
1267 742 1418 783 vero
1456 722 1648 784 fuerit
1689 722 2057 797 detractum,
2099 722 2166 782 id
2208 720 2439 782 amoris
2485 720 2556 781 in
2596 740 2701 781 me

279 822 380 882 tui
410 819 664 881 cumulo
688 824 1009 881 accrescat.
1098 820 1354 880 Etenim
1383 841 1507 898 quo
1533 821 1746 882 minus
1780 841 2045 897 agnosco
2074 840 2230 897 quae
2257 819 2421 880 mihi
2447 819 2694 893 tribuis,
2722 827 2787 891 ⁶5

278 940 359 980 eo
405 939 508 980 me
551 919 754 996 magis
799 938 971 981 ames
1015 938 1268 979 necesse
1315 922 1430 980 est.
1497 919 1720 993 'Quare
1769 918 2223 980 iucundissima
2272 937 2527 995 prorsus
2572 918 2698 979 fuit

246 1019 264 1035 ⁶
280 1017 365 1079 ab
407 1016 664 1078 homine
719 1019 861 1077 tum
908 1017 1341 1078 amantissimo
1395 1020 1538 1077 tum
1590 1017 1994 1095 integerrimo
2050 1018 2328 1096 profecta
2382 1016 2698 1092 laudatio;

282 1135 446 1193 quae
480 1115 536 1177 si
567 1135 719 1177 vera
754 1115 894 1189 fuit,
928 1136 1041 1193 pro
1075 1116 1459 1190 testimonie,
1493 1115 1595 1177 sin
1632 1115 1807 1191 falsa,
1840 1136 1955 1194 pro
1989 1116 2291 1176 beneficio
2327 1115 2541 1177 debeo.
2630 1115 2699 1177 Is

286 1213 461 1273 enim
486 1213 741 1273 demum
769 1212 1140 1273 beneficium
1168 1214 1414 1291 accipit,
1444 1214 1552 1291 qui
1579 1215 1718 1275 sine
1745 1234 1928 1276 causa
1951 1214 2261 1276 laudatur.
2336 1213 2502 1275 Nam
2530 1213 2698 1292 quod

286 1311 555 1372 merenti
581 1311 788 1385 datur,
815 1311 916 1371 ius
943 1313 1056 1384 est,
1088 1331 1218 1372 non
1245 1311 1638 1373 beneficium.
1730 1312 2105 1390 Quanquam
2139 1332 2255 1390 ego
2282 1315 2461 1373 tuam
2489 1313 2568 1373 de
2595 1332 2700 1373 me
2727 1328 2789 1382 70

282 1410 810 1488 praedicationem
835 1408 1226 1470 verissimam
1266 1430 1402 1471 esse
1444 1410 1754 1488 percupio,
1784 1412 1894 1471 aut
1935 1411 2025 1471 ita
2064 1415 2232 1471 certe
2271 1411 2435 1472 mihi
2460 1410 2699 1487 videri;

280 1509 363 1570 de
404 1528 529 1587 qua
569 1510 822 1568 tantum
863 1507 1028 1569 mihi
1067 1507 1360 1569 blandior
1398 1512 1470 1569 vt
1510 1509 1703 1569 homo
1743 1510 1820 1569 ad
1857 1508 2090 1569 vitium
2132 1528 2330 1586 vsque
2370 1507 2701 1585 putidulus

281 1607 409 1666 iam
448 1606 905 1684 propemodum
943 1605 1104 1666 mihi
1140 1606 1387 1683 placere
1423 1607 1751 1685 coeperim,
1792 1608 1960 1684 quod
1998 1606 2130 1681 tibi,
2166 1607 2286 1667 hoc
2320 1609 2417 1668 est
2453 1607 2693 1683 Roscio,

283 1705 669 1784 placuerim3
711 1705 814 1765 cui
851 1704 907 1765 si
943 1705 1088 1782 quis
1124 1704 1453 1766 fastidium
1489 1725 1621 1766 non
1657 1705 1948 1780 mouerit,
1990 1705 2045 1765 is
2089 1724 2223 1764 non
2260 1705 2328 1765 in
2360 1704 2700 1782 postremis

283 1803 476 1864 fuerit
503 1803 945 1864 numerandus.
1018 1804 1322 1882 Nitorque
1346 1804 1500 1866 adeo
1525 1803 1691 1865 mihi
1708 1804 1984 1880 captioso
2009 1804 2202 1864 etiam
2227 1803 2700 1881 enthymemate
2727 1813 2789 1867 75

281 1902 626 1980 imponere.
713 1901 878 1977 Quid
906 1905 1020 1977 est,
1047 1902 1326 1979 inquam,
1359 1922 1473 1962 cur
1500 1903 1905 1980 temetipsum
1936 1901 2207 1977 abiicias‚
2234 1921 2431 1979 quum
2448 1897 2699 1963 Sixtino

284 1999 555 2061 videaris
602 2019 740 2060 esse
783 1999 1022 2076 aliquid
1041 2001 1075 2060 ⁴?
1131 2001 1202 2061 Is
1247 2001 1550 2078 quoniam
1596 2004 1661 2061 te
1710 2001 1997 2077 miratur,
2046 2004 2155 2062 aut
2201 2001 2547 2061 mentiatur
2586 2004 2699 2062 aut

283 2101 447 2160 erret
495 2118 748 2160 necesse
789 2101 904 2159 est.
986 2099 1187 2177 Atqui
1237 2120 1363 2160 non
1414 2099 1723 2161 mentitur
1766 2099 1957 2160 homo
2000 2098 2524 2176 simplicissimus,
2568 2119 2697 2160 non

264 2202 450 2260 'errat
478 2197 899 2273 doctissimus,
933 2198 1104 2259 idem
1132 2198 1346 2259 iudicii
1373 2198 1473 2259 vir
1508 2197 1816 2259 acerrimi.
1909 2198 2032 2260 Sed
2061 2200 2247 2272 amat,
2277 2199 2342 2259 et
2376 2198 2700 2259 cecutiunt

280 2298 586 2356 amantes.
685 2296 898 2370 Amat,
961 2296 1071 2357 sed
1133 2296 1280 2374 quia
1337 2298 1673 2375 perspexit.
1775 2295 1941 2372 Quid
1993 2295 2166 2356 enim
2231 2296 2300 2357 in
2363 2316 2466 2357 me
2527 2298 2698 2357 amat
2725 2300 2790 2348 80

284 2393 594 2468 Sixtinus,
625 2392 753 2454 nisi
790 2392 1053 2455 literas?
1113 2414 1267 2471 quas
1299 2395 1356 2454 si
1381 2414 1528 2456 vere
1553 2395 1623 2455 in
1650 2394 1837 2456 nobis
1862 2394 2021 2456 vidit
2059 2396 2246 2472 atque
2278 2394 2405 2455 hoc
2437 2394 2697 2456 nomine

265 2496 470 2568 amat,
504 2511 633 2551 non
676 2491 937 2568 cecutit3
978 2493 1080 2553 sin
1122 2493 1351 2569 minus,
1384 2514 1467 2554 ne
1506 2497 1680 2555 amat
1705 2492 1979 2571 quidem,
2014 2492 2260 2554 sublato
2301 2513 2376 2553 eo
2416 2492 2496 2554 ob
2527 2493 2693 2571 quod

281 2610 487 2651 vnum
523 2592 660 2650 erat
701 2592 1042 2651 amaturus.
1130 2590 1307 2665 Quod
1355 2592 1411 2653 si
1456 2579 1596 2652 nec‘
1615 2594 1788 2653 amat
1829 2593 1896 2651 et
1942 2590 2105 2651 falso
2148 2590 2380 2665 laudat,
2416 2591 2694 2668 profecto

263 2693 392 2751 ·aut
447 2690 811 2751 assentatur
863 2690 973 2749 aut
1023 2687 1225 2765 ridet;
1288 2711 1448 2768 quae
1493 2692 1655 2753 vitia
1708 2690 1767 2751 si
1821 2692 2036 2751 minus
2089 2689 2157 2750 in
2208 2689 2444 2751 Sixtini
2490 2711 2699 2753 mores

283 2808 476 2866 quam
508 2787 578 2848 in
607 2787 948 2849 Herculem
979 2788 1230 2866 ignauia
1258 2790 1571 2865 conuenit,
1605 2810 1734 2851 non
1772 2790 1987 2850 minus
2011 2809 2159 2851 vere
2188 2809 2378 2866 quam
2414 2793 2701 2850 amanter
2725 2795 2788 2858 85

259 2885 595 2947 laudauit.

365 2983 470 3045 Ita
496 3003 642 3044 sum
671 2982 750 3044 ad
779 2983 939 3044 mihi
967 2984 1421 3047 blandiendum
1456 2986 1767 3048 acutulus.
1852 2987 1945 3046 At
1981 3005 2238 3046 rursum
2274 2984 2466 3046 nimis
2502 2984 2704 3064 impu·

279 3082 440 3144 dens
458 3082 712 3144 videtur
737 3081 953 3143 laudes
971 3086 1102 3144 tam
1125 3083 1367 3162 amplas
1393 3105 1760 3162 agnoscere3
1797 3104 1913 3145 nec
1940 3084 2094 3145 libet
2112 3086 2325 3145 tamen
2347 3083 2700 3164 rescribere,

282 3186 350 3243 et
404 3183 585 3242 iuxta
637 3184 821 3243 vetus
885 3181 1178 3258 adagium
1245 3184 1501 3246 auribus
1555 3183 1807 3263 lupum.
1832 3187 2037 3259 teneo,
2098 3203 2286 3260 quem
2341 3203 2542 3261 neque
2604 3181 2702 3244 vti

281 3280 580 3342 amittam
625 3300 828 3357 neque
871 3281 969 3343 vti
1016 3283 1320 3342 retineam
1366 3284 1512 3345 scio.
1600 3284 1668 3345 Si
1711 3282 1963 3361 recipio,
2011 3283 2287 3344 nimium
2336 3282 2537 3357 mihi;
2598 3282 2701 3344 sin
2725 3301 2792 3351 90

279 3376 522 3452 refello,
556 3397 780 3455 parum
807 3378 927 3439 tibi
957 3378 1310 3440 tribuerim.
1382 3380 1450 3440 Si
1478 3400 1710 3455 recuso,
1734 3384 1878 3443 tuae
1902 3381 2006 3442 vel
2035 3380 2180 3441 fidei
2208 3381 2309 3441 vel
2334 3380 2703 3458 prudentiae

281 3475 556 3553 derogo3
617 3476 720 3537 sin
766 3477 1051 3551 admitto,
1112 3477 1409 3539 mihimet
1460 3479 1606 3557 plus
1654 3479 1809 3541 satis
1861 3500 2097 3557 arrogo.
2187 3479 2256 3539 Si
2305 3479 2470 3558 quod
2517 3478 2705 3540 datur

278 3573 539 3651 accipio,
592 3594 721 3636 non
776 3575 1044 3637 aliorum
1100 3577 1287 3637 modo
1334 3577 1748 3638 verumetiam
1803 3597 1948 3638 meo
2000 3577 2201 3655 ipsius
2255 3576 2487 3638 iudicio
2543 3577 2706 3638 inso-

280 3671 683 3733 lentissimus
717 3675 908 3735 fuero.
994 3675 1110 3736 Sin
1136 3694 1348 3752 renuo,
1376 3678 1486 3735 aut
1513 3679 1692 3737 tuam
1724 3677 2103 3753 sapientiam
2129 3679 2238 3738 aut
2271 3675 2702 3753 integritatem

279 3769 354 3831 in
392 3769 804 3831 manifestum
840 3774 1079 3834 crimen
1115 3790 1347 3849 vocem,
1380 3777 1451 3835 vt
1489 3776 1601 3835 aut
1640 3794 1866 3852 parum
1906 3775 2292 3852 perspexisse
2330 3776 2439 3835 aut
2480 3793 2702 3851 parum
2727 3786 2790 3840 95

279 3869 639 3945 synceriter
686 3870 850 3946 quod
908 3873 1179 3933 senseris
1232 3873 1680 3950 pronunciasse
1724 3872 2013 3934 videaris.
2100 3872 2181 3933 In
2226 3874 2343 3933 has
2382 3871 2704 3950 angustias

280 3970 618 4045 protrusus
661 3987 820 4042 sum,
867 3972 939 4029 vt
987 3969 1167 4041 mihi,
1205 3970 1266 4030 si
1304 3970 1585 4049 Scyllam
1623 3972 1857 4050 fugero,
1899 3972 1969 4033 in
2001 3971 2389 4048 charybdim
2425 3970 2511 4031 sit
2553 3969 2706 4030 inci-

285 4063 586 4142 dendum,
620 4066 910 4127 videlicet
936 4070 1013 4129 vt
1043 4073 1152 4130 aut
1192 4069 1489 4130 ridiculus
1525 4070 1650 4130 sim
1679 4070 1829 4148 ipse,
1860 4070 1917 4130 si
1944 4073 2084 4132 tuas
2119 4069 2333 4131 laudes
2368 4088 2695 4147 agnouere,

281 4167 395 4226 aut
424 4164 934 4241 contumeliosus,
968 4166 1024 4226 si
1051 4167 1336 4229 reiecero.

368 4262 795 4338 Quamobrem
835 4284 1050 4326 meum
1086 4264 1356 4343 quidem,
1399 4263 1770 4327 suauissime
1814 4265 2082 4342 Sixtine,
2121 4264 2456 4327 consilium
2490 4264 2697 4341 fuerit,
2732 4279 2828 4317 100

284 4363 360 4421 vt
393 4361 656 4439 posthac
685 4362 1023 4424 Erasmum
1061 4367 1245 4422 tuum
1280 4365 1391 4423 aut
1427 4363 1694 4440 figurate
1728 4362 1946 4425 laudes
1972 4364 2283 4440 (strophas
2316 4383 2434 4437 eas,
2469 4361 2704 4441 quibus

285 4459 354 4521 id
381 4459 524 4521 fieri
552 4459 771 4535 soleat,
804 4480 935 4521 non
965 4461 1191 4523 inscite
1225 4460 1452 4540 calles),
1486 4464 1598 4522 aut
1634 4465 1801 4523 certe
1835 4461 2003 4539 apud
2030 4462 2200 4523 alios.
2287 4461 2500 4537 Quum
2525 4459 2701 4520 enim

276 4558 452 4621 mihi
492 4578 599 4620 me
649 4556 886 4635 laudas,
934 4580 1168 4621 munus
1210 4560 1398 4621 offers
1443 4559 1970 4621 iucundissimum
2013 4559 2173 4620 illud
2220 4559 2475 4637 quidem
2524 4555 2700 4636 (quid

276 4657 462 4719 enim
503 4656 848 4736 optabilius
878 4678 1067 4739 quam
1105 4658 1184 4720 ab
1225 4678 1300 4719 eo
1342 4658 1588 4720 laudari
1628 4677 1818 4737 quem
1861 4678 2050 4719 nemo
2092 4676 2221 4719 non
2262 4655 2478 4718 laudat
2493 4656 2548 4724 ‘?)
2589 4654 2699 4716 sed
