3355 5380
637 379 755 434 404
1338 374 1716 435 LETTERS
1771 374 1878 436 oF
1932 375 2330 439 ERAsts
2840 375 3032 459 [¹504

505 529 511 535 “
553 571 558 576 »
575 555 604 606 5
634 530 931 608 quoniam
972 531 1036 590 te
1075 528 1236 590 mihi
1279 530 1596 592 doctrinae
1635 531 1959 593 cuiusdam
1994 532 2333 611 singularis
2367 532 2699 595 admiratio
2739 554 3039 613 amorque

632 629 902 706 pietatis,
955 649 1058 689 me
1105 627 1227 689 tibi
1274 649 1417 707 spes
1463 630 1726 691 fortasse
1774 631 2080 692 nonnulla
2132 631 2236 692 vel
2281 632 2492 710 opinio
2539 633 2751 710 potius
2804 633 3037 694 harum

633 745 846 787 rerum
886 725 1262 800 conciliauit,
1301 746 1430 788 non
1472 731 1628 805 puto
1669 728 2080 789 metuendum
2118 749 2271 804 esse,
2315 731 2481 808 quod
2517 732 2710 809 vulgo
2745 730 3041 793 videmus

621 825 924 900 accidere,
945 843 1027 883 ne
1055 824 1194 885 ideo
1223 825 1513 886 desierim
1535 846 1672 888 esse
1699 827 1768 888 in
1795 827 2010 888 animo
2038 828 2203 905 quod
2234 827 2437 888 absim
2464 828 2543 889 ab
2572 829 2784 891 oculis.
2856 830 3035 906 Quod

622 926 847 983 autem
878 922 1305 1001 compluribus
1343 923 1467 984 iam
1505 926 1691 986 annis
1728 924 1890 986 nihil
1928 946 1966 986 a
1992 925 2210 988 Ooleto
2244 926 2526 987 redditur
2556 926 2900 1003 literarum,
2933 929 3037 988 vel

547 1048 608 1085 ιο
631 1019 1070 1098 occupationes
1102 1024 1263 1098 tuas,
1299 1022 1400 1082 vel
1428 1024 1597 1100 quod
1635 1026 1872 1084 certum
1910 1044 2040 1086 11011
2078 1024 2271 1085 scires
2304 1024 2413 1085 vbi
2449 1024 2731 1087 locorum
2768 1046 3036 1105 agerem,

631 1119 900 1196 denique
937 1118 1189 1196 quiduis
1225 1122 1435 1197 potius
1468 1121 1537 1181 in
1576 1140 1762 1183 causa
1788 1120 1982 1183 fuisse
2015 1122 2178 1183 1111111
2213 1125 2627 1200 persuaserim
2665 1145 2855 1204 quam
2884 1123 3039 1186 obli·

632 1217 887 1278 uionem
925 1216 1196 1278 amiculi.
1284 1218 1406 1278 Sed
1435 1222 1507 1279 vt
1533 1220 1610 1279 de
1637 1220 1887 1281 silentio
1916 1240 2029 1281 nec
2056 1220 2251 1282 debeo
2280 1242 2395 1283 nec
2423 1222 2616 1283 velim
2642 1224 3040 1302 expostulare

632 1319 857 1391 tecum,
880 1316 970 1377 ita
991 1315 1293 1377 maiorem
1321 1318 1389 1377 in
1415 1318 1676 1379 modum
1702 1322 1765 1379 te
1794 1338 1901 1379 oro
1930 1319 2303 1397 obsecroque
2321 1322 2395 1380 vt
2421 1321 2681 1398 posthae
2706 1320 3037 1382 tantillum

631 1413 753 1474 ocii
794 1413 1118 1474 suffureris
1158 1414 1388 1476 studiis
1427 1416 1822 1494 negot-,iisque
1857 1417 2006 1492 tuis,
2037 1436 2160 1495 quo
2200 1437 2302 1477 me
2344 1437 2800 1497 nonnunquam
2834 1419 3040 1480 literis

546 1540 604 1592 15
630 1512 760 1573 tuis
787 1512 1138 1590 compelles.
1210 1513 1409 1574 Miror
1426 1514 1748 1576 nihildum
1768 1518 2023 1576 tuarum
2052 1517 2655 1578 commentationum
2676 1517 2745 1578 in
2760 1519 3037 1579 Paulum

628 1616 816 1690 atque
852 1613 920 1672 in
960 1611 1308 1688 Euangelia
1336 1612 1642 1688 prodiisse
1679 1614 1748 1674 in
1785 1613 2010 1674 lucem.
2097 1613 2409 1692 Equidem
2437 1635 2567 1676 non
2604 1615 2824 1693 ignoro
2859 1618 3037 1676 tuam

630 1710 1002 1772 modestiam
1025 1730 1043 1784 ;
1082 1729 1307 1770 verum
1344 1710 1467 1770 ista
1502 1731 1747 1789 quoque
1783 1710 1901 1772 tibi
1937 1711 2273 1789 aliquando
2310 1712 2617 1774 vincenda
2654 1717 2720 1775 et
2749 1712 3038 1791 publicae

630 1809 926 1870 vtilitatis
979 1811 1259 1885 respectu
1319 1809 1711 1869 excutienda.
1801 1809 1893 1870 De
1949 1809 2238 1870 Doctoris
2302 1810 2493 1870 titulo
2555 1830 2627 1870 ac
2682 1811 3039 1871 Decanatus

631 1908 866 1969 honore
907 1926 1109 1983 neque
1150 1926 1279 1966 non
1317 1906 1459 1966 aliis
1494 1906 1866 1984 quibusdam
1904 1907 2297 1968 ornamentis
2333 1927 2489 1985 quae
2526 1909 2655 1969 tuis
2690 1908 3038 1969 virtutibus

543 2033 607 2068 20
630 2004 798 2065 vltro
826 2003 1028 2065 delata
1053 2024 1188 2065 esse
1214 2005 1417 2081 audi0,
1448 2025 1578 2066 non
1615 2009 1750 2067 tam
1786 2005 1906 2067 tibi
1943 2006 2238 2084 gratulor,
2276 2025 2465 2084 quem
2501 2008 2671 2067 certo
2705 2006 2835 2067 scio
2873 2006 3040 2066 nihil

629 2101 775 2162 inde
823 2100 946 2160 sibi
995 2105 1235 2178 praeter
1284 2101 1562 2163 laborem
1608 2103 2122 2178 vendicaturum‚‘
2153 2122 2344 2181 quam
2391 2104 2473 2165 iis
2517 2105 2747 2184 quibus
2793 2107 2865 2165 tu
2915 2106 3040 2166 ista

629 2202 917 2277 gesturus
943 2219 1024 2274 es,
1057 2220 1246 2278 quam
1276 2199 1429 2278 ipsis
1456 2201 1820 2278 honoribus,
1846 2202 1955 2281 qui
1981 2206 2122 2263 tum
2150 2201 2408 2262 demum
2435 2202 2555 2263 hoc
2575 2191 2834 2282 nomine
2862 2204 3041 2282 digni

630 2297 941 2374 videntur,
976 2319 1173 2377 quum
1201 2299 1541 2360 inciderInt
1567 2300 1638 2360 in
1666 2303 2128 2380 promerentem
2156 2319 2361 2378 neque
2387 2302 2601 2360 tamen
2627 2300 3037 2363 ambientem.

713 2396 854 2457 Dici
890 2416 1016 2457 non
1052 2400 1254 2475 queat,
1297 2398 1533 2475 optime
1561 2398 1790 2472 Colete,
1825 2418 2016 2476 quam
2052 2397 2217 2459 velis
2257 2400 2553 2477 equisque
2589 2419 2917 2478 properem
2954 2401 3040 2460 ad

545 2523 604 2575 25
631 2515 835 2556 sacras
860 2495 1089 2572 literas,
1120 2516 1308 2574 quam
1336 2497 1550 2557 omnia
1577 2488 1741 2557 1111111
1766 2495 2021 2558 fastidio
2061 2495 2191 2557 sint
2220 2515 2376 2575 quae
2414 2497 2593 2558 1111110
2628 2502 2733 2558 aut
2769 2502 3037 2558 auocant

629 2597 739 2654 aut
779 2593 970 2655 etiam
1011 2598 1422 2656 remorantur.
1511 2595 1635 2656 Sed
1677 2596 1970 2656 fortunae
2017 2594 2336 2673 iniquitas,
2384 2615 2539 2673 quae
2588 2615 2690 2655 me
2736 2599 3036 2674 perpetuo

628 2694 845 2756 eodem
885 2694 1110 2772 aspicit
1148 2694 1350 2767 vultu,
1392 2693 1516 2755 fuit
1552 2694 1623 2755 in
1661 2714 1848 2756 causa
1890 2713 2014 2772 quo
2051 2694 2267 2755 minus
2303 2714 2407 2755 me
2442 2693 2757 2772 quiuerim
2789 2693 2869 2754 ab
2904 2693 3043 2754 hiis

626 2791 803 2851 tricis
837 2792 1145 2869 expedire.
1238 2794 1378 2853 Hoc
1416 2792 1627 2871 itaque
1663 2795 1877 2853 animo
1917 2812 2020 2853 me
2061 2793 2131 2852 in
2161 2792 2433 2853 Galliam
2474 2793 2693 2870 recepi,
2726 2795 2800 2853 vt
2838 2812 2943 2854 eas
2980 2795 3044 2853 si

629 2907 937 2968 nequeam
979 2891 1316 2967 absoluere,
1358 2895 1521 2952 certe
1563 2911 1932 2969 quocunque
1973 2891 2162 2951 modo
2201 2889 2508 2952 abiiciam.
2595 2892 2842 2953 Deinde
2881 2891 3046 2953 liber

541 3014 606 3064 30
629 3008 701 3049 ac
741 2991 876 3050 toto
916 2993 1161 3066 pectore
1204 2989 1455 3050 diuinas
1496 2989 1712 3050 literas
1753 2989 2092 3067 aggrediar,
2143 2989 2214 3049 in
2258 2990 2386 3050 hiis
2428 2990 2739 3068 reliquam
2783 3010 3043 3052 omnem

630 3090 901 3148 aetatem
928 3087 1384 3165 insumptums.
1472 3088 1846 3166 Quanquam
1875 3088 2023 3147 ante
2049 3087 2397 3148 triennium
2427 3108 2618 3149 ausus
2652 3107 2800 3149 sum
2828 3089 3044 3151 nescio

631 3186 782 3261 quid
824 3186 892 3245 in
934 3186 1262 3264 epistolam
1291 3185 1481 3247 Pauli
1522 3188 1599 3246 ad
1636 3187 1971 3260 Romanos,
2010 3185 2374 3263 absoluique
2409 3206 2536 3246 vno
2578 3189 2757 3264 quasi
2797 3188 3042 3266 impetu

632 3289 900 3361 quatuor
933 3284 1298 3360 volumina;
1345 3304 1806 3363 progressurus,
1848 3285 1917 3344 ni
1955 3304 2057 3345 me
2096 3284 2400 3363 quaedam
2432 3289 2840 3362 auocassent;
2896 3307 3047 3366 quo·

631 3401 775 3442 rum
823 3382 982 3442 illud
1031 3384 1448 3461 praecipuum,
1502 3384 1665 3461 quod
1715 3382 1953 3462 passim
1998 3384 2233 3444 Graeca
2278 3383 2724 3462 desyderarem.
2816 3384 3045 3464 Itaque

540 3503 602 3552 35
630 3477 758 3539 iam
786 3479 1132 3541 triennium
1158 3482 1356 3542 ferme
1385 3481 1603 3542 literae
1627 3482 1895 3543 Graecae
1922 3501 2024 3543 me
2052 3484 2258 3542 totum
2286 3481 2625 3559 possident,
2649 3502 2849 3562 neque
2878 3483 3046 3545 mihi

1022 3651 1103 3698 κη.
1138 3637 1227 3686 111³
1248 3642 1306 3688 r.
1509 3682 1514 3687 .
2354 3652 2438 3697 30.
2475 3637 2566 3687 his
2586 3643 2643 3688 r.

702 3768 778 3818 18.
816 3766 1088 3831 Doctoris]
1119 3769 1232 3818 The
1268 3769 1591 3831 University
1623 3773 1785 3833 regis·
1887 3770 2083 3820 Colet's
2120 3769 2342 3834 epitaph
2383 3769 2576 3833 speaks
2616 3770 2678 3818 of
2709 3769 2797 3819 his
2834 3768 3047 3835 having

632 3838 746 3884 tere
779 3835 918 3883 from
958 3848 1249 3895 1471-1505
1273 3849 1366 3883 are
1399 3837 1646 3899 missing,
1675 3838 1786 3885 and
1888 3836 2279 3885 administered
2307 3834 2402 3884 the
2432 3835 2686 3898 Deanery
2714 3836 2801 3885 for
2830 3836 3043 3887 sixteen

632 3899 765 3948 thus
805 3899 899 3948 the
943 3899 1069 3948 date
1108 3902 1168 3949 of
1207 3901 1322 3949 this
1361 3900 1553 3963 degree
1598 3903 1645 3952 is
1690 3906 1789 3952 not
1888 3916 2046 3963 years
2087 3903 2146 3961 (†
2164 3903 2226 3950 16
2263 3901 2411 3963 Sept.
2458 3912 2650 3963 1519);
2699 3916 2758 3951 so
2800 3901 2928 3951 that
2970 3903 3046 3951 he

633 3966 851 4014 known.
925 3964 1140 4014 Wood's
1184 3965 1340 4015 dates
1383 3967 1443 4015 in
1488 3968 1585 4017 the
1631 3972 1782 4030 Fasti,
1887 3970 2036 4016 must
2067 3966 2209 4016 have
2242 3966 2378 4016 been
2410 3966 2708 4029 appointed
2742 3969 2801 4016 to
2835 3970 2925 4016 act
2957 3968 3046 4017 for

633 4031 764 4081 B.D.
796 4044 939 4091 1501,
967 4030 1100 4080 DJ).
1134 4046 1277 4092 1504,
1301 4046 1392 4080 are
1413 4033 1760 4094 conjecturnl.
1888 4031 2201 4081 Sherbourn
2239 4046 2298 4080 as
2330 4033 2483 4094 early
2515 4047 2575 4081 as
2614 4046 2754 4093 1503.
2826 4032 2962 4081 This
2994 4035 3047 4083 is

767 4095 1100 4160 Decanatus]
1153 4097 1223 4146 In
1278 4098 1374 4145 the
1427 4098 1681 4160 Deanery
1733 4100 1794 4147 of
1889 4097 2152 4146 rendered
2195 4098 2449 4160 probable
2497 4097 2570 4159 by
2611 4099 2707 4147 the
2761 4097 2873 4147 fact
2917 4098 3047 4148 that

634 4164 711 4211 St.
731 4161 909 4211 Paul's
925 4162 1077 4211 Colet
1100 4161 1390 4213 succeeded
1408 4162 1608 4212 Robert
1629 4165 1787 4213 Sher-
1889 4165 1947 4211 at
2001 4164 2117 4212 this
2170 4164 2305 4212 time
2356 4162 2675 4212 Sherbourn
2717 4177 2829 4212 was
2874 4164 3047 4213 much

632 4229 823 4293 bourn,
849 4227 973 4276 who
1004 4228 1218 4278 became
1248 4229 1347 4292 Bp.
1375 4230 1435 4277 of
1459 4230 1537 4278 St.
1567 4230 1788 4278 David's
1890 4227 2173 4291 employed
2199 4230 2257 4277 in
2287 4227 2604 4291 diplomatic
2636 4230 2897 4279 business.
2969 4229 3046 4278 In

635 4294 696 4342 in
753 4295 1052 4344 succession
1111 4299 1170 4344 to
1223 4295 1371 4343 John
1429 4295 1669 4357 Mel-gan,
1727 4310 1787 4343 or
1891 4293 2016 4355 May
2056 4309 2182 4355 1503
2226 4294 2296 4342 he
2339 4308 2452 4342 was
2495 4297 2618 4343 sent
2662 4297 2719 4343 to
2763 4294 3046 4356 Scotland,

633 4359 842 4421 Young‚
886 4359 1013 4409 who
1057 4359 1185 4409 died
1230 4361 1474 4409 between
1520 4373 1585 4420 25
1625 4360 1787 4422 April
1890 4358 2108 4421 Rymer.
2143 4360 2260 4409 xiii.
2308 4374 2393 4422 pp.
2426 4361 2492 4422 58
2525 4360 2639 4408 and
2669 4361 2770 4421 ⁶53
2816 4360 2881 4411 111
2912 4359 3049 4411 Feb.

633 4425 745 4474 and
778 4441 844 4487 24
874 4425 1000 4487 May
1036 4440 1180 4487 1504.
1246 4426 1360 4474 Τ110
1393 4425 1787 4487 temporalities
1880 4438 2020 4485 -1504
2076 4429 2135 4474 to
2190 4423 2371 4481 Rome,
2429 4426 2719 4488 returning
2774 4425 2836 4473 in
2890 4424 3048 4488 July,

635 4491 696 4539 os
736 4492 813 4540 St.
858 4490 1078 4539 David'e
1121 4506 1262 4540 were
1306 4493 1402 4539 not
1445 4490 1682 4539 restored
1729 4494 1787 4539 to
1891 4490 2244 4553 Bergenroth,
2271 4491 2306 4540 i.
2341 4505 2456 4552 392,
2482 4492 2532 4552 6,
2567 4489 2677 4539 and
2710 4489 2931 4538 Brewer
2965 4492 3045 4541 iv.

634 4557 946 4606 Sherbourn
992 4557 1135 4605 until
1184 4570 1243 4603 12
1285 4557 1416 4617 Apr.
1460 4569 1619 4617 1505;
1674 4556 1786 4606 and
1890 4556 2058 4618 54⁶5;
2112 4556 2225 4605 and
2266 4557 2325 4605 in
2372 4556 2488 4605 Oct.
2526 4570 2587 4604 or
2631 4555 2761 4605 Nov.
2808 4568 2937 4617 1504
2984 4561 3050 4606 to

636 4620 768 4669 thus
816 4621 967 4671 Celet
1011 4622 1108 4670 did
1152 4624 1250 4670 not
1293 4620 1532 4683 actually
1573 4624 1787 4671 become
1890 4622 2056 4669 Rome
2088 4624 2264 4684 again.
2334 4620 2413 4670 Cf.
2453 4621 2665 4683 Rymer.
2699 4620 2816 4671 xiii.
2853 4636 2908 4683 p.
2948 4624 3049 4671 108

637 4686 789 4735 Dean
812 4687 961 4737 until
984 4686 1109 4750 May
1136 4700 1263 4749 1505
1297 4686 1394 4750 (Le
1417 4686 1603 4752 Neve).
1674 4688 1787 4737 But
1890 4687 2026 4745 with
2051 4687 2405 4751 Bergenroth,
2428 4687 2464 4736 i.
2487 4700 2597 4748 414.
