<?xml version="1.0" encoding="UTF-8"?>
<!DOCTYPE html PUBLIC "-//W3C//DTD XHTML 1.0 Transitional//EN"
    "http://www.w3.org/TR/xhtml1/DTD/xhtml1-transitional.dtd">
<html xmlns="http://www.w3.org/1999/xhtml" xml:lang="en" lang="en">
 <head>
  <title>
</title>
<meta http-equiv="Content-Type" content="text/html;charset=utf-8" />
  <meta name='ocr-system' content='tesseract 3.04.00' />
  <meta name='ocr-capabilities' content='ocr_page ocr_carea ocr_par ocr_line ocrx_word'/>
</head>
<body>
  <div class='ocr_page' id='page_1' title='image "./opusepistolarum00flowgoog_0235.png"; bbox 0 0 3355 5380; ppageno 0'>
   <div class='ocr_carea' id='block_1_1' title="bbox 211 380 2604 456">
    <p class='ocr_par' dir='ltr' id='par_1_1' title="bbox 211 380 2604 456">
     <span class='ocr_line' id='line_1_1' title="bbox 211 380 2604 456; baseline 0.005 -21"><span class='ocrx_word' id='word_1_1' title='bbox 211 380 391 456; x_wconf 85' lang='lat'>1498]</span> <span class='ocrx_word' id='word_1_2' title='bbox 2486 388 2604 449; x_wconf 84' lang='lat'><strong>203</strong></span> 
     </span>
    </p>
   </div>
   <div class='ocr_carea' id='block_1_2' title="bbox 274 533 2461 694">
    <p class='ocr_par' dir='ltr' id='par_1_2' title="bbox 274 533 2461 694">
     <span class='ocr_line' id='line_1_2' title="bbox 1073 533 1718 604; baseline 0.008 -5"><span class='ocrx_word' id='word_1_3' title='bbox 1073 537 1176 600; x_wconf 84' lang='grc'><strong>76.</strong></span> <span class='ocrx_word' id='word_1_4' title='bbox 1265 533 1365 601; x_wconf 85' lang='lat' dir='ltr'><strong>To</strong></span> <span class='ocrx_word' id='word_1_5' title='bbox 1409 536 1718 604; x_wconf 55' lang='lat' dir='ltr'><strong>Mas-rm.</strong></span> 
     </span>
     <span class='ocr_line' id='line_1_3' title="bbox 274 618 2461 694; baseline 0.005 -19"><span class='ocrx_word' id='word_1_6' title='bbox 274 620 411 676; x_wconf 88' lang='lat' dir='ltr'><strong>Vita</strong></span> <span class='ocrx_word' id='word_1_7' title='bbox 436 618 656 676; x_wconf 83' lang='lat' dir='ltr'><strong>Erasmi</strong></span> <span class='ocrx_word' id='word_1_8' title='bbox 680 641 737 694; x_wconf 89' lang='lat' dir='ltr'><strong>p.</strong></span> <span class='ocrx_word' id='word_1_9' title='bbox 766 636 888 688; x_wconf 84' lang='lat'><strong>204.</strong></span> <span class='ocrx_word' id='word_1_10' title='bbox 2195 625 2461 685; x_wconf 86' lang='lat' dir='ltr'><strong>Brussels.</strong></span> 
     </span>
    </p>
   </div>
   <div class='ocr_carea' id='block_1_3' title="bbox 276 707 2532 789">
    <p class='ocr_par' dir='ltr' id='par_1_3' title="bbox 276 707 2532 789">
     <span class='ocr_line' id='line_1_4' title="bbox 276 707 2532 789; baseline 0.002 -24"><span class='ocrx_word' id='word_1_11' title='bbox 276 707 450 766; x_wconf 83' lang='lat' dir='ltr'><strong>Lond.</strong></span> <span class='ocrx_word' id='word_1_12' title='bbox 477 708 632 764; x_wconf 86' lang='lat' dir='ltr'><strong>xxxi.</strong></span> <span class='ocrx_word' id='word_1_13' title='bbox 658 725 759 781; x_wconf 82' lang='lat'><strong>34:</strong></span> <span class='ocrx_word' id='word_1_14' title='bbox 796 709 905 765; x_wconf 87' lang='lat' dir='ltr'><strong>LB.</strong></span> <span class='ocrx_word' id='word_1_15' title='bbox 930 709 1075 781; x_wconf 85' lang='lat' dir='ltr'>App.</span> <span class='ocrx_word' id='word_1_16' title='bbox 1102 714 1227 779; x_wconf 86' lang='lat'><strong>460.</strong></span> <span class='ocrx_word' id='word_1_17' title='bbox 2090 712 2311 784; x_wconf 64' lang='lat' dir='ltr'><strong>Only?</strong></span> <span class='ocrx_word' id='word_1_18' title='bbox 2341 713 2532 789; x_wconf 85' lang='lat'><strong>1498.)</strong></span> 
     </span>
    </p>
   </div>
   <div class='ocr_carea' id='block_1_4' title="bbox 202 814 2610 1144">
    <p class='ocr_par' dir='ltr' id='par_1_4' title="bbox 202 814 2610 1144">
     <span class='ocr_line' id='line_1_5' title="bbox 275 814 2606 882; baseline 0.003 -19"><span class='ocrx_word' id='word_1_19' title='bbox 275 814 416 880; x_wconf 81' lang='lat' dir='ltr'><strong>[The</strong></span> <span class='ocrx_word' id='word_1_20' title='bbox 471 815 711 865; x_wconf 82' lang='lat' dir='ltr'><strong>ear-date</strong></span> <span class='ocrx_word' id='word_1_21' title='bbox 730 815 788 864; x_wconf 81' lang='lat' dir='ltr'><strong>of</strong></span> <span class='ocrx_word' id='word_1_22' title='bbox 806 816 939 879; x_wconf 86' lang='lat' dir='ltr'><strong>Epp.</strong></span> <span class='ocrx_word' id='word_1_23' title='bbox 964 818 1025 877; x_wconf 83' lang='lat'><strong>7⁶</strong></span> <span class='ocrx_word' id='word_1_24' title='bbox 1041 815 1151 866; x_wconf 88' lang='lat' dir='ltr'><strong>and</strong></span> <span class='ocrx_word' id='word_1_25' title='bbox 1172 830 1232 878; x_wconf 88' lang='lat'><strong>77</strong></span> <span class='ocrx_word' id='word_1_26' title='bbox 1252 816 1300 864; x_wconf 90' lang='lat' dir='ltr'><strong>is</strong></span> <span class='ocrx_word' id='word_1_27' title='bbox 1315 815 1648 866; x_wconf 72' lang='lat' dir='ltr'><strong>established</strong></span> <span class='ocrx_word' id='word_1_28' title='bbox 1667 817 1740 879; x_wconf 82' lang='lat' dir='ltr'><strong>by</strong></span> <span class='ocrx_word' id='word_1_29' title='bbox 1758 817 1853 867; x_wconf 86' lang='lat' dir='ltr'><strong>the</strong></span> <span class='ocrx_word' id='word_1_30' title='bbox 1876 818 2124 879; x_wconf 83' lang='lat' dir='ltr'><strong>embassy</strong></span> <span class='ocrx_word' id='word_1_31' title='bbox 2147 820 2204 867; x_wconf 92' lang='lat' dir='ltr'><strong>to</strong></span> <span class='ocrx_word' id='word_1_32' title='bbox 2228 818 2477 882; x_wconf 83' lang='lat' dir='ltr'><strong>England</strong></span> <span class='ocrx_word' id='word_1_33' title='bbox 2495 819 2606 869; x_wconf 88' lang='lat' dir='ltr'><strong>and</strong></span> 
     </span>
     <span class='ocr_line' id='line_1_6' title="bbox 202 831 2610 946; baseline 0.002 -17"><span class='ocrx_word' id='word_1_34' title='bbox 202 879 305 929; x_wconf 87' lang='lat' dir='ltr'><strong>the</strong></span> <span class='ocrx_word' id='word_1_35' title='bbox 328 831 523 943; x_wconf 60' lang='lat' dir='ltr'><strong>goldyen</strong></span> <span class='ocrx_word' id='word_1_36' title='bbox 556 896 691 932; x_wconf 88' lang='lat' dir='ltr'><strong>rose.</strong></span> <span class='ocrx_word' id='word_1_37' title='bbox 757 880 870 931; x_wconf 82' lang='lat' dir='ltr'><strong>‘I&#39;he</strong></span> <span class='ocrx_word' id='word_1_38' title='bbox 904 881 1247 930; x_wconf 83' lang='lat' dir='ltr'><strong>mouth-date</strong></span> <span class='ocrx_word' id='word_1_39' title='bbox 1284 882 1332 930; x_wconf 88' lang='lat' dir='ltr'><strong>is</strong></span> <span class='ocrx_word' id='word_1_40' title='bbox 1366 880 1607 931; x_wconf 80' lang='lat' dir='ltr'><strong>difficult.</strong></span> <span class='ocrx_word' id='word_1_41' title='bbox 1675 882 1775 932; x_wconf 79' lang='lat' dir='ltr'><strong>Mr.</strong></span> <span class='ocrx_word' id='word_1_42' title='bbox 1812 882 2034 932; x_wconf 83' lang='lat' dir='ltr'><strong>Nichols</strong></span> <span class='ocrx_word' id='word_1_43' title='bbox 2067 884 2252 946; x_wconf 89' lang='lat' dir='ltr'><strong>points</strong></span> <span class='ocrx_word' id='word_1_44' title='bbox 2283 887 2378 933; x_wconf 89' lang='lat' dir='ltr'><strong>out</strong></span> <span class='ocrx_word' id='word_1_45' title='bbox 2407 885 2531 935; x_wconf 85' lang='lat' dir='ltr'><strong>that</strong></span> <span class='ocrx_word' id='word_1_46' title='bbox 2561 884 2610 934; x_wconf 75' lang='lat' dir='ltr'><strong>if</strong></span> 
     </span>
     <span class='ocr_line' id='line_1_7' title="bbox 203 945 2607 1013; baseline 0.002 -18"><span class='ocrx_word' id='word_1_47' title='bbox 203 945 465 995; x_wconf 78' lang='lat' dir='ltr'><strong>Erasmus</strong></span> <span class='ocrx_word' id='word_1_48' title='bbox 482 961 596 997; x_wconf 73' lang='lat' dir='ltr'><strong>was</strong></span> <span class='ocrx_word' id='word_1_49' title='bbox 615 961 773 1009; x_wconf 72' lang='lat' dir='ltr'><strong>eager</strong></span> <span class='ocrx_word' id='word_1_50' title='bbox 794 949 849 996; x_wconf 92' lang='lat' dir='ltr'><strong>to</strong></span> <span class='ocrx_word' id='word_1_51' title='bbox 871 946 1020 997; x_wconf 81' lang='lat' dir='ltr'><strong>leave</strong></span> <span class='ocrx_word' id='word_1_52' title='bbox 1041 946 1288 995; x_wconf 87' lang='lat' dir='ltr'><strong>Brussels</strong></span> <span class='ocrx_word' id='word_1_53' title='bbox 1309 946 1449 996; x_wconf 77' lang='lat' dir='ltr'><strong>after</strong></span> <span class='ocrx_word' id='word_1_54' title='bbox 1470 946 1566 995; x_wconf 91' lang='lat' dir='ltr'><strong>the</strong></span> <span class='ocrx_word' id='word_1_55' title='bbox 1599 947 1848 1012; x_wconf 87' lang='lat' dir='ltr'><strong>Bishop’s</strong></span> <span class='ocrx_word' id='word_1_56' title='bbox 1876 949 2163 1011; x_wconf 73' lang='lat' dir='ltr'><strong>departure</strong></span> <span class='ocrx_word' id='word_1_57' title='bbox 2195 963 2266 998; x_wconf 96' lang='lat' dir='ltr'><strong>on</strong></span> <span class='ocrx_word' id='word_1_58' title='bbox 2297 964 2329 1010; x_wconf 85' lang='grc'>3</span> <span class='ocrx_word' id='word_1_59' title='bbox 2357 951 2391 999; x_wconf 86' lang='lat' dir='ltr'><strong>J</strong></span> <span class='ocrx_word' id='word_1_60' title='bbox 2393 951 2507 1013; x_wconf 85' lang='lat' dir='ltr'><strong>uly,</strong></span> <span class='ocrx_word' id='word_1_61' title='bbox 2534 951 2607 1000; x_wconf 87' lang='lat' dir='ltr'><strong>he</strong></span> 
     </span>
     <span class='ocr_line' id='line_1_8' title="bbox 203 1012 2602 1079; baseline 0.003 -20"><span class='ocrx_word' id='word_1_62' title='bbox 203 1012 256 1060; x_wconf 90' lang='lat' dir='ltr'><strong>is</strong></span> <span class='ocrx_word' id='word_1_63' title='bbox 290 1012 492 1073; x_wconf 81' lang='lat' dir='ltr'><strong>hardly</strong></span> <span class='ocrx_word' id='word_1_64' title='bbox 529 1012 701 1074; x_wconf 80' lang='lat' dir='ltr'>likely</span> <span class='ocrx_word' id='word_1_65' title='bbox 735 1015 793 1061; x_wconf 90' lang='lat' dir='ltr'><strong>to</strong></span> <span class='ocrx_word' id='word_1_66' title='bbox 835 1013 974 1062; x_wconf 84' lang='lat' dir='ltr'><strong>have</strong></span> <span class='ocrx_word' id='word_1_67' title='bbox 1011 1012 1291 1061; x_wconf 84' lang='lat' dir='ltr'><strong>remained</strong></span> <span class='ocrx_word' id='word_1_68' title='bbox 1331 1012 1420 1061; x_wconf 90' lang='lat' dir='ltr'><strong>till</strong></span> <span class='ocrx_word' id='word_1_69' title='bbox 1462 1027 1522 1073; x_wconf 85' lang='lat'><strong>13</strong></span> <span class='ocrx_word' id='word_1_70' title='bbox 1559 1012 1727 1079; x_wconf 67' lang='lat' dir='ltr'><strong>Sept„</strong></span> <span class='ocrx_word' id='word_1_71' title='bbox 1769 1015 1866 1064; x_wconf 89' lang='lat' dir='ltr'><strong>the</strong></span> <span class='ocrx_word' id='word_1_72' title='bbox 1904 1014 2031 1063; x_wconf 90' lang='lat' dir='ltr'><strong>date</strong></span> <span class='ocrx_word' id='word_1_73' title='bbox 2072 1016 2233 1077; x_wconf 80' lang='lat' dir='ltr'><strong>given</strong></span> <span class='ocrx_word' id='word_1_74' title='bbox 2273 1015 2345 1078; x_wconf 80' lang='lat' dir='ltr'><strong>by</strong></span> <span class='ocrx_word' id='word_1_75' title='bbox 2384 1016 2477 1079; x_wconf 86' lang='lat' dir='ltr'><strong>Ep.</strong></span> <span class='ocrx_word' id='word_1_76' title='bbox 2525 1031 2602 1078; x_wconf 85' lang='lat'><strong>77,</strong></span> 
     </span>
     <span class='ocr_line' id='line_1_9' title="bbox 203 1076 2607 1144; baseline 0.002 -19"><span class='ocrx_word' id='word_1_77' title='bbox 203 1076 347 1126; x_wconf 78' lang='lat' dir='ltr'><strong>from</strong></span> <span class='ocrx_word' id='word_1_78' title='bbox 371 1078 489 1126; x_wconf 85' lang='lat' dir='ltr'><strong>lack</strong></span> <span class='ocrx_word' id='word_1_79' title='bbox 514 1079 575 1128; x_wconf 84' lang='lat' dir='ltr'><strong>of</strong></span> <span class='ocrx_word' id='word_1_80' title='bbox 589 1080 774 1129; x_wconf 75' lang='lat' dir='ltr'><strong>escort.</strong></span> <span class='ocrx_word' id='word_1_81' title='bbox 843 1077 900 1127; x_wconf 90' lang='lat' dir='ltr'><strong>It</strong></span> <span class='ocrx_word' id='word_1_82' title='bbox 922 1077 971 1126; x_wconf 89' lang='lat' dir='ltr'><strong>is</strong></span> <span class='ocrx_word' id='word_1_83' title='bbox 993 1078 1227 1141; x_wconf 75' lang='lat' dir='ltr'><strong>possible</strong></span> <span class='ocrx_word' id='word_1_84' title='bbox 1248 1078 1372 1128; x_wconf 87' lang='lat' dir='ltr'><strong>that</strong></span> <span class='ocrx_word' id='word_1_85' title='bbox 1393 1078 1644 1128; x_wconf 72' lang='lat' dir='ltr'><strong>Herula’s</strong></span> <span class='ocrx_word' id='word_1_86' title='bbox 1673 1083 1847 1129; x_wconf 71' lang='lat' dir='ltr'><strong>Idibus</strong></span> <span class='ocrx_word' id='word_1_87' title='bbox 1879 1083 2158 1140; x_wconf 61' lang='lat' dir='ltr'><strong>Septem</strong></span> <span class='ocrx_word' id='word_1_88' title='bbox 2180 1094 2307 1142; x_wconf 81' lang='lat' dir='ltr'><strong>may</strong></span> <span class='ocrx_word' id='word_1_89' title='bbox 2329 1084 2607 1144; x_wconf 71' lang='lat' dir='ltr'><strong>represent</strong></span> 
     </span>
    </p>
   </div>
   <div class='ocr_carea' id='block_1_5' title="bbox 206 1142 2607 1271">
    <p class='ocr_par' dir='ltr' id='par_1_5' title="bbox 206 1142 2607 1271">
     <span class='ocr_line' id='line_1_10' title="bbox 206 1142 1054 1207; baseline 0 -15"><span class='ocrx_word' id='word_1_90' title='bbox 206 1148 335 1201; x_wconf 70' lang='lat' dir='ltr'><strong>Sept.</strong></span> <span class='ocrx_word' id='word_1_91' title='bbox 359 1147 439 1193; x_wconf 78' lang='lat' dir='ltr'><strong>Id.</strong></span> <span class='ocrx_word' id='word_1_92' title='bbox 459 1145 599 1193; x_wconf 82' lang='lat' dir='ltr'><strong>with</strong></span> <span class='ocrx_word' id='word_1_93' title='bbox 620 1147 781 1193; x_wconf 77' lang='lat' dir='ltr'><strong>Iulias</strong></span> <span class='ocrx_word' id='word_1_94' title='bbox 797 1142 1054 1207; x_wconf 84' lang='lat' dir='ltr'><strong>dropped.</strong></span> 
     </span>
     <span class='ocr_line' id='line_1_11' title="bbox 273 1209 2607 1271; baseline 0.002 -13"><span class='ocrx_word' id='word_1_95' title='bbox 273 1209 479 1259; x_wconf 72' lang='lat' dir='ltr'><strong>Haster</strong></span> <span class='ocrx_word' id='word_1_96' title='bbox 521 1210 726 1259; x_wconf 73' lang='lat' dir='ltr'><strong>Martin</strong></span> <span class='ocrx_word' id='word_1_97' title='bbox 772 1223 959 1271; x_wconf 87' lang='lat' dir='ltr'><strong>seems,</strong></span> <span class='ocrx_word' id='word_1_98' title='bbox 1008 1209 1147 1258; x_wconf 81' lang='lat' dir='ltr'><strong>from</strong></span> <span class='ocrx_word' id='word_1_99' title='bbox 1187 1210 1281 1258; x_wconf 87' lang='lat' dir='ltr'><strong>the</strong></span> <span class='ocrx_word' id='word_1_100' title='bbox 1325 1210 1564 1259; x_wconf 80' lang='lat' dir='ltr'><strong>survival</strong></span> <span class='ocrx_word' id='word_1_101' title='bbox 1609 1211 1670 1259; x_wconf 84' lang='lat' dir='ltr'><strong>of</strong></span> <span class='ocrx_word' id='word_1_102' title='bbox 1707 1211 1823 1260; x_wconf 87' lang='lat' dir='ltr'><strong>this</strong></span> <span class='ocrx_word' id='word_1_103' title='bbox 1866 1211 2030 1260; x_wconf 88' lang='lat' dir='ltr'><strong>letter</strong></span> <span class='ocrx_word' id='word_1_104' title='bbox 2075 1212 2137 1261; x_wconf 90' lang='lat' dir='ltr'><strong>in</strong></span> <span class='ocrx_word' id='word_1_105' title='bbox 2180 1211 2276 1261; x_wconf 87' lang='lat' dir='ltr'><strong>the</strong></span> <span class='ocrx_word' id='word_1_106' title='bbox 2319 1211 2607 1263; x_wconf 86' lang='lat' dir='ltr'><strong>collection</strong></span> 
     </span>
    </p>
   </div>
   <div class='ocr_carea' id='block_1_6' title="bbox 200 1273 2606 1403">
    <p class='ocr_par' dir='ltr' id='par_1_6' title="bbox 200 1273 2606 1403">
     <span class='ocr_line' id='line_1_12' title="bbox 200 1273 2606 1340; baseline 0.001 -17"><span class='ocrx_word' id='word_1_107' title='bbox 200 1274 367 1323; x_wconf 88' lang='lat' dir='ltr'><strong>made</strong></span> <span class='ocrx_word' id='word_1_108' title='bbox 406 1276 480 1337; x_wconf 83' lang='lat' dir='ltr'><strong>by</strong></span> <span class='ocrx_word' id='word_1_109' title='bbox 517 1276 739 1324; x_wconf 83' lang='lat' dir='ltr'><strong>Francis</strong></span> <span class='ocrx_word' id='word_1_110' title='bbox 777 1274 866 1338; x_wconf 77' lang='lat' dir='ltr'><strong>(cf.</strong></span> <span class='ocrx_word' id='word_1_111' title='bbox 905 1290 956 1337; x_wconf 87' lang='lat' dir='ltr'><strong>p.</strong></span> <span class='ocrx_word' id='word_1_112' title='bbox 997 1275 1106 1335; x_wconf 76' lang='grc'>84),</span> <span class='ocrx_word' id='word_1_113' title='bbox 1146 1276 1204 1323; x_wconf 91' lang='grc' dir='ltr'><strong>ιο</strong></span> <span class='ocrx_word' id='word_1_114' title='bbox 1240 1273 1379 1325; x_wconf 83' lang='lat' dir='ltr'><strong>have</strong></span> <span class='ocrx_word' id='word_1_115' title='bbox 1418 1276 1555 1325; x_wconf 88' lang='lat' dir='ltr'><strong>been</strong></span> <span class='ocrx_word' id='word_1_116' title='bbox 1591 1291 1622 1325; x_wconf 83' lang='lat' dir='ltr'><strong>a</strong></span> <span class='ocrx_word' id='word_1_117' title='bbox 1658 1277 1944 1340; x_wconf 78' lang='lat' dir='ltr'><strong>physician</strong></span> <span class='ocrx_word' id='word_1_118' title='bbox 1984 1276 2279 1326; x_wconf 77' lang='lat' dir='ltr'><strong>connected</strong></span> <span class='ocrx_word' id='word_1_119' title='bbox 2323 1277 2464 1326; x_wconf 81' lang='lat' dir='ltr'><strong>with</strong></span> <span class='ocrx_word' id='word_1_120' title='bbox 2509 1278 2606 1327; x_wconf 89' lang='lat' dir='ltr'><strong>the</strong></span> 
     </span>
     <span class='ocr_line' id='line_1_13' title="bbox 200 1338 1202 1403; baseline 0.002 -14"><span class='ocrx_word' id='word_1_121' title='bbox 200 1343 517 1402; x_wconf 71' lang='lat' dir='ltr'><strong>monastery</strong></span> <span class='ocrx_word' id='word_1_122' title='bbox 540 1356 601 1390; x_wconf 85' lang='lat' dir='ltr'><strong>or</strong></span> <span class='ocrx_word' id='word_1_123' title='bbox 621 1341 861 1391; x_wconf 76' lang='lat' dir='ltr'><strong>resident</strong></span> <span class='ocrx_word' id='word_1_124' title='bbox 881 1341 943 1389; x_wconf 86' lang='lat' dir='ltr'><strong>in</strong></span> <span class='ocrx_word' id='word_1_125' title='bbox 966 1338 1202 1403; x_wconf 72' lang='lat' dir='ltr'><strong>aenda]</strong></span> 
     </span>
    </p>
   </div>
   <div class='ocr_carea' id='block_1_7' title="bbox 333 1472 2471 1524">
    <p class='ocr_par' dir='ltr' id='par_1_7' title="bbox 333 1472 2471 1524">
     <span class='ocr_line' id='line_1_14' title="bbox 333 1472 2471 1524; baseline 0 -3"><span class='ocrx_word' id='word_1_126' title='bbox 333 1472 653 1523; x_wconf 74' lang='lat' dir='ltr'>ERASMVS</span> <span class='ocrx_word' id='word_1_127' title='bbox 698 1472 1202 1522; x_wconf 70' lang='lat' dir='ltr'>ROTERODAMVS</span> <span class='ocrx_word' id='word_1_128' title='bbox 1246 1473 1592 1524; x_wconf 66' lang='lat' dir='ltr'><strong>mammo</strong></span> <span class='ocrx_word' id='word_1_129' title='bbox 1637 1474 1956 1524; x_wconf 67' lang='lat' dir='ltr'><strong>Maurum</strong></span> <span class='ocrx_word' id='word_1_130' title='bbox 2002 1473 2270 1523; x_wconf 75' lang='lat' dir='ltr'>MEDICO</span> <span class='ocrx_word' id='word_1_131' title='bbox 2314 1475 2366 1523; x_wconf 80' lang='lat'><strong>8.</strong></span> <span class='ocrx_word' id='word_1_132' title='bbox 2411 1474 2471 1522; x_wconf 84' lang='lat' dir='ltr'><strong>P.</strong></span> 
     </span>
    </p>
   </div>
   <div class='ocr_carea' id='block_1_8' title="bbox 178 1576 2699 4217">
    <p class='ocr_par' dir='ltr' id='par_1_8' title="bbox 186 1576 2699 2741">
     <span class='ocr_line' id='line_1_15' title="bbox 283 1576 2610 1658; baseline 0.002 -21"><span class='ocrx_word' id='word_1_133' title='bbox 283 1576 521 1651; x_wconf 72' lang='lat' dir='ltr'><strong>Penes,</strong></span> <span class='ocrx_word' id='word_1_134' title='bbox 581 1597 767 1656; x_wconf 83' lang='lat' dir='ltr'><strong>perge</strong></span> <span class='ocrx_word' id='word_1_135' title='bbox 821 1580 912 1638; x_wconf 90' lang='lat' dir='ltr'><strong>ita</strong></span> <span class='ocrx_word' id='word_1_136' title='bbox 963 1581 1035 1641; x_wconf 78' lang='lat' dir='ltr'><strong>vt</strong></span> <span class='ocrx_word' id='word_1_137' title='bbox 1099 1577 1374 1657; x_wconf 90' lang='lat' dir='ltr'><strong>coepisti,</strong></span> <span class='ocrx_word' id='word_1_138' title='bbox 1425 1579 1762 1641; x_wconf 86' lang='lat' dir='ltr'><strong>Erasmum</strong></span> <span class='ocrx_word' id='word_1_139' title='bbox 1826 1584 2012 1642; x_wconf 90' lang='lat' dir='ltr'><strong>tuum</strong></span> <span class='ocrx_word' id='word_1_140' title='bbox 2075 1580 2205 1642; x_wconf 89' lang='lat' dir='ltr'><strong>tuis</strong></span> <span class='ocrx_word' id='word_1_141' title='bbox 2266 1579 2610 1658; x_wconf 78' lang='lat' dir='ltr'><strong>praeconiis</strong></span> 
     </span>
     <span class='ocr_line' id='line_1_16' title="bbox 195 1675 2608 1758; baseline 0.002 -23"><span class='ocrx_word' id='word_1_142' title='bbox 195 1675 550 1751; x_wconf 87' lang='lat' dir='ltr'><strong>nobilitare,</strong></span> <span class='ocrx_word' id='word_1_143' title='bbox 595 1676 862 1737; x_wconf 75' lang='lat' dir='ltr'><strong>Mai-tine</strong></span> <span class='ocrx_word' id='word_1_144' title='bbox 903 1676 1375 1738; x_wconf 81' lang='lat' dir='ltr'><strong>humanissime.</strong></span> <span class='ocrx_word' id='word_1_145' title='bbox 1460 1679 1643 1739; x_wconf 86' lang='lat' dir='ltr'><strong>Sensi</strong></span> <span class='ocrx_word' id='word_1_146' title='bbox 1685 1679 1872 1754; x_wconf 88' lang='lat' dir='ltr'><strong>enim,</strong></span> <span class='ocrx_word' id='word_1_147' title='bbox 1907 1700 2020 1740; x_wconf 90' lang='lat' dir='ltr'><strong>nec</strong></span> <span class='ocrx_word' id='word_1_148' title='bbox 2061 1680 2188 1740; x_wconf 88' lang='lat' dir='ltr'><strong>iam</strong></span> <span class='ocrx_word' id='word_1_149' title='bbox 2229 1680 2424 1758; x_wconf 89' lang='lat' dir='ltr'><strong>gratis</strong></span> <span class='ocrx_word' id='word_1_150' title='bbox 2464 1700 2608 1741; x_wconf 89' lang='lat' dir='ltr'><strong>sum</strong></span> 
     </span>
     <span class='ocr_line' id='line_1_17' title="bbox 194 1775 2610 1856; baseline 0.002 -21"><span class='ocrx_word' id='word_1_151' title='bbox 194 1775 315 1836; x_wconf 91' lang='lat' dir='ltr'><strong>abs</strong></span> <span class='ocrx_word' id='word_1_152' title='bbox 349 1778 415 1835; x_wconf 91' lang='lat' dir='ltr'><strong>te</strong></span> <span class='ocrx_word' id='word_1_153' title='bbox 452 1775 859 1853; x_wconf 89' lang='lat' dir='ltr'><strong>praedicatus.</strong></span> <span class='ocrx_word' id='word_1_154' title='bbox 942 1775 1078 1836; x_wconf 85' lang='lat' dir='ltr'><strong>Tua</strong></span> <span class='ocrx_word' id='word_1_155' title='bbox 1104 1775 1394 1837; x_wconf 83' lang='lat' dir='ltr'><strong>videlicet</strong></span> <span class='ocrx_word' id='word_1_156' title='bbox 1422 1778 1876 1853; x_wconf 86' lang='lat' dir='ltr'><strong>praedicatione</strong></span> <span class='ocrx_word' id='word_1_157' title='bbox 1904 1777 2102 1839; x_wconf 84' lang='lat' dir='ltr'><strong>fretus</strong></span> <span class='ocrx_word' id='word_1_158' title='bbox 2129 1780 2392 1856; x_wconf 87' lang='lat' dir='ltr'><strong>patruus</strong></span> <span class='ocrx_word' id='word_1_159' title='bbox 2418 1779 2610 1839; x_wconf 81' lang='lat' dir='ltr'><strong>Theo-</strong></span> 
     </span>
     <span class='ocr_line' id='line_1_18' title="bbox 191 1871 2604 1953; baseline 0.002 -21"><span class='ocrx_word' id='word_1_160' title='bbox 191 1871 428 1933; x_wconf 84' lang='lat' dir='ltr'><strong>baldus</strong></span> <span class='ocrx_word' id='word_1_161' title='bbox 453 1873 671 1934; x_wconf 87' lang='lat' dir='ltr'><strong>tunica</strong></span> <span class='ocrx_word' id='word_1_162' title='bbox 691 1873 882 1934; x_wconf 86' lang='lat' dir='ltr'><strong>altera</strong></span> <span class='ocrx_word' id='word_1_163' title='bbox 901 1893 1005 1933; x_wconf 89' lang='lat' dir='ltr'><strong>me</strong></span> <span class='ocrx_word' id='word_1_164' title='bbox 1023 1875 1399 1948; x_wconf 80' lang='lat' dir='ltr'><strong>exonerauit,</strong></span> <span class='ocrx_word' id='word_1_165' title='bbox 1428 1876 1641 1952; x_wconf 91' lang='lat' dir='ltr'><strong>nepoti</strong></span> <span class='ocrx_word' id='word_1_166' title='bbox 1663 1876 1888 1953; x_wconf 88' lang='lat' dir='ltr'><strong>opinor</strong></span> <span class='ocrx_word' id='word_1_167' title='bbox 1909 1876 2302 1937; x_wconf 85' lang='lat' dir='ltr'><strong>commodare</strong></span> <span class='ocrx_word' id='word_1_168' title='bbox 2323 1877 2604 1953; x_wconf 78' lang='lat' dir='ltr'><strong>studens,</strong></span> 
     </span>
     <span class='ocr_line' id='line_1_19' title="bbox 193 1971 2664 2054; baseline 0.002 -23"><span class='ocrx_word' id='word_1_169' title='bbox 193 1991 283 2032; x_wconf 89' lang='lat' dir='ltr'><strong>ne</strong></span> <span class='ocrx_word' id='word_1_170' title='bbox 323 1972 578 2049; x_wconf 89' lang='lat' dir='ltr'><strong>longius</strong></span> <span class='ocrx_word' id='word_1_171' title='bbox 616 1971 738 2032; x_wconf 87' lang='lat' dir='ltr'><strong>iter</strong></span> <span class='ocrx_word' id='word_1_172' title='bbox 776 1971 1204 2050; x_wconf 88' lang='lat' dir='ltr'><strong>ingressurum</strong></span> <span class='ocrx_word' id='word_1_173' title='bbox 1249 1973 1489 2036; x_wconf 77' lang='lat' dir='ltr'><strong>sarcina</strong></span> <span class='ocrx_word' id='word_1_174' title='bbox 1528 1978 1852 2051; x_wconf 89' lang='lat' dir='ltr'><strong>premeret.</strong></span> <span class='ocrx_word' id='word_1_175' title='bbox 1941 1974 2075 2036; x_wconf 84' lang='lat' dir='ltr'><strong>Tua</strong></span> <span class='ocrx_word' id='word_1_176' title='bbox 2120 1995 2269 2035; x_wconf 81' lang='lat' dir='ltr'><strong>vero</strong></span> <span class='ocrx_word' id='word_1_177' title='bbox 2319 1996 2463 2053; x_wconf 87' lang='lat' dir='ltr'><strong>erga</strong></span> <span class='ocrx_word' id='word_1_178' title='bbox 2504 1996 2607 2037; x_wconf 89' lang='lat' dir='ltr'><strong>me</strong></span> <span class='ocrx_word' id='word_1_179' title='bbox 2634 2001 2664 2054; x_wconf 87' lang='lat'><strong>5</strong></span> 
     </span>
     <span class='ocr_line' id='line_1_20' title="bbox 190 2069 2607 2151; baseline 0.002 -21"><span class='ocrx_word' id='word_1_180' title='bbox 190 2069 427 2142; x_wconf 86' lang='lat' dir='ltr'><strong>studia,</strong></span> <span class='ocrx_word' id='word_1_181' title='bbox 486 2071 579 2131; x_wconf 92' lang='lat' dir='ltr'><strong>mi</strong></span> <span class='ocrx_word' id='word_1_182' title='bbox 633 2070 919 2143; x_wconf 85' lang='lat' dir='ltr'><strong>Martine,</strong></span> <span class='ocrx_word' id='word_1_183' title='bbox 980 2069 1387 2131; x_wconf 79' lang='lat' dir='ltr'><strong>vehementer</strong></span> <span class='ocrx_word' id='word_1_184' title='bbox 1440 2072 1692 2150; x_wconf 89' lang='lat' dir='ltr'><strong>quidem</strong></span> <span class='ocrx_word' id='word_1_185' title='bbox 1746 2072 1908 2133; x_wconf 91' lang='lat' dir='ltr'><strong>mihi</strong></span> <span class='ocrx_word' id='word_1_186' title='bbox 1969 2077 2033 2134; x_wconf 89' lang='lat' dir='ltr'><strong>et</strong></span> <span class='ocrx_word' id='word_1_187' title='bbox 2093 2076 2270 2151; x_wconf 86' lang='lat' dir='ltr'><strong>grata</strong></span> <span class='ocrx_word' id='word_1_188' title='bbox 2328 2077 2478 2135; x_wconf 89' lang='lat' dir='ltr'><strong>sunt</strong></span> <span class='ocrx_word' id='word_1_189' title='bbox 2543 2079 2607 2136; x_wconf 90' lang='lat' dir='ltr'><strong>et</strong></span> 
     </span>
     <span class='ocr_line' id='line_1_21' title="bbox 192 2167 2608 2250; baseline 0.002 -22"><span class='ocrx_word' id='word_1_190' title='bbox 192 2167 495 2229; x_wconf 88' lang='lat' dir='ltr'><strong>iucunda.</strong></span> <span class='ocrx_word' id='word_1_191' title='bbox 583 2167 706 2229; x_wconf 83' lang='lat' dir='ltr'><strong>Sed</strong></span> <span class='ocrx_word' id='word_1_192' title='bbox 753 2169 843 2245; x_wconf 82' lang='lat' dir='ltr'><strong>tu,</strong></span> <span class='ocrx_word' id='word_1_193' title='bbox 894 2168 951 2228; x_wconf 91' lang='lat' dir='ltr'><strong>si</strong></span> <span class='ocrx_word' id='word_1_194' title='bbox 989 2187 1210 2229; x_wconf 84' lang='lat' dir='ltr'><strong>verum</strong></span> <span class='ocrx_word' id='word_1_195' title='bbox 1258 2169 1455 2243; x_wconf 88' lang='lat' dir='ltr'><strong>audis,</strong></span> <span class='ocrx_word' id='word_1_196' title='bbox 1509 2169 1854 2231; x_wconf 88' lang='lat' dir='ltr'><strong>amiculum</strong></span> <span class='ocrx_word' id='word_1_197' title='bbox 1901 2190 2031 2232; x_wconf 91' lang='lat' dir='ltr'><strong>non</strong></span> <span class='ocrx_word' id='word_1_198' title='bbox 2081 2191 2381 2250; x_wconf 89' lang='lat' dir='ltr'><strong>perquam</strong></span> <span class='ocrx_word' id='word_1_199' title='bbox 2426 2173 2608 2233; x_wconf 85' lang='lat' dir='ltr'><strong>vehe-</strong></span> 
     </span>
     <span class='ocr_line' id='line_1_22' title="bbox 189 2266 2605 2346; baseline 0.002 -19"><span class='ocrx_word' id='word_1_200' title='bbox 189 2270 445 2327; x_wconf 80' lang='lat' dir='ltr'><strong>menter</strong></span> <span class='ocrx_word' id='word_1_201' title='bbox 475 2266 678 2340; x_wconf 90' lang='lat' dir='ltr'><strong>mod0,</strong></span> <span class='ocrx_word' id='word_1_202' title='bbox 711 2266 818 2327; x_wconf 89' lang='lat' dir='ltr'><strong>sed</strong></span> <span class='ocrx_word' id='word_1_203' title='bbox 858 2269 923 2327; x_wconf 91' lang='lat' dir='ltr'><strong>et</strong></span> <span class='ocrx_word' id='word_1_204' title='bbox 964 2266 1188 2345; x_wconf 79' lang='lat' dir='ltr'><strong>inepte,</strong></span> <span class='ocrx_word' id='word_1_205' title='bbox 1219 2266 1453 2329; x_wconf 88' lang='lat' dir='ltr'><strong>laudas.</strong></span> <span class='ocrx_word' id='word_1_206' title='bbox 1542 2268 1963 2330; x_wconf 87' lang='lat' dir='ltr'><strong>Pecuniosum</strong></span> <span class='ocrx_word' id='word_1_207' title='bbox 2001 2270 2199 2330; x_wconf 88' lang='lat' dir='ltr'><strong>iactas</strong></span> <span class='ocrx_word' id='word_1_208' title='bbox 2231 2270 2605 2346; x_wconf 80' lang='lat' dir='ltr'><strong>Erasmum3</strong></span> 
     </span>
     <span class='ocr_line' id='line_1_23' title="bbox 189 2364 2607 2445; baseline 0.002 -20"><span class='ocrx_word' id='word_1_209' title='bbox 189 2364 342 2443; x_wconf 89' lang='lat' dir='ltr'><strong>quis</strong></span> <span class='ocrx_word' id='word_1_210' title='bbox 377 2364 547 2425; x_wconf 88' lang='lat' dir='ltr'><strong>istud</strong></span> <span class='ocrx_word' id='word_1_211' title='bbox 576 2364 698 2424; x_wconf 89' lang='lat' dir='ltr'><strong>tibi</strong></span> <span class='ocrx_word' id='word_1_212' title='bbox 726 2365 932 2425; x_wconf 85' lang='lat' dir='ltr'><strong>credat</strong></span> <span class='ocrx_word' id='word_1_213' title='bbox 962 2365 1039 2425; x_wconf 89' lang='lat' dir='ltr'><strong>de</strong></span> <span class='ocrx_word' id='word_1_214' title='bbox 1066 2365 1327 2426; x_wconf 89' lang='lat' dir='ltr'><strong>homine</strong></span> <span class='ocrx_word' id='word_1_215' title='bbox 1352 2368 1592 2445; x_wconf 88' lang='lat' dir='ltr'><strong>poetico</strong></span> <span class='ocrx_word' id='word_1_216' title='bbox 1617 2370 1681 2429; x_wconf 92' lang='lat' dir='ltr'><strong>et</strong></span> <span class='ocrx_word' id='word_1_217' title='bbox 1718 2367 1993 2429; x_wconf 85' lang='lat' dir='ltr'><strong>fataliter</strong></span> <span class='ocrx_word' id='word_1_218' title='bbox 2019 2368 2406 2429; x_wconf 86' lang='lat' dir='ltr'><strong>infortunato</strong></span> <span class='ocrx_word' id='word_1_219' title='bbox 2422 2371 2455 2430; x_wconf 63' lang='grc' dir='ltr'><strong>ἵ)</strong></span> <span class='ocrx_word' id='word_1_220' title='bbox 2536 2369 2607 2430; x_wconf 81' lang='lat' dir='ltr'><strong>Si</strong></span> 
     </span>
     <span class='ocr_line' id='line_1_24' title="bbox 188 2464 2699 2541; baseline 0.003 -18"><span class='ocrx_word' id='word_1_221' title='bbox 188 2466 443 2523; x_wconf 89' lang='lat' dir='ltr'><strong>certum</strong></span> <span class='ocrx_word' id='word_1_222' title='bbox 484 2464 581 2522; x_wconf 91' lang='lat' dir='ltr'><strong>est</strong></span> <span class='ocrx_word' id='word_1_223' title='bbox 620 2466 931 2524; x_wconf 88' lang='lat' dir='ltr'><strong>recentem</strong></span> <span class='ocrx_word' id='word_1_224' title='bbox 982 2464 1255 2524; x_wconf 88' lang='lat' dir='ltr'><strong>amicum</strong></span> <span class='ocrx_word' id='word_1_225' title='bbox 1300 2465 1428 2526; x_wconf 89' lang='lat' dir='ltr'><strong>tuis</strong></span> <span class='ocrx_word' id='word_1_226' title='bbox 1473 2466 1816 2527; x_wconf 81' lang='lat' dir='ltr'><strong>mendaciis</strong></span> <span class='ocrx_word' id='word_1_227' title='bbox 1864 2467 2187 2541; x_wconf 87' lang='lat' dir='ltr'><strong>celebrare,</strong></span> <span class='ocrx_word' id='word_1_228' title='bbox 2231 2467 2605 2528; x_wconf 80' lang='lat' dir='ltr'><strong>modestiam</strong></span> <span class='ocrx_word' id='word_1_229' title='bbox 2637 2494 2699 2531; x_wconf 83' lang='grc' dir='ltr'><strong>1ο</strong></span> 
     </span>
     <span class='ocr_line' id='line_1_25' title="bbox 186 2560 2607 2642; baseline 0.002 -20"><span class='ocrx_word' id='word_1_230' title='bbox 186 2562 370 2638; x_wconf 82' lang='lat' dir='ltr'><strong>finge</strong></span> <span class='ocrx_word' id='word_1_231' title='bbox 411 2560 726 2635; x_wconf 82' lang='lat' dir='ltr'><strong>eximiam,</strong></span> <span class='ocrx_word' id='word_1_232' title='bbox 767 2561 1034 2621; x_wconf 86' lang='lat' dir='ltr'><strong>mentire</strong></span> <span class='ocrx_word' id='word_1_233' title='bbox 1075 2562 1235 2623; x_wconf 88' lang='lat' dir='ltr'><strong>bene</strong></span> <span class='ocrx_word' id='word_1_234' title='bbox 1271 2563 1633 2638; x_wconf 83' lang='lat' dir='ltr'><strong>literatum3</strong></span> <span class='ocrx_word' id='word_1_235' title='bbox 1675 2565 1866 2625; x_wconf 86' lang='lat' dir='ltr'><strong>talem</strong></span> <span class='ocrx_word' id='word_1_236' title='bbox 1906 2565 2005 2625; x_wconf 86' lang='lat' dir='ltr'><strong>fac</strong></span> <span class='ocrx_word' id='word_1_237' title='bbox 2038 2565 2287 2642; x_wconf 86' lang='lat' dir='ltr'><strong>qualem</strong></span> <span class='ocrx_word' id='word_1_238' title='bbox 2327 2584 2431 2625; x_wconf 91' lang='lat' dir='ltr'><strong>me</strong></span> <span class='ocrx_word' id='word_1_239' title='bbox 2473 2584 2607 2627; x_wconf 88' lang='lat' dir='ltr'><strong>esse</strong></span> 
     </span>
     <span class='ocr_line' id='line_1_26' title="bbox 189 2658 1886 2741; baseline 0.002 -19"><span class='ocrx_word' id='word_1_240' title='bbox 189 2665 260 2722; x_wconf 91' lang='lat' dir='ltr'><strong>et</strong></span> <span class='ocrx_word' id='word_1_241' title='bbox 288 2658 552 2722; x_wconf 86' lang='lat' dir='ltr'><strong>decebat</strong></span> <span class='ocrx_word' id='word_1_242' title='bbox 576 2661 640 2721; x_wconf 88' lang='lat' dir='ltr'><strong>et</strong></span> <span class='ocrx_word' id='word_1_243' title='bbox 667 2660 849 2738; x_wconf 89' lang='lat' dir='ltr'><strong>cupio</strong></span> <span class='ocrx_word' id='word_1_244' title='bbox 877 2681 893 2733; x_wconf 78' lang='lat'>3</span> <span class='ocrx_word' id='word_1_245' title='bbox 935 2680 1080 2721; x_wconf 89' lang='lat' dir='ltr'><strong>cum</strong></span> <span class='ocrx_word' id='word_1_246' title='bbox 1106 2662 1370 2739; x_wconf 87' lang='lat' dir='ltr'><strong>pecunia</strong></span> <span class='ocrx_word' id='word_1_247' title='bbox 1396 2664 1545 2741; x_wconf 89' lang='lat' dir='ltr'><strong>quid</strong></span> <span class='ocrx_word' id='word_1_248' title='bbox 1575 2665 1835 2725; x_wconf 89' lang='lat' dir='ltr'><strong>Erasmo</strong></span> <span class='ocrx_word' id='word_1_249' title='bbox 1852 2666 1886 2726; x_wconf 79' lang='lat'><strong>⁴?</strong></span> 
     </span>
    </p>

    <p class='ocr_par' dir='ltr' id='par_1_9' title="bbox 178 2759 2695 4217">
     <span class='ocr_line' id='line_1_27' title="bbox 278 2759 2600 2841; baseline 0.001 -20"><span class='ocrx_word' id='word_1_250' title='bbox 278 2760 376 2821; x_wconf 91' lang='lat' dir='ltr'><strong>De</strong></span> <span class='ocrx_word' id='word_1_251' title='bbox 395 2759 761 2821; x_wconf 80' lang='lat' dir='ltr'><strong>valetudine</strong></span> <span class='ocrx_word' id='word_1_252' title='bbox 788 2763 852 2820; x_wconf 91' lang='lat' dir='ltr'><strong>te</strong></span> <span class='ocrx_word' id='word_1_253' title='bbox 879 2760 1203 2822; x_wconf 85' lang='lat' dir='ltr'><strong>certiorem</strong></span> <span class='ocrx_word' id='word_1_254' title='bbox 1223 2762 1362 2822; x_wconf 86' lang='lat' dir='ltr'><strong>fieri</strong></span> <span class='ocrx_word' id='word_1_255' title='bbox 1381 2783 1495 2840; x_wconf 85' lang='lat' dir='ltr'><strong>par</strong></span> <span class='ocrx_word' id='word_1_256' title='bbox 1521 2767 1670 2826; x_wconf 87' lang='lat' dir='ltr'><strong>erat.</strong></span> <span class='ocrx_word' id='word_1_257' title='bbox 1731 2765 1882 2841; x_wconf 88' lang='lat' dir='ltr'><strong>Ego,</strong></span> <span class='ocrx_word' id='word_1_258' title='bbox 1904 2765 1977 2823; x_wconf 85' lang='lat' dir='ltr'><strong>vt</strong></span> <span class='ocrx_word' id='word_1_259' title='bbox 1995 2763 2160 2840; x_wconf 88' lang='lat' dir='ltr'><strong>apud</strong></span> <span class='ocrx_word' id='word_1_260' title='bbox 2183 2765 2244 2822; x_wconf 88' lang='lat' dir='ltr'><strong>te</strong></span> <span class='ocrx_word' id='word_1_261' title='bbox 2268 2781 2600 2839; x_wconf 87' lang='lat' dir='ltr'><strong>coeperam,</strong></span> 
     </span>
     <span class='ocr_line' id='line_1_28' title="bbox 186 2859 2599 2939; baseline 0 -20"><span class='ocrx_word' id='word_1_262' title='bbox 186 2859 633 2920; x_wconf 79' lang='lat' dir='ltr'><strong>valetudinem</strong></span> <span class='ocrx_word' id='word_1_263' title='bbox 688 2877 895 2919; x_wconf 87' lang='lat' dir='ltr'><strong>meam</strong></span> <span class='ocrx_word' id='word_1_264' title='bbox 948 2861 1079 2920; x_wconf 90' lang='lat' dir='ltr'><strong>tota</strong></span> <span class='ocrx_word' id='word_1_265' title='bbox 1133 2859 1476 2923; x_wconf 87' lang='lat' dir='ltr'><strong>Hollandia</strong></span> <span class='ocrx_word' id='word_1_266' title='bbox 1533 2862 1993 2939; x_wconf 89' lang='lat' dir='ltr'><strong>compotatione</strong></span> <span class='ocrx_word' id='word_1_267' title='bbox 2057 2861 2258 2922; x_wconf 90' lang='lat' dir='ltr'><strong>multa</strong></span> <span class='ocrx_word' id='word_1_268' title='bbox 2320 2860 2599 2938; x_wconf 85' lang='lat' dir='ltr'><strong>fatigaui,</strong></span> 
     </span>
     <span class='ocr_line' id='line_1_29' title="bbox 187 2957 2695 3036; baseline 0.001 -18"><span class='ocrx_word' id='word_1_269' title='bbox 187 2957 455 3036; x_wconf 87' lang='lat' dir='ltr'><strong>perrupi</strong></span> <span class='ocrx_word' id='word_1_270' title='bbox 496 2960 713 3018; x_wconf 89' lang='lat' dir='ltr'><strong>tamen</strong></span> <span class='ocrx_word' id='word_1_271' title='bbox 752 2957 1030 3033; x_wconf 90' lang='lat' dir='ltr'><strong>pericula</strong></span> <span class='ocrx_word' id='word_1_272' title='bbox 1069 2961 1282 3019; x_wconf 90' lang='lat' dir='ltr'><strong>omnia</strong></span> <span class='ocrx_word' id='word_1_273' title='bbox 1321 2963 1385 3019; x_wconf 90' lang='lat' dir='ltr'><strong>et</strong></span> <span class='ocrx_word' id='word_1_274' title='bbox 1427 2960 1496 3021; x_wconf 88' lang='lat' dir='ltr'><strong>in</strong></span> <span class='ocrx_word' id='word_1_275' title='bbox 1536 2961 1749 3022; x_wconf 83' lang='lat' dir='ltr'><strong>virum</strong></span> <span class='ocrx_word' id='word_1_276' title='bbox 1780 2960 1969 3036; x_wconf 89' lang='lat' dir='ltr'><strong>euasi,</strong></span> <span class='ocrx_word' id='word_1_277' title='bbox 2003 2960 2187 3020; x_wconf 89' lang='lat' dir='ltr'><strong>rediit</strong></span> <span class='ocrx_word' id='word_1_278' title='bbox 2229 2962 2293 3019; x_wconf 91' lang='lat' dir='ltr'><strong>et</strong></span> <span class='ocrx_word' id='word_1_279' title='bbox 2334 2959 2502 3020; x_wconf 91' lang='lat' dir='ltr'><strong>color</strong></span> <span class='ocrx_word' id='word_1_280' title='bbox 2540 2961 2604 3020; x_wconf 93' lang='lat' dir='ltr'><strong>et</strong></span> <span class='ocrx_word' id='word_1_281' title='bbox 2638 2984 2695 3036; x_wconf 82' lang='lat'><strong>¹5</strong></span> 
     </span>
     <span class='ocr_line' id='line_1_30' title="bbox 185 3057 2602 3133; baseline 0 -15"><span class='ocrx_word' id='word_1_282' title='bbox 185 3058 452 3118; x_wconf 84' lang='lat' dir='ltr'><strong>animus</strong></span> <span class='ocrx_word' id='word_1_283' title='bbox 476 3077 496 3130; x_wconf 82' lang='lat'>3</span> <span class='ocrx_word' id='word_1_284' title='bbox 526 3074 787 3133; x_wconf 87' lang='lat' dir='ltr'><strong>superos</strong></span> <span class='ocrx_word' id='word_1_285' title='bbox 812 3075 1025 3133; x_wconf 86' lang='lat' dir='ltr'><strong>precor</strong></span> <span class='ocrx_word' id='word_1_286' title='bbox 1050 3059 1122 3116; x_wconf 82' lang='lat' dir='ltr'><strong>vt</strong></span> <span class='ocrx_word' id='word_1_287' title='bbox 1148 3076 1382 3118; x_wconf 89' lang='lat' dir='ltr'><strong>munus</strong></span> <span class='ocrx_word' id='word_1_288' title='bbox 1401 3077 1588 3118; x_wconf 90' lang='lat' dir='ltr'><strong>suum</strong></span> <span class='ocrx_word' id='word_1_289' title='bbox 1609 3062 1924 3120; x_wconf 88' lang='lat' dir='ltr'><strong>tueantur.</strong></span> <span class='ocrx_word' id='word_1_290' title='bbox 1987 3057 2237 3118; x_wconf 82' lang='lat' dir='ltr'><strong>Vitium</strong></span> <span class='ocrx_word' id='word_1_291' title='bbox 2254 3059 2602 3119; x_wconf 89' lang='lat' dir='ltr'><strong>extremum</strong></span> 
     </span>
     <span class='ocr_line' id='line_1_31' title="bbox 184 3150 2604 3230; baseline 0.001 -19"><span class='ocrx_word' id='word_1_292' title='bbox 184 3151 547 3230; x_wconf 89' lang='lat' dir='ltr'><strong>periculum</strong></span> <span class='ocrx_word' id='word_1_293' title='bbox 605 3151 902 3211; x_wconf 89' lang='lat' dir='ltr'><strong>Dordraci</strong></span> <span class='ocrx_word' id='word_1_294' title='bbox 956 3151 1089 3224; x_wconf 86' lang='lat' dir='ltr'><strong>feci,</strong></span> <span class='ocrx_word' id='word_1_295' title='bbox 1150 3150 1310 3213; x_wconf 90' lang='lat' dir='ltr'><strong>bene</strong></span> <span class='ocrx_word' id='word_1_296' title='bbox 1365 3155 1701 3230; x_wconf 89' lang='lat' dir='ltr'><strong>processit;</strong></span> <span class='ocrx_word' id='word_1_297' title='bbox 1771 3173 1990 3214; x_wconf 90' lang='lat' dir='ltr'><strong>omnes</strong></span> <span class='ocrx_word' id='word_1_298' title='bbox 2045 3172 2338 3214; x_wconf 89' lang='lat' dir='ltr'><strong>numeros</strong></span> <span class='ocrx_word' id='word_1_299' title='bbox 2391 3153 2604 3213; x_wconf 90' lang='lat' dir='ltr'><strong>adesse</strong></span> 
     </span>
     <span class='ocr_line' id='line_1_32' title="bbox 185 3249 2602 3330; baseline -0 -18"><span class='ocrx_word' id='word_1_300' title='bbox 185 3249 565 3312; x_wconf 83' lang='lat' dir='ltr'><strong>sentiebam.</strong></span> <span class='ocrx_word' id='word_1_301' title='bbox 655 3249 816 3311; x_wconf 86' lang='lat' dir='ltr'><strong>Sane</strong></span> <span class='ocrx_word' id='word_1_302' title='bbox 844 3269 1030 3328; x_wconf 89' lang='lat' dir='ltr'><strong>quam</strong></span> <span class='ocrx_word' id='word_1_303' title='bbox 1058 3250 1299 3312; x_wconf 88' lang='lat' dir='ltr'><strong>inuitus</strong></span> <span class='ocrx_word' id='word_1_304' title='bbox 1325 3271 1401 3313; x_wconf 89' lang='lat' dir='ltr'><strong>ex</strong></span> <span class='ocrx_word' id='word_1_305' title='bbox 1425 3273 1497 3313; x_wconf 89' lang='lat' dir='ltr'><strong>eo</strong></span> <span class='ocrx_word' id='word_1_306' title='bbox 1527 3253 1755 3330; x_wconf 89' lang='lat' dir='ltr'><strong>oppido</strong></span> <span class='ocrx_word' id='word_1_307' title='bbox 1784 3272 1926 3313; x_wconf 92' lang='lat' dir='ltr'><strong>sum</strong></span> <span class='ocrx_word' id='word_1_308' title='bbox 1950 3254 2278 3326; x_wconf 87' lang='lat' dir='ltr'><strong>extractus,</strong></span> <span class='ocrx_word' id='word_1_309' title='bbox 2312 3254 2375 3311; x_wconf 91' lang='lat' dir='ltr'><strong>et</strong></span> <span class='ocrx_word' id='word_1_310' title='bbox 2414 3270 2602 3329; x_wconf 88' lang='lat' dir='ltr'><strong>quam</strong></span> 
     </span>
     <span class='ocr_line' id='line_1_33' title="bbox 184 3346 2604 3427; baseline 0.001 -18"><span class='ocrx_word' id='word_1_311' title='bbox 184 3348 381 3409; x_wconf 87' lang='lat' dir='ltr'><strong>illinc</strong></span> <span class='ocrx_word' id='word_1_312' title='bbox 435 3346 681 3408; x_wconf 88' lang='lat' dir='ltr'><strong>inuitus</strong></span> <span class='ocrx_word' id='word_1_313' title='bbox 729 3348 999 3422; x_wconf 87' lang='lat' dir='ltr'><strong>discessi,</strong></span> <span class='ocrx_word' id='word_1_314' title='bbox 1050 3351 1181 3408; x_wconf 87' lang='lat' dir='ltr'><strong>tam</strong></span> <span class='ocrx_word' id='word_1_315' title='bbox 1231 3349 1336 3411; x_wconf 83' lang='lat' dir='ltr'><strong>hic</strong></span> <span class='ocrx_word' id='word_1_316' title='bbox 1381 3350 1624 3412; x_wconf 89' lang='lat' dir='ltr'><strong>inuitus</strong></span> <span class='ocrx_word' id='word_1_317' title='bbox 1670 3351 1909 3414; x_wconf 89' lang='lat' dir='ltr'><strong>haereo.</strong></span> <span class='ocrx_word' id='word_1_318' title='bbox 1998 3349 2180 3426; x_wconf 80' lang='lat' dir='ltr'><strong>Quid,</strong></span> <span class='ocrx_word' id='word_1_319' title='bbox 2226 3349 2490 3427; x_wconf 90' lang='lat' dir='ltr'><strong>inquies,</strong></span> <span class='ocrx_word' id='word_1_320' title='bbox 2539 3353 2604 3411; x_wconf 91' lang='lat' dir='ltr'><strong>te</strong></span> 
     </span>
     <span class='ocr_line' id='line_1_34' title="bbox 186 3445 2694 3528; baseline 0.001 -22"><span class='ocrx_word' id='word_1_321' title='bbox 186 3448 597 3507; x_wconf 74' lang='lat' dir='ltr'><strong>remoratur?</strong></span> <span class='ocrx_word' id='word_1_322' title='bbox 664 3445 871 3506; x_wconf 83' lang='lat' dir='ltr'><strong>Malus</strong></span> <span class='ocrx_word' id='word_1_323' title='bbox 917 3447 1097 3507; x_wconf 86' lang='lat' dir='ltr'><strong>credo</strong></span> <span class='ocrx_word' id='word_1_324' title='bbox 1145 3448 1366 3525; x_wconf 89' lang='lat' dir='ltr'><strong>genius</strong></span> <span class='ocrx_word' id='word_1_325' title='bbox 1412 3469 1605 3524; x_wconf 88' lang='lat' dir='ltr'><strong>meus,</strong></span> <span class='ocrx_word' id='word_1_326' title='bbox 1655 3450 1762 3528; x_wconf 89' lang='lat' dir='ltr'><strong>qui</strong></span> <span class='ocrx_word' id='word_1_327' title='bbox 1814 3448 1976 3509; x_wconf 90' lang='lat' dir='ltr'><strong>mihi</strong></span> <span class='ocrx_word' id='word_1_328' title='bbox 2024 3449 2262 3509; x_wconf 74' lang='lat' dir='ltr'><strong>loculos</strong></span> <span class='ocrx_word' id='word_1_329' title='bbox 2314 3447 2419 3508; x_wconf 89' lang='lat' dir='ltr'><strong>hic</strong></span> <span class='ocrx_word' id='word_1_330' title='bbox 2467 3447 2602 3507; x_wconf 87' lang='lat' dir='ltr'><strong>sine</strong></span> <span class='ocrx_word' id='word_1_331' title='bbox 2631 3472 2694 3509; x_wconf 75' lang='lat' dir='ltr'><strong>ao</strong></span> 
     </span>
     <span class='ocr_line' id='line_1_35' title="bbox 183 3543 2604 3623; baseline 0 -19"><span class='ocrx_word' id='word_1_332' title='bbox 183 3545 406 3605; x_wconf 81' lang='lat' dir='ltr'><strong>fructu</strong></span> <span class='ocrx_word' id='word_1_333' title='bbox 462 3543 773 3605; x_wconf 82' lang='lat' dir='ltr'><strong>exhaurit.</strong></span> <span class='ocrx_word' id='word_1_334' title='bbox 873 3546 1063 3623; x_wconf 88' lang='lat' dir='ltr'><strong>Apud</strong></span> <span class='ocrx_word' id='word_1_335' title='bbox 1116 3547 1489 3608; x_wconf 86' lang='lat' dir='ltr'><strong>Antistitem</strong></span> <span class='ocrx_word' id='word_1_336' title='bbox 1545 3568 1687 3607; x_wconf 89' lang='lat' dir='ltr'><strong>sum</strong></span> <span class='ocrx_word' id='word_1_337' title='bbox 1743 3549 1954 3608; x_wconf 89' lang='lat' dir='ltr'><strong>decem</strong></span> <span class='ocrx_word' id='word_1_338' title='bbox 2008 3548 2204 3606; x_wconf 84' lang='lat' dir='ltr'><strong>ferme</strong></span> <span class='ocrx_word' id='word_1_339' title='bbox 2256 3546 2389 3606; x_wconf 90' lang='lat' dir='ltr'><strong>dies</strong></span> <span class='ocrx_word' id='word_1_340' title='bbox 2443 3564 2604 3606; x_wconf 89' lang='lat' dir='ltr'><strong>com·</strong></span> 
     </span>
     <span class='ocr_line' id='line_1_36' title="bbox 184 3642 2604 3724; baseline -0 -20"><span class='ocrx_word' id='word_1_341' title='bbox 184 3646 503 3704; x_wconf 87' lang='lat' dir='ltr'><strong>moratus.</strong></span> <span class='ocrx_word' id='word_1_342' title='bbox 590 3642 659 3703; x_wconf 91' lang='lat' dir='ltr'><strong>Is</strong></span> <span class='ocrx_word' id='word_1_343' title='bbox 702 3642 924 3722; x_wconf 89' lang='lat' dir='ltr'><strong>quinto</strong></span> <span class='ocrx_word' id='word_1_344' title='bbox 968 3643 1183 3705; x_wconf 84' lang='lat' dir='ltr'><strong>Nonas</strong></span> <span class='ocrx_word' id='word_1_345' title='bbox 1226 3645 1425 3706; x_wconf 89' lang='lat' dir='ltr'><strong>Iulias</strong></span> <span class='ocrx_word' id='word_1_346' title='bbox 1465 3666 1609 3706; x_wconf 92' lang='lat' dir='ltr'><strong>cum</strong></span> <span class='ocrx_word' id='word_1_347' title='bbox 1652 3646 1962 3724; x_wconf 87' lang='lat' dir='ltr'><strong>legatione</strong></span> <span class='ocrx_word' id='word_1_348' title='bbox 2002 3645 2072 3704; x_wconf 91' lang='lat' dir='ltr'><strong>in</strong></span> <span class='ocrx_word' id='word_1_349' title='bbox 2113 3643 2415 3721; x_wconf 87' lang='lat' dir='ltr'><strong>Angliam</strong></span> <span class='ocrx_word' id='word_1_350' title='bbox 2463 3662 2604 3704; x_wconf 87' lang='lat' dir='ltr'><strong>con·</strong></span> 
     </span>
     <span class='ocr_line' id='line_1_37' title="bbox 183 3742 2604 3822; baseline -0.001 -17"><span class='ocrx_word' id='word_1_351' title='bbox 183 3742 408 3805; x_wconf 82' lang='lat' dir='ltr'><strong>cessit.</strong></span> <span class='ocrx_word' id='word_1_352' title='bbox 522 3742 751 3803; x_wconf 85' lang='lat' dir='ltr'><strong>Nocuit</strong></span> <span class='ocrx_word' id='word_1_353' title='bbox 792 3745 857 3803; x_wconf 90' lang='lat' dir='ltr'><strong>et</strong></span> <span class='ocrx_word' id='word_1_354' title='bbox 899 3743 1053 3804; x_wconf 87' lang='lat' dir='ltr'><strong>haec</strong></span> <span class='ocrx_word' id='word_1_355' title='bbox 1106 3743 1273 3804; x_wconf 88' lang='lat' dir='ltr'><strong>mihi</strong></span> <span class='ocrx_word' id='word_1_356' title='bbox 1324 3744 1567 3822; x_wconf 90' lang='lat' dir='ltr'><strong>legatio.</strong></span> <span class='ocrx_word' id='word_1_357' title='bbox 1682 3744 1848 3805; x_wconf 83' lang='lat' dir='ltr'><strong>Nam</strong></span> <span class='ocrx_word' id='word_1_358' title='bbox 1902 3744 2248 3822; x_wconf 86' lang='lat' dir='ltr'><strong>Episcopus</strong></span> <span class='ocrx_word' id='word_1_359' title='bbox 2303 3746 2366 3803; x_wconf 90' lang='lat' dir='ltr'><strong>et</strong></span> <span class='ocrx_word' id='word_1_360' title='bbox 2419 3742 2604 3804; x_wconf 89' lang='lat' dir='ltr'><strong>turba</strong></span> 
     </span>
     <span class='ocr_line' id='line_1_38' title="bbox 183 3841 2602 3921; baseline 0 -19"><span class='ocrx_word' id='word_1_361' title='bbox 183 3841 595 3920; x_wconf 88' lang='lat' dir='ltr'><strong>negotiorum</strong></span> <span class='ocrx_word' id='word_1_362' title='bbox 631 3860 962 3920; x_wconf 90' lang='lat' dir='ltr'><strong>oppressus</strong></span> <span class='ocrx_word' id='word_1_363' title='bbox 997 3846 1061 3903; x_wconf 90' lang='lat' dir='ltr'><strong>et</strong></span> <span class='ocrx_word' id='word_1_364' title='bbox 1096 3843 1171 3902; x_wconf 90' lang='lat' dir='ltr'><strong>de</strong></span> <span class='ocrx_word' id='word_1_365' title='bbox 1204 3843 1429 3904; x_wconf 86' lang='lat' dir='ltr'><strong>viatico</strong></span> <span class='ocrx_word' id='word_1_366' title='bbox 1465 3844 1853 3921; x_wconf 88' lang='lat' dir='ltr'><strong>congerendo</strong></span> <span class='ocrx_word' id='word_1_367' title='bbox 1886 3842 2208 3918; x_wconf 90' lang='lat' dir='ltr'><strong>sollicitus,</strong></span> <span class='ocrx_word' id='word_1_368' title='bbox 2237 3844 2424 3920; x_wconf 90' lang='lat' dir='ltr'><strong>atque</strong></span> <span class='ocrx_word' id='word_1_369' title='bbox 2449 3843 2602 3902; x_wconf 88' lang='lat' dir='ltr'><strong>adeo</strong></span> 
     </span>
     <span class='ocr_line' id='line_1_39' title="bbox 178 3939 2690 4019; baseline -0.002 -16"><span class='ocrx_word' id='word_1_370' title='bbox 178 3941 518 4003; x_wconf 86' lang='lat' dir='ltr'><strong>subiratus</strong></span> <span class='ocrx_word' id='word_1_371' title='bbox 557 3941 718 4017; x_wconf 90' lang='lat' dir='ltr'><strong>quod</strong></span> <span class='ocrx_word' id='word_1_372' title='bbox 747 3939 1046 4018; x_wconf 88' lang='lat' dir='ltr'><strong>Princeps</strong></span> <span class='ocrx_word' id='word_1_373' title='bbox 1072 3941 1422 4019; x_wconf 84' lang='lat' dir='ltr'><strong>Philippus,</strong></span> <span class='ocrx_word' id='word_1_374' title='bbox 1465 3941 1642 4002; x_wconf 91' lang='lat' dir='ltr'><strong>cuius</strong></span> <span class='ocrx_word' id='word_1_375' title='bbox 1675 3940 1933 4002; x_wconf 88' lang='lat' dir='ltr'><strong>nomine</strong></span> <span class='ocrx_word' id='word_1_376' title='bbox 1969 3940 2264 4014; x_wconf 87' lang='lat' dir='ltr'><strong>mittitur,</strong></span> <span class='ocrx_word' id='word_1_377' title='bbox 2296 3939 2604 4002; x_wconf 86' lang='lat' dir='ltr'><strong>sexcentis</strong></span> <span class='ocrx_word' id='word_1_378' title='bbox 2629 3963 2655 3997; x_wconf 79' lang='lat'>2</span> <span class='ocrx_word' id='word_1_379' title='bbox 2660 3962 2690 4014; x_wconf 85' lang='lat'>5</span> 
     </span>
     <span class='ocr_line' id='line_1_40' title="bbox 183 4037 2604 4118; baseline 0 -18"><span class='ocrx_word' id='word_1_380' title='bbox 183 4040 531 4100; x_wconf 84' lang='lat' dir='ltr'><strong>dumtaxat</strong></span> <span class='ocrx_word' id='word_1_381' title='bbox 583 4037 789 4098; x_wconf 89' lang='lat' dir='ltr'><strong>aureis</strong></span> <span class='ocrx_word' id='word_1_382' title='bbox 841 4038 1087 4113; x_wconf 89' lang='lat' dir='ltr'><strong>iuuerit,</strong></span> <span class='ocrx_word' id='word_1_383' title='bbox 1138 4041 1415 4100; x_wconf 89' lang='lat' dir='ltr'><strong>multum</strong></span> <span class='ocrx_word' id='word_1_384' title='bbox 1469 4042 1634 4118; x_wconf 87' lang='lat' dir='ltr'><strong>apud</strong></span> <span class='ocrx_word' id='word_1_385' title='bbox 1689 4060 1791 4100; x_wconf 91' lang='lat' dir='ltr'><strong>me</strong></span> <span class='ocrx_word' id='word_1_386' title='bbox 1847 4039 2255 4118; x_wconf 88' lang='lat' dir='ltr'><strong>querelarum,</strong></span> <span class='ocrx_word' id='word_1_387' title='bbox 2305 4039 2604 4117; x_wconf 88' lang='lat' dir='ltr'><strong>pecuniae</strong></span> 
     </span>
     <span class='ocr_line' id='line_1_41' title="bbox 178 4136 2603 4217; baseline 0 -20"><span class='ocrx_word' id='word_1_388' title='bbox 178 4155 531 4217; x_wconf 86' lang='lat' dir='ltr'><strong>perparum</strong></span> <span class='ocrx_word' id='word_1_389' title='bbox 558 4136 796 4197; x_wconf 84' lang='lat' dir='ltr'><strong>effudit.</strong></span> <span class='ocrx_word' id='word_1_390' title='bbox 881 4136 1081 4212; x_wconf 84' lang='lat' dir='ltr'><strong>Nunc,</strong></span> <span class='ocrx_word' id='word_1_391' title='bbox 1112 4139 1275 4214; x_wconf 89' lang='lat' dir='ltr'><strong>quod</strong></span> <span class='ocrx_word' id='word_1_392' title='bbox 1303 4142 1399 4199; x_wconf 90' lang='lat' dir='ltr'><strong>est</strong></span> <span class='ocrx_word' id='word_1_393' title='bbox 1432 4138 1962 4212; x_wconf 89' lang='lat' dir='ltr'><strong>molestissimum,</strong></span> <span class='ocrx_word' id='word_1_394' title='bbox 1995 4136 2098 4198; x_wconf 88' lang='lat' dir='ltr'><strong>hic</strong></span> <span class='ocrx_word' id='word_1_395' title='bbox 2125 4137 2348 4198; x_wconf 90' lang='lat' dir='ltr'><strong>haereo</strong></span> <span class='ocrx_word' id='word_1_396' title='bbox 2375 4156 2603 4216; x_wconf 87' lang='lat' dir='ltr'><strong>magno</strong></span> 
     </span>
    </p>
   </div>
   <div class='ocr_carea' id='block_1_9' title="bbox 1116 4252 1725 4314">
    <p class='ocr_par' dir='ltr' id='par_1_10' title="bbox 1116 4252 1725 4314">
     <span class='ocr_line' id='line_1_42' title="bbox 1116 4252 1725 4314; baseline 0.003 -14"><span class='ocrx_word' id='word_1_397' title='bbox 1116 4266 1190 4314; x_wconf 85' lang='lat'><strong>¹9·</strong></span> <span class='ocrx_word' id='word_1_398' title='bbox 1226 4254 1340 4301; x_wconf 89' lang='lat' dir='ltr'><strong>tam</strong></span> <span class='ocrx_word' id='word_1_399' title='bbox 1365 4255 1473 4301; x_wconf 84' lang='lat' dir='ltr'><strong>LB:</strong></span> <span class='ocrx_word' id='word_1_400' title='bbox 1508 4254 1629 4301; x_wconf 90' lang='lat' dir='ltr'><strong>tum</strong></span> <span class='ocrx_word' id='word_1_401' title='bbox 1655 4252 1725 4303; x_wconf 88' lang='lat'><strong>0¹.</strong></span> 
     </span>
    </p>
   </div>
   <div class='ocr_carea' id='block_1_10' title="bbox 171 4365 2601 4760">
    <p class='ocr_par' dir='ltr' id='par_1_11' title="bbox 180 4365 2601 4497">
     <span class='ocr_line' id='line_1_43' title="bbox 259 4365 2598 4433; baseline 0 -16"><span class='ocrx_word' id='word_1_402' title='bbox 259 4383 315 4429; x_wconf 83' lang='lat'><strong>3.</strong></span> <span class='ocrx_word' id='word_1_403' title='bbox 346 4365 716 4431; x_wconf 80' lang='lat' dir='ltr'><strong>Theobaldus]</strong></span> <span class='ocrx_word' id='word_1_404' title='bbox 767 4366 941 4416; x_wconf 82' lang='lat' dir='ltr'><strong>There</strong></span> <span class='ocrx_word' id='word_1_405' title='bbox 987 4368 1036 4417; x_wconf 87' lang='lat' dir='ltr'><strong>is</strong></span> <span class='ocrx_word' id='word_1_406' title='bbox 1081 4381 1151 4416; x_wconf 95' lang='lat' dir='ltr'><strong>no</strong></span> <span class='ocrx_word' id='word_1_407' title='bbox 1196 4367 1356 4418; x_wconf 88' lang='lat' dir='ltr'><strong>other</strong></span> <span class='ocrx_word' id='word_1_408' title='bbox 1517 4383 1600 4419; x_wconf 75' lang='lat'><strong>21.</strong></span> <span class='ocrx_word' id='word_1_409' title='bbox 1635 4367 1989 4433; x_wconf 59' lang='lat' dir='ltr'><strong>Antistium]</strong></span> <span class='ocrx_word' id='word_1_410' title='bbox 2035 4366 2230 4430; x_wconf 83' lang='lat' dir='ltr'><strong>Henry</strong></span> <span class='ocrx_word' id='word_1_411' title='bbox 2272 4368 2333 4417; x_wconf 77' lang='lat' dir='ltr'><strong>of</strong></span> <span class='ocrx_word' id='word_1_412' title='bbox 2371 4368 2598 4431; x_wconf 88' lang='lat' dir='ltr'><strong>Bergen.</strong></span> 
     </span>
     <span class='ocr_line' id='line_1_44' title="bbox 180 4432 2601 4497; baseline -0 -14"><span class='ocrx_word' id='word_1_413' title='bbox 180 4435 450 4483; x_wconf 81' lang='lat' dir='ltr'><strong>mention</strong></span> <span class='ocrx_word' id='word_1_414' title='bbox 474 4433 535 4482; x_wconf 76' lang='lat' dir='ltr'><strong>of</strong></span> <span class='ocrx_word' id='word_1_415' title='bbox 551 4432 806 4484; x_wconf 80' lang='lat' dir='ltr'><strong>Gerard&#39;s</strong></span> <span class='ocrx_word' id='word_1_416' title='bbox 825 4432 1090 4483; x_wconf 80' lang='lat' dir='ltr'><strong>brothers.</strong></span> <span class='ocrx_word' id='word_1_417' title='bbox 1456 4433 1564 4483; x_wconf 84' lang='lat' dir='ltr'><strong>For</strong></span> <span class='ocrx_word' id='word_1_418' title='bbox 1593 4434 1681 4484; x_wconf 80' lang='lat' dir='ltr'><strong>his</strong></span> <span class='ocrx_word' id='word_1_419' title='bbox 1711 4435 1962 4497; x_wconf 81' lang='lat' dir='ltr'><strong>embassy</strong></span> <span class='ocrx_word' id='word_1_420' title='bbox 1994 4437 2052 4484; x_wconf 91' lang='lat' dir='ltr'><strong>to</strong></span> <span class='ocrx_word' id='word_1_421' title='bbox 2084 4433 2335 4497; x_wconf 80' lang='lat' dir='ltr'><strong>England</strong></span> <span class='ocrx_word' id='word_1_422' title='bbox 2373 4434 2434 4482; x_wconf 89' lang='lat' dir='ltr'><strong>in</strong></span> <span class='ocrx_word' id='word_1_423' title='bbox 2473 4435 2601 4496; x_wconf 83' lang='lat'>1498</span> 
     </span>
    </p>

    <p class='ocr_par' dir='ltr' id='par_1_12' title="bbox 265 4498 2596 4563">
     <span class='ocr_line' id='line_1_45' title="bbox 265 4498 2596 4563; baseline 0.001 -16"><span class='ocrx_word' id='word_1_424' title='bbox 265 4513 347 4560; x_wconf 84' lang='grc'><strong>13.</strong></span> <span class='ocrx_word' id='word_1_425' title='bbox 380 4498 726 4563; x_wconf 76' lang='lat' dir='ltr'><strong>valetudine]</strong></span> <span class='ocrx_word' id='word_1_426' title='bbox 752 4498 831 4548; x_wconf 75' lang='lat' dir='ltr'><strong>Cf.</strong></span> <span class='ocrx_word' id='word_1_427' title='bbox 860 4498 992 4562; x_wconf 85' lang='lat' dir='ltr'><strong>Epp.</strong></span> <span class='ocrx_word' id='word_1_428' title='bbox 1020 4513 1100 4563; x_wconf 83' lang='lat'><strong>74,</strong></span> <span class='ocrx_word' id='word_1_429' title='bbox 1125 4512 1175 4561; x_wconf 86' lang='lat'><strong>5.</strong></span> <span class='ocrx_word' id='word_1_430' title='bbox 1455 4515 1542 4549; x_wconf 89' lang='lat' dir='ltr'><strong>see</strong></span> <span class='ocrx_word' id='word_1_431' title='bbox 1557 4499 1890 4562; x_wconf 82' lang='lat' dir='ltr'><strong>Bergenroth</strong></span> <span class='ocrx_word' id='word_1_432' title='bbox 1907 4501 1945 4549; x_wconf 91' lang='lat' dir='ltr'><strong>i.</strong></span> <span class='ocrx_word' id='word_1_433' title='bbox 1964 4503 2072 4562; x_wconf 89' lang='lat'><strong>196,</strong></span> <span class='ocrx_word' id='word_1_434' title='bbox 2090 4514 2203 4561; x_wconf 81' lang='lat'><strong>203,</strong></span> <span class='ocrx_word' id='word_1_435' title='bbox 2221 4515 2335 4560; x_wconf 76' lang='lat'><strong>204,</strong></span> <span class='ocrx_word' id='word_1_436' title='bbox 2353 4514 2469 4558; x_wconf 77' lang='lat' dir='ltr'><strong>aar,</strong></span> <span class='ocrx_word' id='word_1_437' title='bbox 2483 4514 2596 4562; x_wconf 74' lang='lat'><strong>227.</strong></span> 
     </span>
    </p>

    <p class='ocr_par' dir='ltr' id='par_1_13' title="bbox 171 4563 2601 4760">
     <span class='ocr_line' id='line_1_46' title="bbox 264 4563 2601 4628; baseline 0.001 -16"><span class='ocrx_word' id='word_1_438' title='bbox 264 4579 347 4625; x_wconf 85' lang='lat'><strong>17.</strong></span> <span class='ocrx_word' id='word_1_439' title='bbox 381 4563 668 4628; x_wconf 80' lang='lat' dir='ltr'><strong>Dordraci]</strong></span> <span class='ocrx_word' id='word_1_440' title='bbox 760 4563 1000 4626; x_wconf 86' lang='lat' dir='ltr'><strong>Perhaps</strong></span> <span class='ocrx_word' id='word_1_441' title='bbox 1081 4579 1153 4614; x_wconf 91' lang='lat' dir='ltr'><strong>on</strong></span> <span class='ocrx_word' id='word_1_442' title='bbox 1238 4565 1353 4614; x_wconf 88' lang='lat' dir='ltr'><strong>this</strong></span> <span class='ocrx_word' id='word_1_443' title='bbox 1453 4564 1570 4614; x_wconf 81' lang='lat' dir='ltr'><strong>The</strong></span> <span class='ocrx_word' id='word_1_444' title='bbox 1612 4566 1812 4614; x_wconf 80' lang='lat' dir='ltr'><strong>arrival</strong></span> <span class='ocrx_word' id='word_1_445' title='bbox 1856 4565 1916 4614; x_wconf 77' lang='lat' dir='ltr'><strong>of</strong></span> <span class='ocrx_word' id='word_1_446' title='bbox 1954 4566 2051 4614; x_wconf 86' lang='lat' dir='ltr'><strong>the</strong></span> <span class='ocrx_word' id='word_1_447' title='bbox 2091 4565 2454 4614; x_wconf 83' lang='lat' dir='ltr'><strong>ambassadors</strong></span> <span class='ocrx_word' id='word_1_448' title='bbox 2488 4578 2601 4614; x_wconf 80' lang='lat' dir='ltr'><strong>was</strong></span> 
     </span>
     <span class='ocr_line' id='line_1_47' title="bbox 173 4628 2596 4694; baseline 0 -16"><span class='ocrx_word' id='word_1_449' title='bbox 173 4631 478 4694; x_wconf 66' lang='lat' dir='ltr'><strong>agreeable</strong></span> <span class='ocrx_word' id='word_1_450' title='bbox 536 4628 783 4680; x_wconf 82' lang='lat' dir='ltr'><strong>occasion</strong></span> <span class='ocrx_word' id='word_1_451' title='bbox 843 4629 1099 4679; x_wconf 82' lang='lat' dir='ltr'><strong>Erasmus</strong></span> <span class='ocrx_word' id='word_1_452' title='bbox 1155 4629 1352 4680; x_wconf 81' lang='lat' dir='ltr'><strong>visited</strong></span> <span class='ocrx_word' id='word_1_453' title='bbox 1453 4630 1620 4694; x_wconf 83' lang='lat' dir='ltr'><strong>being</strong></span> <span class='ocrx_word' id='word_1_454' title='bbox 1651 4630 1853 4694; x_wconf 79' lang='lat' dir='ltr'><strong>hourly</strong></span> <span class='ocrx_word' id='word_1_455' title='bbox 1882 4631 2139 4694; x_wconf 86' lang='lat' dir='ltr'><strong>expected</strong></span> <span class='ocrx_word' id='word_1_456' title='bbox 2171 4632 2231 4679; x_wconf 89' lang='lat' dir='ltr'><strong>in</strong></span> <span class='ocrx_word' id='word_1_457' title='bbox 2266 4630 2494 4679; x_wconf 89' lang='lat' dir='ltr'><strong>London</strong></span> <span class='ocrx_word' id='word_1_458' title='bbox 2528 4643 2596 4679; x_wconf 89' lang='lat' dir='ltr'><strong>on</strong></span> 
     </span>
     <span class='ocr_line' id='line_1_48' title="bbox 171 4693 2475 4760; baseline 0 -13"><span class='ocrx_word' id='word_1_459' title='bbox 171 4698 287 4747; x_wconf 73' lang='lat' dir='ltr'><strong>hin</strong></span> <span class='ocrx_word' id='word_1_460' title='bbox 310 4697 570 4748; x_wconf 82' lang='lat' dir='ltr'><strong>mother&#39;s</strong></span> <span class='ocrx_word' id='word_1_461' title='bbox 590 4693 860 4747; x_wconf 84' lang='lat' dir='ltr'><strong>brothers.</strong></span> <span class='ocrx_word' id='word_1_462' title='bbox 924 4695 1003 4745; x_wconf 78' lang='lat' dir='ltr'><strong>Cf.</strong></span> <span class='ocrx_word' id='word_1_463' title='bbox 1032 4696 1088 4744; x_wconf 88' lang='lat' dir='ltr'><strong>ii.</strong></span> <span class='ocrx_word' id='word_1_464' title='bbox 1114 4710 1165 4758; x_wconf 84' lang='lat'><strong>3,</strong></span> <span class='ocrx_word' id='word_1_465' title='bbox 1189 4713 1234 4754; x_wconf 78' lang='lat'><strong>4·</strong></span> <span class='ocrx_word' id='word_1_466' title='bbox 1462 4696 1520 4744; x_wconf 84' lang='lat'><strong>18</strong></span> <span class='ocrx_word' id='word_1_467' title='bbox 1542 4696 1690 4760; x_wconf 76' lang='lat' dir='ltr'><strong>July.</strong></span> <span class='ocrx_word' id='word_1_468' title='bbox 1759 4696 1911 4760; x_wconf 82' lang='lat' dir='ltr'><strong>They</strong></span> <span class='ocrx_word' id='word_1_469' title='bbox 1935 4697 2033 4746; x_wconf 77' lang='lat' dir='ltr'><strong>left</strong></span> <span class='ocrx_word' id='word_1_470' title='bbox 2056 4698 2220 4746; x_wconf 79' lang='lat' dir='ltr'><strong>about</strong></span> <span class='ocrx_word' id='word_1_471' title='bbox 2241 4709 2306 4758; x_wconf 78' lang='lat'><strong>25</strong></span> <span class='ocrx_word' id='word_1_472' title='bbox 2330 4696 2475 4760; x_wconf 86' lang='lat' dir='ltr'><strong>Sept.</strong></span> 
     </span>
    </p>
   </div>
   <div class='ocr_carea' id='block_1_11' title="bbox 1342 4807 1441 4848">
    <p class='ocr_par' dir='ltr' id='par_1_14' title="bbox 1342 4807 1441 4848">
     <span class='ocr_line' id='line_1_49' title="bbox 1342 4807 1441 4848; baseline -0.02 0"><span class='ocrx_word' id='word_1_473' title='bbox 1342 4807 1441 4848; x_wconf 77' lang='lat'><strong>1²2</strong></span> 
     </span>
    </p>
   </div>
  </div>
 </body>
</html>
