3355 5380
306 368 493 453 1500]
1143 371 1250 432 ΤΟ
1303 371 1578 432 JAMES
1637 371 1863 432 BATT
2578 380 2696 434 287

295 549 483 591 nemo
515 531 651 589 toto
678 527 968 588 Londino
1005 548 1133 589 non
1172 528 1390 603 nouit;
1430 527 1674 589 habitat
1714 528 1783 588 in
1823 529 2081 590 aedibus
2115 530 2396 607 paternis
2420 531 2697 592 Eduardi

295 626 661 689 mercatoris
688 645 876 704 super
901 630 1158 704 pontem
1184 626 1669 687 Londinensem.
1749 626 1930 686 Nihil
1958 627 2147 687 refert
2174 629 2391 689 Vtrum
2420 630 2497 689 ad
2525 629 2698 690 hunc

297 727 516 787 mittas
557 745 640 785 an
688 725 766 785 ad
810 725 1119 786 Thomam
1169 726 1434 785 Morum.
1541 724 1613 785 Is
1658 724 1792 802 agit
1833 725 1904 784 in
1947 724 2209 802 collegio
2250 726 2692 789 Lincolniensi.
2729 750 2752 784 2
2759 750 2787 800 5

295 824 491 885 Miror
513 824 686 883 hunc
711 822 1067 883 Amoldum
1096 822 1215 883 tibi
1251 843 1384 883 esse
1421 822 1729 899 ignotum,
1766 841 1912 882 cum
1947 821 2165 882 literas
2200 843 2371 884 meas
2408 825 2484 885 ad
2513 825 2698 889 illum

294 923 558 1001 scriptas
595 923 674 983 ad
716 926 782 982 te
823 921 1104 982 dederim
1144 941 1255 999 per
1295 922 1637 982 facundum
1677 920 1863 981 illum
1904 921 2317 996 tabellarium,
2361 943 2473 1000 per
2509 945 2699 1002 quem

295 1020 710 1083 Laurentium
763 1019 1077 1081 miseram.
1180 1020 1261 1080 Ei
1316 1018 1646 1098 negocium
1704 1019 1995 1080 dederam
2042 1023 2112 1080 vt
2167 1019 2244 1080 de
2300 1020 2538 1082 latrone
2585 1022 2697 1084 illo

294 1125 509 1181 nostro
544 1119 999 1193 sciscitaretur;
1040 1138 1153 1178 nec
1193 1117 1303 1178 ine
1338 1118 1500 1177 mihi
1529 1117 1864 1196 quicquam
1907 1118 2248 1195 renunciat,
2281 1138 2395 1179 nec
2426 1123 2498 1180 tu
2535 1121 2699 1181 mihi

293 1217 532 1279 scribis.
617 1216 818 1294 Cupio
845 1216 1018 1276 enim
1046 1235 1189 1275 eum
1219 1216 1582 1277 furciferum
1610 1236 1740 1276 non
1768 1215 2022 1293 quidem
2048 1217 2126 1278 ad
2156 1236 2402 1278 crucem
2428 1218 2693 1297 adigere,
2723 1243 2786 1292 30

292 1316 404 1377 sed
432 1319 642 1376 tamen
669 1334 745 1374 ex
771 1314 925 1374 vrbe
949 1315 1318 1374 deterritum
1345 1314 1583 1375 eiicere.
1659 1314 1986 1375 Laurentii
2012 1314 2284 1392 reliquos
2301 1316 2513 1392 libros,
2540 1339 2698 1396 quos

287 1414 476 1492 petis,
504 1412 904 1490 Augustinus
937 1412 1056 1473 tibi
1091 1432 1224 1473 esse
1252 1414 1559 1486 affirmat3
1600 1432 1730 1473 non
1758 1413 1923 1489 quod
1961 1411 2070 1472 ille
2107 1417 2402 1490 grauetur
2427 1416 2691 1492 mittere,

287 1532 511 1572 verum
539 1511 777 1589 inspice
804 1510 956 1589 quid
987 1510 1105 1570 tibi
1132 1511 1311 1586 desit,
1343 1511 1409 1571 id
1438 1510 1736 1571 continuo
1764 1510 2078 1572 mittetur.

371 1608 550 1684 Quod
586 1609 827 1687 reliqua
853 1627 1007 1685 quae
1043 1608 1207 1686 petis
1245 1608 1364 1669 tibi
1400 1628 1532 1669 non
1568 1608 1842 1684 mittam,
1874 1609 1965 1668 mi
1994 1607 2237 1687 Iacobe,
2271 1630 2498 1689 quaeso
2532 1612 2696 1673 mihi

288 1708 587 1786 ignoscas.
675 1705 939 1766 Vtinam
979 1706 1069 1767 ita
1105 1727 1206 1768 res
1241 1707 1499 1768 haberet
1528 1711 1600 1768 vt
1635 1706 1742 1768 hic
1779 1726 1995 1767 meum
2023 1707 2296 1769 officium
2331 1709 2465 1770 iure
2493 1711 2694 1787 possis
2722 1730 2782 1780 35

286 1809 615 1884 requirere.
685 1804 1022 1865 Iustiorem
1042 1825 1234 1882 quam
1253 1805 1483 1866 vellem
1512 1825 1762 1866 causam
1788 1805 2000 1866 habeo.
2064 1805 2371 1883 Primum,
2396 1828 2694 1885 quorsum

288 1908 610 1982 tantopere
637 1904 716 1963 ad
743 1922 879 1963 rem
907 1904 1132 1963 attinet
1158 1923 1261 1963 me
1289 1904 1508 1981 longas
1532 1904 1827 1982 epistolas
1852 1904 2138 1979 scribere,
2173 1925 2319 1966 cum
2346 1909 2417 1967 tu
2445 1906 2534 1968 sis
2560 1907 2693 1985 ipse

283 2021 582 2080 praesens
609 2004 674 2061 et
701 2001 865 2076 vina,
897 2005 969 2062 vt
995 2002 1188 2076 aiunt,
1221 2022 1371 2063 voce
1397 2022 1531 2063 rem
1560 2005 1814 2063 acturus
1830 2004 1864 2063 ⁴?
1927 2002 2090 2077 Quid
2117 2023 2230 2081 ego
2252 2004 2356 2065 vel
2381 2004 2695 2067 elucubra-

284 2100 553 2161 tissimis
594 2100 796 2160 literis
834 2099 1087 2177 possim,
1129 2101 1295 2177 quod
1338 2104 1409 2161 tu
1452 2120 1739 2161 sermone
1781 2121 1909 2161 non
1951 2101 2132 2179 longe
2174 2103 2405 2163 melius
2443 2103 2646 2182 possis
2661 2107 2694 2165 ’Β

283 2201 454 2261 Tum
489 2199 547 2259 si
582 2198 855 2259 maxime
891 2199 971 2258 ad
1009 2219 1144 2258 rem
1180 2199 1541 2276 pertineret,
1574 2218 1704 2258 non
1741 2199 1943 2259 ausim
1981 2200 2240 2261 omnino
2265 2201 2691 2262 valetudinem
2718 2222 2783 2272 40

283 2298 621 2359 interdicto
668 2297 983 2356 scribendi
1030 2297 1235 2359 labore
1275 2317 1518 2359 vexare.
1608 2296 1921 2374 Expertus
1970 2298 2123 2358 noui
2165 2299 2400 2375 quanto
2442 2298 2693 2360 facilius

282 2395 545 2458 morbus
580 2396 930 2456 declinatur
961 2415 1152 2472 quam
1184 2395 1501 2457 admissus
1535 2395 1826 2469 eiicitur;
1868 2415 2057 2472 quem
2101 2416 2212 2474 ego
2248 2397 2379 2456 iam
2416 2397 2691 2458 nimium

282 2494 454 2554 notis
493 2494 882 2572 argumentis
916 2494 1317 2572 adrepentem
1359 2494 1577 2554 senti0.
1663 2495 1750 2555 Et
1786 2513 1942 2572 opus
1968 2493 2355 2572 Adagiorum
2384 2500 2691 2572 quantum

280 2612 543 2671 possum
582 2611 756 2670 paro,
792 2592 1014 2653 statim
1054 2595 1197 2670 post
1234 2592 1491 2666 Pascha,
1531 2594 1604 2653 vt
1644 2611 1842 2669 spero,
1876 2592 2344 2669 euulgandum3
2387 2612 2562 2669 opus,
2601 2594 2692 2653 in-

280 2712 489 2770 quam,
535 2712 738 2769 neque
791 2690 978 2752 breue
1017 2694 1083 2751 et
1124 2690 1365 2752 infiniti
1418 2690 1666 2751 laboris
1755 2690 2136 2769 collegimus
2178 2690 2347 2751 enim
2387 2690 2515 2751 fere
2555 2712 2690 2769 pro·
2714 2711 2777 2760 45

280 2791 499 2851 uerbia
522 2790 900 2867 octingenta,
931 2790 1163 2867 partim
1185 2790 1432 2865 Graeca,
1465 2789 1701 2867 partim
1724 2789 1951 2850 Latina
1974 2812 1990 2864 3
2031 2790 2113 2866 id,
2141 2789 2196 2849 si
2216 2788 2547 2864 videbitur,
2579 2794 2689 2851 tuo

280 2888 580 2966 Adolpho
607 2888 1123 2965 nuncupabimus.

364 2989 542 3064 Quod
585 2989 665 3048 ad
709 2988 1047 3048 Dominam
1091 3005 1384 3065 properas
1427 2986 1683 3063 gaudeo,
1728 2985 2096 3064 praesertim
2138 2987 2432 3059 vocatus;
2485 3005 2687 3063 neque

277 3086 503 3147 dubito
546 3087 700 3165 quin
742 3105 881 3146 mea
922 3105 1106 3146 causa
1145 3083 1379 3161 partim
1420 3087 1483 3145 te
1511 3085 1864 3159 vocauerit3
1912 3104 2048 3145 rem
2088 3084 2262 3144 enim
2294 3103 2547 3144 omnem
2587 3082 2687 3143 illi

278 3185 450 3246 male
474 3185 712 3245 Gallice
739 3183 1226 3262 perscripsimus.
1316 3182 1784 3244 sustinebimus
1812 3182 2005 3261 igitur
2032 3202 2150 3243 nos
2173 3182 2375 3243 adhuc
2402 3201 2685 3243 mensem
2713 3200 2776 3250 50

274 3303 419 3344 aere
445 3283 663 3360 alieno,
691 3284 887 3344 donec
912 3282 1026 3343 abs
1053 3285 1115 3342 te
1143 3282 1293 3343 boni
1314 3281 1634 3359 quippiam
1667 3281 2022 3354 adferatur3
2062 3280 2345 3358 alioquin
2373 3280 2497 3358 ipsi
2521 3280 2686 3341 istuc

277 3382 675 3443 redissemus.
750 3382 971 3457 Indue,
999 3400 1241 3458 quaeso,
1275 3380 1367 3441 mi
1396 3379 1598 3450 Batte‚
1625 3383 1906 3441 veterem
1932 3379 2117 3440 illum
2144 3380 2432 3440 animum
2462 3382 2644 3441 tuum
2667 3400 2685 3455 ς

274 3481 410 3542 scio
451 3484 516 3541 te
556 3479 721 3540 nihil
761 3499 889 3540 non
944 3479 1385 3556 perfecturum,
1430 3478 1485 3538 si
1526 3477 1716 3538 modo
1755 3477 2073 3538 annitaris.
2162 3478 2287 3539 Sed
2327 3497 2526 3538 vnum
2566 3476 2686 3537 hoc

274 3580 438 3640 mihi
477 3579 550 3639 in
586 3581 652 3638 te
686 3577 990 3655 displicet,
1023 3577 1189 3653 quod
1214 3580 1617 3655 posteaquam
1655 3595 1732 3637 ex
1759 3574 1995 3653 Anglia
2019 3574 2137 3635 tibi
2173 3574 2369 3636 semel
2395 3575 2684 3636 fictitiam

272 3677 608 3756 epistolam
635 3675 1012 3754 scripsimus,
1044 3677 1115 3735 tu
1145 3674 1356 3734 omnia
1382 3693 1420 3734 a
1445 3673 1630 3734 nobis
1657 3673 1812 3752 fingi
1839 3677 2041 3752 putas.
2117 3673 2489 3750 Quanquam
2517 3673 2587 3733 in
2614 3693 2685 3734 ea
2709 3686 2772 3737 55

269 3775 541 3856 epistola
568 3794 756 3852 quam
791 3776 864 3835 tu
900 3774 1046 3833 ficte
1082 3772 1383 3850 scriptam
1420 3771 1763 3846 arbitraris,
1796 3772 2029 3833 moriar
2055 3771 2111 3831 si
2138 3772 2473 3848 quicquam
2504 3771 2676 3831 finxi.

271 3876 483 3951 Quare
524 3872 722 3933 abiice
769 3872 959 3932 istam
1003 3870 1078 3930 de
1127 3870 1312 3931 nobis
1360 3869 1742 3948 opinionem,
1786 3873 1852 3932 et
1896 3889 2044 3930 caue
2088 3869 2423 3947 quicquam
2471 3870 2684 3930 credas

268 3994 308 4034 a
334 3971 540 4046 nobis,
575 3972 740 4049 apud
772 3974 834 4031 te
860 3968 1242 4048 praesertim,
1275 3989 1407 4029 non
1433 3989 1596 4044 vere,
1629 3988 1759 4029 non
1787 3988 1863 4029 ex
1897 3968 2111 4028 animo
2139 3968 2346 4029 scribi.

355 4072 474 4133 nst
506 4069 669 4131 mihi
705 4068 776 4129 in
812 4067 1023 4128 animo
1060 4068 1177 4128 hoc
1212 4066 1498 4129 absoluto
1535 4087 1717 4145 opere
1752 4068 1831 4127 ad
1870 4066 2188 4145 dialogum
2226 4065 2678 4127 absoluendum

336 4298 417 4346 25.
489 4281 895 4346 Lincolniensi]
978 4281 1125 4330 More
1202 4281 1428 4331 entered
1527 4283 1624 4332 the
1648 4286 1844 4342 Adam’a
1864 4281 2104 4345 actually
2125 4279 2413 4330 contained
2437 4280 2551 4328 818.

266 4349 547 4402 Lincoln’s
600 4349 714 4398 Inn
767 4362 838 4396 on
889 4362 948 4395 12
992 4348 1116 4397 Feb.
1172 4350 1314 4411 1496,
1366 4360 1422 4394 11
1590 4362 1671 4409 47.
1710 4346 1988 4411 Adelpho]
2023 4346 2122 4396 See
2144 4346 2243 4409 ΕΡ.
2274 4360 2380 4407 123.
2405 4360 2479 4405 14.

264 4418 466 4480 ΗΘΜ-γ
484 4429 583 4465 vn.
1591 4414 1671 4475 48.
1709 4413 1780 4462 ad
1802 4411 2117 4476 Dominam]
2146 4411 2388 4474 Perhaps
2409 4414 2465 4459 to
2487 4410 2671 4461 Veere.

334 4499 415 4546 34.
450 4496 593 4544 quae
614 4479 757 4544 petis
808 4478 887 4528 Cf.
913 4478 1008 4540 Ep.
1037 4479 1144 4528 128.
1172 4492 1218 4526 1.
1591 4492 1673 4541 54.
1709 4478 1987 4543 fictitiam]
2022 4477 2101 4528 Cf.
2125 4478 2222 4540 ΕΡ.
2253 4478 2365 4526 108.
2395 4491 2488 4536 104
2506 4490 2562 4524 n.

335 4563 416 4606 41.
457 4547 752 4596 interdicto
802 4545 882 4594 cf.
911 4544 1008 4606 ΕΡ.
1041 4546 1151 4593 126.
1179 4558 1252 4594 11.
1592 4559 1673 4607 59.
1712 4544 2007 4607 dialogum]
2043 4543 2235 4592 Either
2255 4543 2349 4591 the
2364 4543 2676 4591 Antibarbari

333 4630 417 4674 4⁴·
457 4610 687 4675 Pascha]
731 4624 792 4671 19
814 4610 974 4671 April
1002 4623 1146 4670 1500.
1527 4609 1654 4673 (Ep.
1692 4612 1779 4672 30)
1820 4624 1882 4658 or
1917 4608 2015 4657 the
2055 4611 2392 4668 colloquiorum
2428 4609 2675 4656 For-malm

329 4681 411 4739 46.
446 4676 787 4741 octingenta]
829 4675 944 4724 'Phe
976 4674 1093 4724 first
1125 4673 1338 4725 edition
1372 4674 1433 4723 of
1528 4676 1652 4740 (Ep.
1686 4691 1794 4737 130.
1819 4673 2000 4737 φα).
